2992 5258
150 436 212 502 286
355 430 428 485 Petri
445 428 479 484 de
496 428 673 484 Mladenowie
690 427 785 482 relatio
804 427 837 481 de
855 426 884 480 bl
910 427 926 480 J
931 466 936 480 .
954 424 1012 480 Hus
1030 434 1130 479 musa:

151 635 198 701 sie
219 638 398 716 ponuntur3
421 639 454 698 et
487 649 563 712 ergo
586 630 639 711 qui
667 630 700 694 in
722 630 822 695 forma
843 634 1005 711 ponuntur
1024 627 1058 693 in
1078 626 1162 692 libro
1184 625 1253 707 ejus
1276 623 1343 690 ori·

150 735 255 817 ginali,
286 734 395 799 estin
421 733 563 812 margine
593 732 677 796 circa
704 731 775 795 illos
798 731 955 809 signatum
985 731 1082 807 „eat;“
1113 725 1166 807 qui
1187 742 1264 790 vero
1291 722 1345 788 vel

150 837 184 900 in
216 834 370 916 principio
404 833 454 897 rel
487 833 517 897 in
550 831 613 896 fine
638 831 690 895 vel
715 831 818 895 medio
848 828 1004 894 immutati
1034 832 1124 904 sunt,
1158 825 1244 891 eirea
1270 823 1344 889 illos

150 935 279 1016 ponitur
307 935 350 998 in.
361 934 521 1013 margine:
544 931 682 1008 ,nonin
702 930 830 994 lorma“

326 1113 456 1183 „Articuli
473 1113 587 1167 extracti
604 1112 637 1166 de
655 1117 773 1166 bacatu
789 1110 827 1164 M.
845 1110 871 1164 J.
888 1109 948 1163 Huc
965 1108 999 1162 de
1016 1106 1166 1163 Ecclesia.“

250 1237 277 1295 1.
303 1235 429 1293 Tantam
454 1250 519 1291 aaa
546 1236 591 1291 est
618 1233 722 1290 saracin
743 1229 922 1289 saraiaersalis
942 1227 1074 1299 eeclesia,
1096 1244 1171 1302 quae
1191 1229 1236 1287 esi
1249 1242 1344 1299 prae-

150 1337 361 1396 destinatorum
385 1332 571 1403 universitas,
596 1330 749 1413 (capitulo
779 1330 811 1393 1⁰
837 1334 870 1393 et
892 1325 928 1392 2⁰
957 1328 990 1391 in
1012 1324 1193 1410 principio.)
1235 1328 1344 1394 Error.

144 1453 203 1510 pro
231 1439 339 1510 quanto
361 1433 473 1503 asserit,
493 1433 570 1492 sicam
596 1433 757 1502 classiarii,
778 1433 872 1490 solam
892 1431 1111 1490 universimiem
1131 1429 1343 1502 praedestina-

152 1540 247 1596 ioram
268 1551 328 1594 esse
349 1535 483 1591 sanciam
502 1533 697 1591 mraioersalem
718 1532 878 1592 ecclesiam.

250 1633 333 1697 Eece
362 1631 407 1695 sic
434 1630 565 1712 ponitur
593 1630 626 1694 in
657 1628 804 1710 originali
831 1628 938 1693 libello
966 1626 1006 1691 de
1028 1627 1186 1707 manufbl.
1209 1626 1345 1692 loannis

151 1733 221 1799 Hos
242 1732 361 1813 scripto
384 1731 445 1796 iste
468 1729 576 1795 etalii
599 1735 787 1810 sequentes:

250 1833 405 1905 „Ecclesia
425 1837 524 1890 eutem
545 1837 647 1889 saneta
668 1829 827 1901 catholiea,
849 1830 869 1888 i.
892 1847 917 1888 e.
939 1830 1124 1906 universalis,
1147 1835 1196 1889 est
1215 1831 1345 1889 omnium

149 1933 432 2007 praedestinatorum
453 1931 637 2000 universitas,
659 1947 733 2004 quae
755 1938 803 1990 est
825 1947 926 1990 omues
948 1932 1171 2003 praedestinati,
1193 1946 1342 2003 praesen·

149 2041 204 2104 tes,
224 2033 377 2105 praeteriti
398 2038 429 2090 et
449 2030 546 2089 futuri.
579 2031 666 2089 Patet
686 2032 744 2090 ista
765 2032 912 2090 sententia
933 2047 987 2103 per
1008 2033 1125 2090 beatum
1145 2031 1342 2104 Augustinnm

74 2164 80 2180 ι
149 2150 239 2206 snper
270 2134 401 2204 Joanne,
430 2132 483 2190 sub
513 2133 595 2204 cujus
625 2131 770 2189 sententia
791 2135 822 2189 et
843 2132 1016 2190 auctoritate
1039 2134 1094 2188 32⁸
1114 2149 1142 2205 q.
1163 2136 1190 2202 4,
1214 2133 1343 2204 capitulo

152 2232 341 2306 „Recurrat“,
362 2229 493 2300 habetur,
516 2230 659 2303 quomodo
673 2230 774 2289 eadem
787 2232 915 2289 eeclesia
936 2232 1220 2303 praedestinatorum
1242 2250 1343 2292 curre,

150 2334 201 2393 bat
221 2348 240 2393 a
260 2330 357 2389 mundi
388 2329 509 2388 exordio
531 2346 622 2402 nsque
644 2329 683 2388 ad
716 2331 881 2402 apostolos,
910 2338 940 2391 et
960 2333 1066 2392 abhinc
1090 2349 1183 2406 usque
1205 2333 1243 2392 ad
1267 2335 1344 2394 diem

146 2431 258 2507 jndieii.
282 2431 356 2489 Nam
379 2430 467 2488 dicit:
496 2430 640 2498 Ecclesia,
664 2446 738 2502 quae
761 2434 878 2505 peperit
899 2433 975 2492 Abel
997 2440 1027 2492 et
1047 2434 1150 2493 Enoch
1173 2439 1203 2493 et
1223 2433 1290 2493 Noe
1313 2441 1347 2496 et

152 2532 308 2602 Abraham,
330 2531 398 2604 ipsa
419 2531 534 2604 peperit
548 2530 675 2603 Moysen
689 2537 720 2589 et
739 2531 900 2603 propbetas
915 2538 1046 2605 tempore
1068 2534 1252 2606 posteriores
1274 2541 1341 2595 ante

150 2634 260 2693 domini
281 2632 448 2703 adventum3
469 2637 499 2690 et
520 2632 686 2704 quaeistos,
708 2631 774 2703 ipsa
794 2633 947 2704 apostolos
970 2641 1000 2693 et
1014 2640 1158 2708 martyres
1160 2631 1301 2714 {nostros
1313 2640 1345 2694 et

151 2748 254 2793 omnes
276 2733 370 2792 bonos
393 2731 583 2793 Christianos.
628 2730 735 2790 Omnes
757 2733 834 2791 enim
855 2733 989 2805 peperit,
1012 2735 1060 2807 qni
1083 2735 1207 2794 diversis
1228 2741 1342 2808 tempo·

150 2834 232 2894 ribus
255 2833 316 2893 nati
342 2839 553 2905 apparuerunt,
586 2833 639 2892 sed
673 2833 813 2892 societate
842 2836 926 2892 nnius
956 2835 1057 2908 populi
1084 2836 1285 2906 eontinentur,
1314 2841 1345 2896 et

151 2934 284 3008 ejusdem
316 2932 442 2993 civitatis
475 2932 554 2992 cives
586 2932 705 2992 labores
737 2933 823 3006 huJ’us
855 2936 1099 3008 peregrinationis
1128 2937 1245 3008 experti
1277 2941 1345 2995 snut

153 3040 184 3092 et
206 3033 323 3106 quidam
343 3048 421 3090 nnnc
447 3031 636 3104 experiuntur
657 3038 687 3091 et
715 3050 806 3107 usque
832 3035 864 3092 in
888 3032 976 3094 finem
1004 3036 1096 3095 ceteri
1124 3037 1341 3109 experientur.“

251 3184 280 3240 2.
302 3178 386 3241 Sicci
405 3178 529 3241 Paulus
555 3200 714 3261 mammeam
738 3184 800 3257 fait
825 3185 981 3243 menbrum
1009 3185 1130 3256 diaboli,
1152 3186 1221 3246 licei
1238 3184 1345 3261 feeerit

55 3277 57 3280 ⁴
151 3282 297 3357 quosdam
328 3284 412 3342 aetas
439 3282 553 3341 actibus
579 3284 718 3342 ecelesiae
737 3284 963 3357 malignantium
996 3286 1168 3354 eclesiatica,
1203 3287 1345 3348 simiiiter

150 3381 272 3453 Petras,
300 3382 352 3456 qui
375 3382 409 3442 in
432 3399 522 3456 pram
550 3382 655 3442 insidii
675 3384 845 3457 pcrjtrriam
866 3402 900 3445 ea
925 3387 1121 3459 permissione
1152 3387 1275 3457 domimi,
1306 3391 1345 3449 at

150 3483 261 3556 fortias
281 3485 459 3556 resurgerem
480 3478 548 3564 (ca⁰
568 3481 617 3546 III
637 3480 684 3563 ff.)

251 3580 341 3646 Sicut
360 3580 490 3662 ponitur
511 3579 601 3658 infra,
624 3588 688 3647 stat
709 3581 743 3647 in
763 3583 864 3648 lorma
884 3583 917 3648 in
938 3584 1019 3649 libro
1040 3586 1201 3667 magistri:

250 3682 326 3741 Nam
346 3684 377 3740 in
398 3688 522 3755 peccata
555 3683 638 3753 talia,
668 3690 701 3742 ut
721 3685 793 3743 dicit
814 3688 1008 3759 Augustinus,
1038 3690 1157 3761 expedit
1178 3693 1344 3762 praedesti·

150 3788 235 3842 natos
257 3783 397 3841 incidere.
441 3783 482 3843 Et
502 3789 585 3856 patet
613 3802 649 3844 ex
670 3785 731 3857 his,
764 3788 841 3860 quod
869 3788 976 3860 duplex
998 3796 1044 3848 est
1072 3789 1177 3850 divisio
1200 3808 1220 3851 a
1240 3799 1343 3853 seuere

152 3882 293 3942 eeclesia:
312 3883 463 3955 primaest
483 3885 717 3961 indeperdibilis,
740 3886 865 3959 qualiter
875 3904 975 3948 omnes
990 3890 1132 3961 praesciti
1153 3890 1191 3949 ab
1214 3891 1342 3953 ecclesie

153 3988 221 4042 runt
242 3984 343 4056 dirisi3
367 3982 414 4041 2⁶⁸
427 3984 628 4057 deperdibilis,
651 3987 777 4059 qualiter
796 3989 881 4047 etiam
897 3990 987 4062 aliqui
1000 3989 1143 4049 haeretici
1162 4005 1220 4062 per
1239 4007 1342 4064 pereae

152 4088 212 4143 trmr
233 4083 417 4168 deperdibile
439 4085 477 4144 ab
498 4086 564 4157 ipsa
586 4087 712 4146 ecelesia
733 4092 801 4146 sont
829 4088 931 4161 divisi;
952 4095 1077 4161 possunt
1096 4094 1196 4149 tanim
1217 4088 1344 4163 perdel

151 4185 275 4256 matiam
301 4187 457 4258 pervenire
487 4187 524 4245 ad
553 4187 629 4245 ovile
659 4187 768 4247 domini
797 4189 869 4247 Jesu
898 4189 1015 4249 Christi
1058 4189 1103 4248 De
1132 4189 1245 4251 talibm
1272 4190 1344 4252 dicit

150 4283 416 4356 ipseloan.10⁰:
445 4286 528 4345 Alias
555 4303 626 4346 ores
655 4288 763 4360 babeo,
786 4304 860 4360 quae
889 4305 948 4348 non
970 4295 1037 4348 sunt
1064 4304 1100 4348 ex
1120 4288 1178 4349 boc
1206 4291 1294 4367 erili,
1313 4295 1344 4351 et

151 4382 219 4441 illae
240 4389 358 4455 oportet
388 4401 435 4444 me
456 4386 619 4457 adducere,
641 4394 671 4446 et
690 4404 792 4447 rocem
824 4405 918 4448 meam
939 4389 1071 4461 audient,
1102 4396 1132 4448 et
1153 4386 1227 4452 fient
1256 4408 1340 4453 uum

156 4482 231 4540 ovile
254 4490 284 4542 et
304 4501 377 4544 unus
399 4493 510 4557 pastor.
551 4487 592 4547 Et
621 4488 764 4561 probatur
791 4489 900 4548 ibidem
928 4507 981 4562 per
1006 4491 1122 4550 beatum
1149 4492 1341 4567 augustinum

158 4597 247 4657 super
274 4584 358 4645 Joau.
382 4581 436 4645 11⁰
464 4605 552 4661 super
573 4589 624 4648 illo
646 4589 754 4665 verbo,
782 4597 815 4651 ut
835 4587 912 4650 filios
934 4592 1001 4665 dei,
1031 4590 1080 4667 qui
1103 4597 1187 4655 erant
1207 4594 1342 4671 dispcrsi,
