2992 5258
613 379 728 434 Articuli
746 381 809 434 anni
828 381 901 435 1409.
1299 386 1359 452 167

157 585 270 646 contra
285 598 363 648 vero
379 582 505 665 quidam
520 583 712 650 laudabilem
728 585 990 650 consuetudinem
1006 604 1084 666 erga
1104 594 1246 652 sanctam
1258 588 1357 654 eccle·

157 682 236 749 siam
248 685 302 765 pia
317 684 456 751 fidelium
467 685 636 751 devotione
648 686 861 752 introductam
874 706 913 751 ex
925 686 1082 752 fermento
1095 687 1274 754 haereticae
1286 708 1358 770 pra-

157 786 266 852 vitatis
282 787 395 851 nititur
416 786 591 866 infringere
613 787 671 852 sub
693 794 861 870 praetextu
878 787 1048 852 canonicae
1064 787 1227 869 pietatis;“
1254 790 1357 854 etbe-

156 889 281 969 quitur:
318 894 533 969 „quapropter
555 905 668 968 pravas
691 888 873 953 exactiones
900 886 969 953 lieri
992 888 1211 970 prohibemus,
1234 897 1267 954 et
1289 891 1358 971 pias

156 987 407 1053 consuetudines
428 988 640 1069 praecipimus
663 989 835 1066 observari,
859 995 1047 1069 statuentes,
1078 995 1115 1054 ut
1135 989 1236 1054 libere
1253 990 1358 1055 conf-

156 1098 270 1156 rautnr
293 1090 512 1156 ecclesiastica
540 1099 746 1170 sacramenta,
771 1091 829 1155 sed
852 1110 910 1173 per
932 1091 1116 1173 episcopum
1139 1089 1200 1156 loci
1222 1091 1358 1156 veritate

156 1191 287 1273 cognita
315 1200 573 1274 compescantur,
605 1193 658 1272 qui
686 1191 843 1261 malitiose
878 1192 1069 1257 laudabilem
1098 1191 1358 1257 consuetudinem
1456 1238 1460 1251 ,

156 1293 326 1357 immutare
348 1292 522 1357 nituntur.“

261 1393 405 1474 Ocnum
431 1391 563 1456 sollicite
587 1394 651 1454 iata
677 1395 769 1455 amba
792 1393 968 1456 Innocentii
988 1394 1165 1475 macipiant
1186 1400 1214 1455 et
1229 1411 1358 1474 praeco·

158 1494 289 1557 micant!
314 1493 378 1557 Sed
408 1494 489 1576 meod
511 1494 587 1556 dicit
609 1494 812 1556 Innocentiam
834 1496 860 1558 I.
883 1515 910 1576 q.
933 1492 979 1557 3.:
1003 1494 1058 1576 „Si
1079 1496 1147 1576 otiis
1163 1493 1360 1576 praebendae

143 1597 209 1659 *uel
230 1597 414 1677 prioratum
445 1614 499 1658 aete
530 1595 718 1657 decanatu-m
740 1594 788 1657 vel
805 1597 1034 1676 promotionem
1056 1595 1198 1677 aliquam
1218 1593 1357 1658 ecclesia-

158 1699 285 1773 aticum,
306 1717 360 1760 aera
382 1696 537 1778 quodlibet
562 1692 799 1768 sacramentum
820 1698 1066 1777 eeclesiasticam,
1089 1707 1125 1760 nt
1143 1706 1223 1778 pata
1244 1699 1360 1761 mama

158 1798 207 1861 oei
226 1799 327 1862 oleum
341 1808 485 1863 ranetam
500 1807 528 1861 ct
542 1800 787 1862 amaseorationer
801 1800 956 1861 altarium
977 1797 1025 1861 uel
1037 1799 1244 1867 ecclesiaram.
1261 1800 1358 1861 intern

159 1899 615 1964 ienienteereearadiliardore
628 1901 793 1978 avaritiae,
818 1901 910 1981 (per)
918 1902 1088 1982 pecaniam
1109 1902 1281 1982 acateioioit,
1303 1902 1357 1963 bo·

159 2022 235 2064 nore
248 2002 334 2064 maie
355 2003 505 2082 acquirite
526 2010 642 2075 eareat,
664 2010 692 2063 at
707 2009 806 2063 antor
831 2009 923 2081 atque
947 2002 1091 2063 uenditor
1105 2010 1183 2064 nota
1203 2002 1360 2079 infamiae

159 2101 385 2184 percellantur,
414 2110 442 2164 et
463 2123 518 2165 nec
533 2123 596 2178 pro
613 2111 721 2183 pasta,
744 2122 799 2164 nea
819 2106 875 2165 aad
898 2105 1021 2165 obtenta
1043 2103 1179 2187 aiimjao
1200 2107 1357 2164 commicta-

162 2203 247 2265 dinia
266 2211 341 2264 ante
354 2201 401 2265 uel
415 2202 622 2284 pantalionis
642 2204 797 2285 emautur,
820 2203 868 2264 nel
882 2204 949 2284 ipae
963 2203 1042 2266 dare
1051 2209 1250 2285 praearmat,
1265 2222 1359 2284 qnam

160 2306 367 2368 simoniacum
388 2313 449 2378 eat,
478 2305 534 2367 aad
554 2305 780 2385 liberandoque
801 2305 1011 2367 diminutione
1031 2306 1139 2386 aliqua
1160 2303 1277 2368 collata
1297 2303 1358 2365 ribi

162 2406 317 2490 dianitrrta
337 2414 429 2488 etatae
449 2407 591 2489 beneficio
609 2407 829 2487 pcrsmrotar.“
857 2407 949 2469 Haec
969 2407 1181 2472 Innocentius.

256 2509 339 2574 Item
363 2510 493 2591 ponitur
514 2515 547 2573 et
569 2515 620 2573 est
640 2508 809 2586 notorium,
832 2508 917 2588 qnod
939 2509 1137 2590 praedictum
1160 2528 1302 2576 errorem
1318 2512 1358 2577 de

162 2618 429 2676 sacramentorum
450 2609 684 2674 ministratione
707 2617 740 2674 et
761 2609 926 2675 exactione
948 2628 1012 2675 non
1035 2610 1277 2691 distinguendo,
1300 2614 1356 2679 sed

162 2711 346 2792 simpliciter
367 2713 401 2777 in
420 2711 506 2777 iacta
526 2710 647 2792 synodo
670 2729 732 2776 non
755 2719 805 2777 est
827 2712 949 2777 veritus
971 2711 1167 2793 praedicare,
1191 2713 1356 2780 inferendo

164 2820 192 2876 ct
223 2812 397 2878 asserendo
425 2829 534 2878 omnes
560 2812 632 2877 illos
660 2813 859 2891 haereticos,
892 2814 946 2894 qui
972 2812 1091 2894 aliquid
1120 2813 1252 2893 exigunt
1273 2814 1357 2883 eirca

164 2912 424 2979 ministrationem
446 2920 731 2991 sacramentorum,
755 2913 828 2994 quia
849 2913 925 2979 licet
946 2913 1029 2977 actio
1051 2913 1091 2978 de
1113 2912 1174 2979 hoe
1187 2933 1250 2979 non
1273 2935 1357 2981 com·

166 3019 247 3093 petat
268 3014 379 3093 alicui,
409 3020 515 3079 tamen
538 3011 641 3078 officio
660 3012 776 3092 judicis
814 3013 886 3078 laici
909 3013 1030 3078 debent
1052 3014 1196 3096 compelli
1221 3016 1261 3079 ad
1282 3035 1356 3082 con·

166 3113 344 3180 suetudincs
367 3116 453 3181 circa
474 3115 550 3180 talia
564 3114 758 3191 observatae,
781 3115 871 3178 utin
894 3113 979 3179 dicto
1003 3116 1140 3196 capitulo
1157 3116 1205 3181 Ad
1228 3126 1356 3200 aposto·

166 3210 258 3279 licam.

256 3315 294 3378 Si
314 3317 350 3378 in
371 3315 493 3398 synodo
504 3316 628 3397 aliquid
645 3315 832 3396 praedicavi
846 3316 976 3391 mona,
1000 3334 1096 3395 qaaere
1117 3316 1226 3378 doctor
1240 3319 1356 3399 Adam,

168 3415 295 3479 citarier
327 3423 401 3479 tane
431 3417 467 3478 in
497 3416 732 3497 spiritualiora,
766 3416 877 3479 atatim
895 3415 1067 3478 ascendent
1083 3424 1157 3497 poet
1184 3438 1357 3481 sermonem

168 3533 275 3593 meum,
297 3517 377 3597 fecit
397 3517 653 3595 cohortationem,
678 3515 817 3580 modone
834 3537 894 3597 per
916 3518 1025 3606 omnia
1046 3538 1219 3581 sermonem
1241 3522 1360 3583 mmm?

168 3615 208 3677 El
219 3618 312 3681 iilum
331 3602 504 3681 sermonem
519 3618 593 3680 dedi
608 3618 654 3681 D.
676 3617 836 3700 denconi
851 3625 924 3681 tuno
946 3620 1186 3701 archiepiscopo,
1210 3623 1262 3701 qni
1275 3622 1356 3684 aedit

169 3716 317 3779 audiendo
337 3711 519 3793 ammonem,
542 3728 570 3782 et
592 3740 763 3800 numanam
785 3720 864 3782 mibi
884 3722 1009 3782 'cmdaem
1032 3721 1124 3801 dicit,
1146 3742 1201 3784 nec
1221 3723 1272 3784 ani
1287 3724 1355 3804 offi-

170 3815 261 3892 n'alea,
284 3839 339 3882 nea
359 3818 476 3901 aliquia
494 3821 721 3901 praelatorum.

257 3920 338 3985 Item
370 3921 518 4002 ponitur,
549 3920 632 4003 qnod
662 3921 847 4002 praedicare
877 3921 1003 4003 publice
1025 3940 1088 3986 non
1112 3923 1248 3998 erubuit,
1272 3924 1356 4003 qnod

172 4013 353 4087 willeberc
367 4021 541 4087 catholicus
556 4021 677 4100 doctor,
694 4026 727 4086 et
747 4021 860 4085 vellem
883 4021 966 4103 quod
990 4023 1095 4086 anima
1108 4040 1178 4088 mea
1199 4022 1243 4086 ibi
1259 4031 1355 4103 esset,

172 4116 216 4183 nbi
245 4126 295 4186 est
327 4120 444 4204 ipsius3
478 4140 548 4186 cum
581 4128 686 4187 tamen
719 4121 862 4202 magistri
896 4122 936 4185 de
958 4121 1166 4187 universitate
1189 4122 1356 4189 Boimicae

173 4221 296 4286 radonis
318 4221 570 4286 condemnarunt
585 4239 660 4287 suos
682 4221 833 4287 articulos
855 4221 949 4299 XLV,
973 4221 1035 4287 imo
1059 4228 1091 4286 et
1113 4220 1207 4285 sedes
1228 4229 1356 4303 aposto·

175 4313 222 4385 lica
242 4319 462 4387 condemnarit
482 4323 635 4387 articulos
657 4340 740 4387 suos.

261 4420 440 4485 malatina
451 4424 485 4484 in
493 4415 640 4486 Bomnieo
652 4423 753 4485 nertio
765 4426 837 4485 bene
849 4423 957 4494 dicere,
970 4423 1034 4484 niai
1046 4422 1172 4483 dicatur
1190 4419 1353 4504 „obeengi;“

177 4518 198 4576 ri
221 4530 320 4583 nutem
347 4522 475 4585 dicator
505 4519 739 4604 „irieatanalegif
764 4527 837 4585 tnnc
857 4522 926 4585 dico
948 4530 975 4584 et
998 4522 1084 4600 dini,
1111 4520 1193 4601 quod
1224 4521 1355 4604 Wkiaffi

179 4625 204 4676 bl
215 4642 306 4704 opero,
314 4624 384 4708 snit
399 4627 496 4687 banaa
508 4625 710 4698 christianae,
722 4631 751 4686 et
765 4643 864 4706 spero,
880 4622 962 4705 meod
976 4631 1021 4685 eat
1032 4625 1067 4685 in
1081 4643 1177 4707 reqno
1191 4621 1355 4689 coctorum.
