2992 5258
435 425 585 467 educere
601 407 675 477 apud
692 407 791 463 frames
807 408 937 464 Minores.
971 408 1013 463 ot.
1029 409 1071 463 db.
1291 413 1350 477 107

149 618 265 696 Primo,
296 614 381 696 qnod
402 615 436 678 in
457 612 629 683 audientiis
652 610 786 693 privatis
808 610 901 676 valde
923 609 1040 689 nrnrltis,
1071 616 1183 692 postea
1204 611 1237 675 in
1259 612 1349 677 andi-

149 716 246 784 enn’is
268 715 395 784 concilii
416 713 568 797 publicis,
603 716 802 794 protestatus
823 729 909 791 sum,
942 731 992 776 me
1014 711 1096 776 vello
1118 711 1232 794 subjici
1252 712 1349 779 infor-

149 817 282 884 mationi
303 823 338 883 et
359 814 537 894 mechom,
560 812 755 881 revocationi
780 820 816 877 et
836 830 967 894 poenae,
996 804 1101 893 docto,
1123 811 1216 894 quud·
1230 811 1349 894 aliquid

149 918 348 1004 scripserim,
381 914 557 995 docuerim,
592 914 642 981 vel
671 914 703 980 in
732 914 940 994 responsione
971 912 1120 994 dixerim,
1154 913 1239 995 quod
1267 914 1351 981 foret

149 1018 345 1086 contrarium
367 1014 505 1082 verimi.
527 1014 667 1095 Etonia
692 1013 842 1079 doctores
862 1012 1102 1095 quinquaginta,
1124 1021 1160 1080 ut
1181 1015 1244 1097 ipsi
1266 1015 1350 1082 dice·

154 1122 238 1199 bunt,
261 1116 407 1200 deputati
428 1135 448 1183 a
469 1114 612 1195 concilio,
635 1114 763 1195 saepius
785 1132 805 1178 a
824 1130 876 1177 me
900 1113 1088 1195 reprehensi
1111 1115 1151 1180 de
1173 1114 1253 1181 falsa
1272 1116 1350 1183 arti·

152 1221 294 1287 culorum
316 1217 528 1294 emunctione,
557 1217 653 1281 etiam
675 1215 708 1279 in
730 1213 857 1298 publica
878 1214 1004 1281 concilii
1026 1215 1203 1295 audentia,
1233 1216 1350 1283 nudam

151 1323 307 1406 privatam
328 1318 499 1387 voluerunt
520 1316 596 1383 dare
620 1316 884 1395 informationem,
906 1315 969 1381 imo
992 1334 1052 1382 nec
1067 1334 1190 1392 mecum
1205 1317 1350 1383 conferre

153 1423 317 1499 uolebant,
348 1419 507 1487 dicentes:
550 1418 616 1499 ,Tu
644 1417 743 1482 debes
774 1423 861 1483 stare
890 1415 1043 1483 decisioni
1074 1417 1238 1498 concilii“;
1265 1419 1349 1499 quod

156 1523 334 1602 concilium,
354 1521 428 1588 dnm
447 1520 479 1584 in
494 1519 622 1602 publica
637 1517 799 1583 insidiantia
813 1516 1008 1584 adducebam
1024 1520 1216 1601 scripturam
1232 1517 1350 1585 Christi

156 1625 205 1690 rel
226 1627 411 1689 sanctorum
434 1620 612 1698 doctorum,
637 1619 757 1683 selme
779 1616 985 1697 deridebant,
1009 1618 1058 1684 vel
1080 1637 1131 1683 me
1152 1619 1234 1686 male
1255 1619 1347 1686 intel·

155 1726 253 1806 ligere
271 1722 428 1796 dicebant
449 1727 484 1786 et
504 1720 654 1789 doctores
676 1737 726 1784 me
746 1719 991 1801 impertinenter
1026 1721 1167 1800 allegare
1192 1719 1349 1787 dicebant.

157 1824 287 1904 Quidam
315 1828 422 1889 autem
450 1820 620 1886 cardinalis
649 1837 817 1902 supremus
847 1819 971 1885 concilii
994 1827 1029 1885 et
1055 1841 1074 1886 a
1096 1821 1230 1888 concilio
1252 1822 1350 1902 depu-

157 1934 249 2005 tatus,
279 1924 313 1989 in
341 1922 468 2005 publica
496 1920 671 2000 audientia,
703 1927 835 2003 accepta
862 1939 924 1986 una
954 1921 1073 2000 charta,
1107 1921 1202 1988 dixit:
1248 1920 1351 2001 ,Ecce

155 2045 232 2092 unns
254 2025 407 2106 magister
430 2041 539 2089 sacrae
570 2022 750 2104 theologiae
785 2024 1002 2105 praesentavit
1028 2023 1104 2088 mihi
1128 2030 1349 2106 argumentum

154 2128 249 2208 istud3
280 2127 395 2193 dicam
423 2127 465 2192 ad
493 2125 599 2190 illud.“
647 2124 726 2189 Erat
756 2130 862 2190 autem
890 2130 1111 2205 argumentum
1140 2123 1180 2190 de
1211 2124 1352 2189 essentia

154 2230 316 2307 communi,
339 2247 431 2309 qnam
453 2226 596 2292 concessi
621 2242 692 2291 esse
714 2226 747 2288 in
770 2225 894 2290 divims.
932 2227 1050 2291 Postea
1077 2226 1148 2308 ipso
1171 2224 1349 2303 deficiente,

154 2330 291 2413 quamvis
313 2335 482 2410 reputatur
508 2327 620 2392 doctor
650 2324 830 2407 theologiae
859 2326 1110 2407 valentissimus,
1140 2327 1204 2392 dini
1226 2326 1287 2391 sibi
1309 2325 1350 2392 de

154 2431 290 2498 essentia
319 2429 474 2494 communi
497 2432 620 2505 creata,
651 2445 732 2508 quae
755 2435 805 2491 est
827 2427 962 2509 primum
984 2445 1056 2492 esse
1079 2434 1236 2507 creatum,
1265 2444 1349 2493 com·

153 2531 342 2598 manicatum
354 2528 488 2610 singulis
510 2526 677 2605 creaturis,
701 2543 740 2591 ex
763 2545 825 2609 qua
847 2527 916 2609 ipso
939 2528 1067 2595 volebat
1089 2528 1226 2610 probare
1248 2546 1348 2594 rema·

154 2633 289 2699 nendum
313 2631 403 2713 panis
424 2628 614 2708 materialis,
647 2628 703 2693 sed
726 2629 913 2695 notabiliter
941 2629 981 2695 ad
1008 2635 1124 2696 metam
1153 2629 1350 2695 nescientiae

154 2733 328 2816 argumenti
358 2730 510 2796 reductus
533 2729 700 2795 obmutuit.
743 2729 787 2794 Et
816 2733 924 2796 statim
953 2749 1035 2796 unus
1064 2731 1176 2797 ductor
1198 2730 1349 2812 anglicus
1401 2789 1404 2797 .

156 2834 256 2917 coepit
285 2850 440 2914 arguere,
463 2829 516 2912 qui
545 2829 692 2896 similiter
715 2829 841 2896 defecit
885 2832 928 2896 Et
950 2832 1031 2899 alins
1053 2832 1166 2899 doctor
1187 2832 1348 2915 Anglicus

155 2936 257 3017 quiin
279 2934 404 3016 privata
426 2930 589 2997 audientia
610 2928 691 2994 dixit
712 2931 754 2995 ad
775 2951 835 3011 me,
859 2933 943 3013 qnod
965 2932 1081 2999 Violeff
1100 2951 1224 2999 omnem
1245 2934 1348 3000 scien-

155 3036 224 3100 tium
246 3033 348 3099 voluit
369 3032 553 3111 destruere,
585 3040 618 3097 et
640 3032 726 3112 qnod
746 3033 780 3098 in
802 3034 946 3115 quolibet
967 3053 1024 3100 suo
1054 3034 1135 3100 libro
1158 3041 1191 3101 et
1213 3035 1246 3099 in
1269 3035 1347 3114 logi·

154 3135 268 3201 calibus
290 3134 404 3216 posuit·
420 3151 562 3213 errores,
592 3132 646 3199 ille
669 3135 810 3200 surrexit
832 3141 865 3200 et
894 3136 1000 3217 coepit
1021 3155 1157 3217 arguere
1180 3135 1219 3200 de
1241 3135 1348 3200 multi·

154 3236 319 3318 plicatione
342 3236 485 3316 corporis
507 3233 627 3300 Christi
649 3236 682 3298 in
703 3235 822 3315 hostia,
854 3241 887 3301 et
909 3234 1060 3301 deficiens
1092 3236 1124 3299 in
1147 3243 1345 3317 argumento,

153 3354 216 3401 cum
238 3336 404 3402 dicebatur
426 3337 497 3416 sibi,
525 3343 560 3400 nt
582 3342 719 3414 taceret,
750 3334 845 3400 dixit:
880 3337 981 3413 „Ecce
1004 3338 1073 3419 ipse
1096 3342 1202 3402 astute
1224 3335 1344 3418 decipit

153 3437 324 3514 conossimn,
340 3437 492 3517 pensetis,
508 3454 548 3502 ne
563 3435 744 3518 decipiatur
758 3436 935 3517 concilium,
950 3437 1035 3502 sicut
1050 3436 1346 3519 perBerengarium

151 3539 205 3603 iniit
219 3535 419 3619 deceptum&
443 3536 485 3601 Et
507 3537 562 3602 illo
584 3537 709 3617 silente,
733 3537 860 3621 quidam
885 3538 1061 3605 clamorose
1084 3537 1191 3621 eoepit
1212 3555 1347 3619 arguere

152 3639 278 3704 deesse
313 3643 421 3702 creato
452 3638 622 3715 communi;
653 3638 823 3705 multitudo
845 3657 922 3704 vero
946 3639 1109 3705 clamabat
1151 3639 1220 3720 Ego
1242 3644 1348 3703 autem

150 3744 233 3802 stans
249 3735 358 3818 petivi,
381 3741 417 3800 ut
432 3735 563 3801 daretur
585 3735 646 3801 sihi
662 3736 833 3818 audientia,
856 3737 966 3804 dicens
992 3739 1032 3805 ad
1047 3741 1150 3806 illum:
1175 3739 1344 3821 „arguatis

150 3837 282 3916 fortiter,
306 3853 365 3916 ego
388 3837 459 3902 volo
482 3835 622 3902 libenter
644 3837 870 3919 respondere“.
915 3839 957 3905 Et
979 3840 1032 3905 ille
1054 3841 1201 3907 similiter
1216 3839 1342 3915 deiecit,

150 3945 180 4001 et
206 3953 350 4011 morose,
365 3936 542 4018 subjunxit:
577 3937 748 4016 „Haeresis
783 3939 860 4003 est.“
913 3941 1057 4018 Quantus
1080 3947 1186 4007 antem
1215 3938 1342 4014 clamor,

150 4042 264 4118 quanta
278 4037 496 4117 subsannatio,
519 4038 637 4104 derisio
659 4044 693 4104 et
716 4038 911 4121 blasphemia
924 4038 1021 4107 fiebat
1044 4042 1077 4105 in
1100 4060 1151 4105 me
1172 4060 1192 4106 a
1213 4057 1345 4121 congre-

150 4139 274 4216 gatione
297 4138 367 4217 illa,
398 4139 502 4204 sciunt
525 4138 643 4204 domini
667 4140 873 4206 Wenceslans
904 4140 944 4206 de
966 4142 1059 4207 Duba
1089 4148 1122 4207 et
1143 4142 1283 4207 Joannos
1306 4138 1345 4205 de

151 4237 256 4304 chrum
280 4244 314 4304 et
337 4240 451 4303 Petrus
474 4239 544 4319 ejtrs
566 4239 720 4319 notarius,
743 4242 993 4306 constantissimi
1017 4242 1134 4306 milites
1151 4249 1184 4306 et
1199 4241 1344 4305 veritatis

152 4338 271 4404 Domini
294 4348 463 4405 amatores
487 4339 580 4404 Unde
604 4347 637 4405 et
659 4359 728 4423 ego,
751 4342 850 4407 tantis
873 4343 1007 4408 obrutus
1030 4360 1127 4424 saepe
1142 4341 1341 4420 clamoribus,

151 4437 209 4504 diri
231 4440 295 4504 ista
316 4438 429 4504 verba:
455 4441 697 4521 ,destinabam
724 4442 808 4523 qnod
830 4442 863 4506 iu
893 4442 1027 4507 concilio
1050 4442 1111 4507 isto
1135 4448 1221 4507 esset
1243 4442 1345 4523 major

151 4540 335 4620 reverentia,
356 4538 462 4621 pietas
485 4550 518 4606 et
541 4540 737 4624 disciplina.“
770 4541 813 4607 Et
835 4548 911 4609 tunc
932 4539 1105 4608 audiebant
1126 4560 1246 4623 omnes,
1269 4543 1343 4625 quia

151 4656 203 4705 rex
230 4645 441 4723 praeceperat
467 4640 543 4709 dare
579 4641 749 4709 silentium.
800 4642 976 4710 cardinalis
1021 4648 1128 4711 antem
1158 4641 1345 4724 praesidens
