2992 5258
157 427 222 491 228
399 421 591 477 decusationes
608 420 645 475 Μ.
662 421 688 474 J.
706 419 765 474 llus
782 419 895 487 ejusque
911 433 1050 489 respousa.
1069 422 1108 473 lo.

61 631 64 637 ’
157 623 248 700 Quod
270 623 297 687 si
319 641 401 704 papa
421 622 471 686 vel
486 623 567 687 alius
582 624 783 705 praepositus
805 622 935 686 mandat
956 622 1113 688 sacerdoti
1136 621 1349 706 sicdisposito

157 742 221 788 non
242 723 442 807 praedicare,
464 742 527 787 non
549 723 645 788 debet
666 722 773 787 subdit
759 728 811 786 tus
833 722 972 787 obedire.

556 870 636 922 Istud
653 871 756 922 dictum
775 879 814 923 eat
831 873 979 924 molliorum
995 880 1163 931 sauctorum,
1182 872 1347 940 Augustini,

258 943 305 1005 18.
349 939 489 1017 Quilibet
517 939 730 1021 praedicantis
757 938 894 1004 officium
922 940 961 1003 de
983 939 1130 1004 mandato
1153 941 1279 1024 accipit
1294 942 1351 1022 qui

158 1054 295 1124 (ἕτεροι-ιε’,
315 1055 420 1108 Isidori
437 1068 472 1109 tc.

156 1124 196 1187 ad
228 1123 441 1189 sacerdotium
470 1122 643 1203 accedite
646 1123 758 1188 tillnd
778 1122 907 1186 mandat
893 1128 960 1186 turn
982 1120 1079 1188 debet
1099 1124 1241 1206 exsequi,
1256 1142 1351 1206 prae·

254 1238 392 1307 injuriosa
409 1246 434 1290 et
451 1239 561 1299 illicita,
580 1255 612 1288 ae
629 1238 780 1290 ιιιοῑίιίαι
753 1236 911 1305 saclminata

155 1313 247 1372 tensa
268 1306 591 1371 excommunicatione
613 1324 676 1369 nou
698 1306 857 1370 obstante.

384 1455 436 1508 deu
452 1471 535 1523 saepe
547 1453 582 1522 fit
599 1470 650 1521 per
667 1453 784 1505 aborsum
801 1454 918 1506 illarum
935 1470 1123 1516 censurarum,
1141 1469 1212 1522 qaeu
1226 1463 1349 1524 possunt

547 1539 613 1608 steri
630 1546 655 1589 et
667 1538 742 1607 fiunt
760 1553 843 1605 saepe
860 1538 934 1590 licite

255 1611 303 1673 19.
346 1608 409 1671 Ροι
430 1624 581 1671 censuras
597 1606 772 1671 ecclesiast
751 1614 829 1669 treas
847 1605 1189 1686 excommunicationis,
1213 1623 1350 1688 suspen-

156 1707 263 1787 sionis
286 1706 457 1787 interdicti,
480 1706 520 1770 ad
552 1706 600 1769 sui
631 1705 758 1769 exaltat
736 1711 853 1769 tionem
886 1705 990 1769 clerus
1024 1707 1175 1787 populum
1204 1706 1350 1770 laicalem

156 1806 216 1871 sibi
248 1806 440 1888 subpeditat,
467 1806 632 1870 avaritiam
664 1805 861 1885 multiplicat.
884 1823 942 1886 per
973 1805 1122 1869 malitiam
1149 1807 1292 1887 protegit
1316 1816 1350 1871 et

152 1909 235 1973 viam
266 1913 437 1990 praeparat
457 1906 662 1970 Antichristo.
684 1904 813 1984 Signum
835 1913 940 1969 autem
962 1904 1092 1969 evidens
1114 1911 1173 1984 est,
1195 1905 1281 1987 quod
1303 1906 1345 1972 ab

151 2008 348 2073 Antichristo
381 2006 558 2087 procedunt
592 2006 672 2069 tales
706 2023 868 2085 censurae,
892 2023 969 2085 quas
991 2011 1105 2070 vocant
1125 2006 1158 2070 in
1181 2007 1248 2070 suis
1271 2024 1350 2088 pro-

152 2107 294 2172 cessibus
336 2105 586 2184 fulminationem
620 2104 733 2184 quibus
767 2104 871 2168 clerus
904 2105 1050 2185 procedit
1081 2105 1350 2190 principalissima

153 2212 264 2271 contra
296 2206 376 2278 illua,
399 2205 452 2285 qui
475 2203 637 2269 denudant
649 2204 822 2285 nequitiam
843 2204 1041 2285 antichristi,
1065 2206 1118 2288 qui
1142 2205 1261 2272 clerum
1283 2224 1345 2289 pro

153 2325 188 2370 sc
209 2307 344 2370 maxime
366 2305 540 2385 usurpauit.

250 2478 300 2538 20.
344 2471 377 2537 Si
387 2491 470 2554 papa
502 2477 552 2536 est
587 2472 697 2545 malua,
720 2477 753 2537 et
785 2471 976 2553 praesertim
1014 2471 1041 2534 si
1074 2479 1125 2537 est
1156 2471 1347 2553 praescitus

152 2579 285 2638 tuncut
271 2572 405 2638 tJudas
428 2579 520 2655 apost
507 2574 590 2638 tolus
613 2582 662 2638 est
684 2573 836 2652 diabolus
866 2573 916 2636 lar
939 2578 972 2637 et
992 2570 1075 2637 filius
1097 2572 1298 2656 perditionis
1315 2581 1349 2637 et

151 2690 332 2741 secundum
315 2690 388 2740 uitae
405 2690 533 2740 meritum
550 2705 645 2756 persea
648 2706 729 2740 erana
741 2689 869 2755 finaliter

149 2774 214 2821 non
236 2763 286 2821 est
307 2763 401 2838 caput
423 2764 551 2821 sanctae
576 2758 713 2820 militt
644 2763 696 2820 tan
700 2759 741 2820 tis
757 2756 920 2834 ecelesiae,
943 2774 1011 2819 curn
1033 2773 1093 2818 nec
1113 2754 1156 2818 sit
1142 2755 1347 2821 tmembrum

151 2857 233 2938 ejus
267 2856 391 2937 quia
373 2862 443 2920 urat
446 2858 474 2920 ia
505 2857 656 2938 praedest
658 2857 807 2921 inationis
842 2863 891 2920 est
877 2856 1099 2935 tvinculum,
1133 2872 1194 2936 quo
1228 2874 1347 2938 corpus

151 2957 302 3022 ecclesiae
325 2962 357 3020 et
379 2956 549 3037 quodlibet·
565 2957 632 3038 ejus
660 2955 836 3020 membrum
854 2955 1000 3037 pingitur
1021 2955 1082 3037 ipsi
1105 2954 1200 3036 capiti
1222 2954 1346 3020 insolu-

150 3055 265 3119 biliter.

747 3207 814 3272 qnia
831 3221 887 3258 non
904 3206 1052 3257 aeertndnm
1075 3203 1195 3273 officium
1221 3212 1248 3256 et
1270 3206 1346 3258 uitae

741 3291 877 3348 namium,
894 3289 942 3341 aed
959 3291 1047 3342 solam
1063 3288 1212 3341 secundum
1224 3287 1347 3357 officium

248 3360 298 3420 21.
341 3357 427 3436 Papa
442 3357 491 3420 vel
507 3357 669 3438 praelatus
691 3357 850 3420 malust
817 3363 850 3421 et
876 3357 1015 3437 praescit
1018 3373 1054 3420 us
1076 3356 1247 3437 aequivoce
1263 3356 1344 3440 (ast)

153 3462 264 3537 pastor
286 3460 318 3520 et
340 3474 414 3520 vere
436 3456 542 3521 furat
566 3458 611 3522 lat
598 3463 658 3521 tro

711 3607 777 3671 quia
795 3607 871 3658 solus
887 3606 954 3659 derra
972 3613 1010 3656 est
1027 3607 1218 3657 sanctissimus

247 3677 298 3737 22.
340 3673 427 3753 Papa
448 3691 510 3737 non
526 3673 622 3737 debet
644 3673 705 3737 dici
727 3674 944 3738 sanctissimus
967 3675 1062 3737 etiam
1085 3673 1258 3737 secundum
1274 3672 1345 3738 olli·

150 3771 248 3852 cium,
277 3772 351 3852 quia
382 3774 459 3837 alias
488 3791 545 3836 rer
573 3774 667 3837 etiarn
690 3773 823 3837 deberet
845 3773 905 3837 dici
928 3773 1145 3837 sanctissimus
1166 3773 1345 3838 secundum

150 3870 295 3952 officium,
328 3879 362 3937 et
394 3879 532 3937 tortores
555 3880 588 3936 et
609 3890 785 3953 praecones
821 3873 1004 3937 dicerentur
1026 3872 1136 3951 sancti,
1160 3871 1223 3937 imo
1245 3873 1345 3939 etiam

149 3971 294 4037 diabolus
315 3972 449 4037 deberet
470 3972 576 4037 vocari
598 3980 735 4052 sauctus,
759 3992 828 4038 eum
851 3973 893 4038 sit
914 3970 1085 4038 officiarius
1107 3972 1167 4037 dei.

247 4143 297 4204 23.
341 4136 373 4202 Si
409 4157 491 4220 papa
521 4137 600 4202 vivit
632 4136 758 4203 Christo
792 4138 960 4218 contrarie,
984 4137 1078 4203 etiam
1103 4138 1129 4203 si
1151 4138 1347 4207 ascenderet

148 4255 207 4319 per
223 4239 315 4304 ritam
331 4246 364 4303 et
379 4238 550 4318 legitimam
566 4238 658 4303 elect
635 4246 753 4303 tranem
768 4238 939 4302 secundum
955 4238 1214 4303 consttutionem
1230 4239 1344 4304 huma·

583 4354 652 4419 prtia
669 4369 697 4404 aa
712 4369 764 4420 per
780 4355 940 4422 superbiam
956 4370 1047 4421 snpra
1065 4353 1203 4406 Cdratum
1221 4354 1344 4405 elevaret

148 4439 221 4484 nam
251 4421 419 4502 vulgatam,
450 4427 555 4486 tamen
584 4420 710 4484 aliunde
732 4421 935 4499 ascenderet
972 4440 1064 4502 quam
1086 4440 1143 4503 per
1166 4419 1344 4503 Christum,

149 4518 222 4583 dato
238 4520 334 4584 etiam
345 4521 448 4602 quod
440 4541 470 4585 ιιι
475 4527 575 4586 tranet
590 4539 648 4601 per
663 4520 754 4584 elect
733 4528 849 4585 tranem
864 4541 883 4585 a
898 4520 957 4585 deo
974 4521 1192 4602 principaliter
1207 4519 1341 4598 iactam3

149 4637 221 4683 nam
241 4618 342 4685 Jndas
376 4620 544 4685 Schariotlr
573 4621 634 4685 rite
657 4626 691 4684 et
712 4621 851 4699 legitime
874 4628 924 4685 est
946 4621 1066 4687 electus
1088 4641 1107 4687 a
1128 4622 1188 4687 deo
1210 4620 1364 4705 curiata,
