2992 5258
1290 403 1344 466 101

153 730 205 829 E)
250 727 450 834 Epistolae
482 729 651 834 scriptae
681 729 929 811 constantiae
958 751 1086 812 mense
1116 729 1232 813 Junio
1262 732 1348 814 1415

395 869 415 929 ι
442 867 596 930 carcere
623 844 726 952 apud
751 845 900 929 iratres
925 845 1103 930 Minores.

719 1111 782 1187 60.

486 1304 539 1388 D.
573 1303 604 1389 J
606 1307 735 1388 oanni
765 1302 819 1388 de
850 1302 1017 1390 Ohlunn

157 1519 255 1587 Roput,
274 1520 428 1573 arctemini
445 1536 536 1588 reyeru
552 1528 578 1572 et
595 1520 742 1572 concilium
759 1519 892 1573 adeuntes
912 1519 1084 1572 audientiam
1100 1519 1155 1572 etot
1173 1529 1349 1588 corriperent,¹
1376 1570 1385 1595 Ι

224 1603 289 1657 duic
305 1605 448 1672 ropetioui
462 1620 514 1673 per
531 1612 658 1657 amaram
677 1604 824 1670 quaedam,
843 1620 914 1672 quoe
932 1605 957 1656 eo'
975 1603 1053 1656 cordi
1069 1611 1142 1666 suut,
1164 1605 1271 1674 adjicit.

632 1771 717 1839 (1415,
738 1771 772 1824 m.
790 1770 865 1839 cun.)

467 1956 571 2024 „Rogat
588 1971 638 2025 per
655 1955 777 2009 dominos
800 1954 888 2009 adhuc
906 1954 1072 2009 audientiam
1096 1955 1146 2010 sibi
1164 1956 1301 2023 procurari
1320 1961 1348 2010 ct

532 2057 624 2109 regem
641 2041 677 2096 ed
694 2039 762 2095 illud
780 2045 808 2094 et
825 2041 966 2096 concilium
985 2039 1150 2097 sollicitari.“

247 2210 357 2274 Amice
380 2209 413 2275 in
435 2209 561 2275 Christo
584 2209 761 2275 carissime!
786 2208 973 2292 Disponatis
994 2209 1106 2290 odhuc,
1130 2211 1214 2292 quod
1235 2227 1345 2277 omnes

152 2311 264 2377 domini
277 2310 430 2377 accedant
445 2330 552 2394 regem
575 2318 607 2377 et
622 2311 799 2389 concilium,
823 2311 916 2394 quod,
940 2312 1022 2378 sicut
1043 2313 1123 2379 dixit
1138 2331 1194 2378 rex
1216 2320 1250 2380 et
1271 2332 1346 2380 con-

151 2413 268 2479 cilium:
295 2412 350 2493 ,In
371 2412 478 2479 futura
493 2412 656 2478 audientia
671 2413 832 2478 scribetur
854 2412 912 2478 tibi
927 2412 1079 2494 breviter,
1103 2422 1137 2482 et
1157 2420 1193 2482 tu
1215 2432 1347 2498 respon·

152 2512 237 2581 debis
259 2513 300 2580 ad
317 2513 429 2579 illud:“
455 2549 493 2559 -
518 2513 602 2595 quod
623 2513 702 2578 illud
717 2513 812 2578 faciet
832 2532 890 2578 rex
912 2532 983 2579 cnm
1005 2514 1154 2596 concilim
1178 2523 1211 2583 et
1232 2517 1347 2583 adhoc

152 2622 282 2697 possunt
304 2634 377 2681 eum
401 2621 433 2681 et
449 2615 616 2682 concilium
639 2615 834 2697 exipsorum
856 2614 942 2682 dicto
958 2616 1088 2699 agitare,
1113 2617 1187 2700 quia
1208 2617 1251 2683 ibi
1275 2636 1345 2684 cnm

152 2715 197 2782 dei
220 2715 381 2798 adjutorio
403 2716 572 2782 veritatem
601 2733 753 2798 expresse
782 2716 899 2805 dicam:
933 2716 986 2799 qui
1008 2715 1122 2782 affecto
1144 2719 1252 2800 potius
1273 2720 1347 2801 igue
1400 2786 1404 2793 ,

153 2818 291 2883 consumi
314 2817 505 2900 incorpore,
529 2835 621 2900 qrram
643 2816 689 2882 sic
710 2817 859 2899 nequiter
874 2836 933 2900 per
955 2835 1010 2884 eos
1026 2818 1187 2900 occultari,
1210 2828 1246 2888 ut
1267 2821 1348 2888 sciat

152 2925 234 2985 totus
256 2916 529 2999 christianismus,
554 2917 628 3000 qnid
652 2917 785 2983 dixerim
807 2915 953 2983 finaliter.
983 2919 1072 3001 Rogo
1094 2919 1239 2986 dominos
1259 2941 1347 2989 meos

152 3027 280 3104 propter
301 3019 406 3100 deum,
429 3017 514 3100 quod
535 3017 653 3085 faciant
674 3035 763 3084 suem
779 3017 975 3100 diligentiam
997 3026 1030 3086 et
1044 3020 1255 3086 constantiam
1269 3020 1345 3090 fiua-

151 3120 220 3188 liter
242 3119 460 3188 ostendentes.
503 3118 584 3202 Spes
606 3138 677 3186 mea
695 3119 729 3185 in
750 3118 877 3185 domino
899 3137 1026 3203 semper
1047 3112 1137 3187 firme
1158 3128 1217 3187 est

245 3222 382 3289 Domine
403 3222 560 3302 Josunes,
590 3219 821 3307 pretiosissime
842 3220 949 3287 fautor
977 3226 1010 3286 et
1041 3219 1238 3304 fidelissime,
1268 3224 1347 3291 deus

152 3324 188 3389 sit
202 3341 327 3391 merces
343 3323 412 3389 tuat
425 3322 523 3403 Rogo,
535 3340 598 3388 non
613 3321 754 3403 recedas,
767 3321 828 3387 nisi
844 3320 938 3388 finem
954 3321 1072 3387 videris
1087 3330 1345 3391 consummatum.

151 3423 318 3491 Ontinem
340 3423 569 3506 conspiceretis
598 3443 648 3490 me
670 3423 743 3489 duci
766 3424 805 3490 ad
827 3424 932 3505 ignem
955 3423 1076 3507 potins,
1110 3442 1201 3506 quam
1224 3425 1270 3490 sic
1287 3416 1346 3491 'do-

150 3524 211 3592 lose
234 3523 405 3591 suffocari!
430 3523 499 3608 Ege
521 3524 625 3591 adhuc
647 3543 774 3609 semper
796 3543 883 3608 spem
905 3524 1017 3604 habeo,
1040 3522 1124 3606 qnod
1145 3524 1224 3592 deus
1246 3526 1346 3593 omni·

151 3632 263 3708 potens
286 3630 396 3708 petest
427 3645 477 3692 me
500 3625 626 3710 eripere
649 3632 830 3693 sauctorum
852 3625 974 3691 meritis
996 3625 1037 3690 de
1058 3626 1202 3693 manibus
1226 3645 1344 3693 eorum.

149 3726 177 3792 Si
200 3744 272 3792 cras
295 3725 455 3815 ducered
477 3726 680 3807 audientiam,
708 3724 903 3808 significetis.
945 3726 1073 3792 Amicos
1095 3745 1205 3793 omnes
1226 3729 1345 3794 seluta-

148 3827 219 3893 bitis
241 3827 275 3892 in
298 3844 398 3908 regno
421 3826 569 3910 petendo,
600 3827 684 3909 quod
706 3832 799 3892 orent
821 3826 914 3893 deum
937 3843 995 3908 pro
1016 3845 1080 3892 me:
1111 3828 1138 3892 si
1160 3828 1344 3896 incarcere

147 3925 244 4007 fuero,
268 3932 305 3992 ut
326 3926 395 3994 sine
417 3927 523 3995 taedio
553 3934 687 3994 mortem
708 3932 907 4011 exspectem3
940 3928 1110 4009 magistros
1132 3929 1345 3999 hortabimint

148 4034 181 4094 ut
201 4034 291 4094 stent
312 4028 344 4092 in
367 4027 514 4109 veritate,
537 4034 570 4095 et
586 4027 699 4106 socios,
723 4028 877 4108 virginem
892 4028 1019 4094 Petram
1044 4046 1114 4094 curn
1136 4027 1205 4110 ejus
1219 4027 1346 4108 familia,

148 4128 356 4208 missenus,
378 4127 512 4193 dicendo
534 4127 604 4209 sibi,
627 4134 663 4194 ut
684 4127 779 4194 ducat
800 4146 946 4206 uxorem3
969 4127 1173 4193 Girnikonem
1193 4145 1298 4192 meum
1313 4136 1346 4196 et

148 4229 315 4310 plebanum
329 4228 495 4310 rogabitis,
512 4234 548 4294 ut
569 4229 634 4295 sint
645 4229 797 4309 contenti,
821 4228 904 4311 qued
917 4229 964 4294 eis
974 4246 1033 4311 pro
1047 4228 1177 4293 servitio
1193 4246 1254 4294 non
1268 4229 1346 4295 satis

147 4327 213 4405 ieci,
236 4330 389 4411 quianon
410 4329 510 4410 potui,
534 4336 567 4394 et
581 4329 665 4411 quod
687 4330 748 4412 ipsi
768 4329 910 4396 salutent
935 4328 1052 4395 emices
1071 4335 1104 4394 et
1124 4327 1240 4395 amicas
1255 4348 1342 4398 mess

148 4427 177 4491 iu
199 4428 337 4494 Christo.
381 4427 441 4506 Qui
470 4435 699 4495 concesserunt
721 4430 887 4511 pecunias,
918 4428 1041 4508 nescio,
1076 4427 1146 4509 quis
1174 4428 1276 4496 solvet
1298 4432 1344 4497 eis

149 4533 274 4608 praeter
302 4527 463 4594 dominum
484 4529 595 4595 Jesum
619 4529 796 4609 Christum,
830 4535 961 4613 propter
991 4546 1083 4611 prtem
1106 4539 1343 4597 concesserunt.

149 4626 297 4713 Optatam
320 4633 444 4708 tamen
476 4629 560 4715 quod
584 4630 680 4715 eiiqui
703 4629 836 4699 ditiores
865 4635 1094 4715 componerent
1127 4635 1159 4697 et
1182 4631 1345 4699 solverent
