2992 5258
149 420 211 481 232
382 417 576 471 recusationes
593 415 630 470 M.
648 417 673 470 J.
691 414 750 471 Hus
768 416 1039 504 ejusquessrespunm.
1059 419 1097 470 10.

248 617 323 678 Non
351 623 394 678 cst
421 636 541 689 omrrmr
567 617 621 678 ocri
640 617 718 697 dini,
741 618 823 698 qood
841 618 947 699 primo
968 619 1128 698 scriptura
1150 618 1198 681 cci
1216 619 1345 681 ratione

150 717 235 779 deon
262 718 401 779 convinci
427 719 607 795 hacreticus,
630 720 709 780 cirici
730 718 839 780 dicunt
859 721 961 781 sancti
984 719 1182 800 Atrprratiaus
1203 725 1232 780 et
1253 721 1340 781 Ber·

150 816 281 881 nardus.

249 915 329 981 Item
350 917 502 981 articulus
524 919 581 994 26,
610 918 645 980 iu
665 935 726 997 quo
749 919 946 998 continetur,
969 917 1053 999 qnod
1074 918 1179 983 dictus
1199 919 1344 983 loannes

150 1015 221 1080 Hus
252 1014 293 1080 ad
314 1015 528 1081 seducendum
549 1017 699 1097 populum
722 1025 754 1081 et
777 1017 936 1100 simplices
958 1036 1037 1082 ausu
1059 1018 1230 1083 temerario
1254 1016 1343 1098 dixit,

151 1115 235 1197 quod
266 1115 302 1181 in
328 1115 444 1196 Anglia
464 1116 554 1180 multi
586 1115 731 1181 monachi
764 1119 871 1182 etalii
898 1118 1043 1199 magistri
1065 1118 1290 1183 convenissent
1309 1116 1344 1182 in

151 1214 285 1297 quadam
314 1214 449 1280 ecclesia
470 1216 571 1279 sancti
592 1216 683 1281 Pauli
704 1223 816 1282 contra
835 1216 878 1281 M.
899 1217 1055 1283 Joauuem
1077 1215 1199 1295 Wiclel,
1232 1221 1267 1281 et
1280 1232 1346 1281 nou

150 1318 302 1398 poterant
333 1333 405 1379 curn
428 1313 629 1395 convincere,
661 1318 718 1381 sed
740 1317 848 1381 statim
869 1317 989 1381 tonitru
1012 1323 1046 1382 et
1064 1317 1171 1398 fulgur
1192 1316 1233 1380 de
1254 1315 1346 1381 coelo

151 1414 373 1481 descendisset
405 1433 503 1497 super
524 1432 594 1494 eos,
629 1422 662 1481 et
683 1417 824 1497 rupisset
851 1416 968 1480 ostium
990 1417 1158 1494 ccclesiae,
1191 1416 1238 1480 ita
1260 1415 1346 1496 quod

150 1515 295 1595 magistri
327 1521 359 1579 et
390 1514 534 1580 monachi
557 1516 607 1578 vix
635 1517 811 1580 evasissent
831 1516 871 1579 ad
894 1516 1054 1581 civitatem
1075 1515 1343 1581 Londouiensem.

152 1616 194 1680 Et
225 1616 286 1681 hoc
317 1616 397 1680 dixit
418 1615 458 1681 ad
489 1616 745 1681 auctorisandum
777 1616 894 1680 dictum
916 1616 1070 1681 ioannem
1091 1614 1220 1694 Wiclel,
1260 1613 1345 1680 unde

151 1716 386 1798 prorumpendo
413 1716 445 1779 in
467 1716 564 1780 verba
586 1715 667 1780 dixit
687 1715 728 1780 ad
749 1717 899 1798 populum
921 1717 953 1780 iu
975 1716 1054 1780 haec
1075 1716 1193 1780 verba:
1215 1714 1347 1780 Utinam

152 1817 257 1881 anima
290 1835 360 1880 mea
397 1822 484 1880 esset
515 1815 573 1895 ibi,
606 1816 661 1879 ubi
689 1821 740 1880 est
770 1816 873 1880 anima
894 1815 1027 1880 ioannis
1048 1815 1175 1880 Wiclell
1209 1815 1253 1879 Et
1274 1820 1348 1896 post

151 1915 295 1980 literam·
309 1917 464 1996 quandam
485 1913 681 1980 falsificatam
704 1915 763 1979 suh
785 1916 888 1995 sigillo
910 1916 988 1980 falso
1011 1915 1231 1980 universitatis
1246 1911 1347 1978 studii

152 2013 341 2080 Oxoniensis
356 2015 477 2097 pluries
498 2014 679 2096 publicauit,
703 2015 812 2096 inqua
835 2016 1023 2093 continetur,
1047 2014 1122 2078 licet
1143 2014 1346 2093 falsationis-

152 2132 226 2177 nem
247 2114 365 2180 Wiclel
392 2115 490 2180 luisse
522 2133 645 2193 verum,
669 2114 856 2181 catholicum
880 2121 912 2180 et
934 2114 1095 2181 doctorem
1117 2114 1345 2194 evangelicum,

153 2214 254 2278 bonae
270 2215 370 2280 lamae
386 2221 419 2280 et
440 2214 689 2280 conuersationis
711 2216 886 2296 laudabilia
909 2216 949 2280 ab
971 2233 1049 2281 aeuo
1071 2233 1147 2279 suae
1166 2213 1347 2296 juventutis

153 2332 253 2395 usque
276 2315 308 2379 iu
330 2315 413 2379 diem
435 2316 539 2395 exitus
560 2316 619 2380 sni.

254 2415 329 2476 Non
350 2422 394 2476 eat
416 2435 505 2477 uerus
526 2416 584 2477 iate
604 2416 759 2479 articulus
780 2417 816 2478 ia
836 2416 946 2478 ancilia
965 2416 1101 2496 paractis,
1123 2421 1152 2476 ct
1170 2412 1288 2495 plenae
1300 2420 1346 2478 cot

152 2513 324 2578 convolutis
344 2514 526 2578 mendaciis.

246 2608 332 2680 'ltem
346 2617 499 2681 articulus
514 2621 563 2693 29,
582 2618 688 2698 inquo
703 2616 893 2695 continetur,
909 2615 992 2697 quod
1018 2615 1179 2680 seculares
1206 2614 1348 2682 debeant

155 2713 280 2779 auferre
302 2716 386 2780 bona
407 2717 603 2798 temporalia,
626 2717 711 2799 quod
732 2718 792 2782 hoc
814 2725 901 2783 esset
921 2717 1127 2781 meritorium.

254 2817 331 2877 Noa
352 2823 397 2878 eat
417 2836 531 2878 aemam.
876 2855 881 2863 ·

255 2914 334 2980 ltem
367 2922 408 2980 32
440 2923 474 2980 et
506 2915 601 2982 etiam
624 2917 663 2980 37
686 2917 824 2997 articuli,
847 2916 880 2979 in
903 2916 1017 2995 quibus
1039 2917 1235 2996 continetur,
1258 2915 1343 2997 quod

155 3014 295 3080 Joauucs
329 3016 413 3096 Hus,
446 3018 585 3081 existens
619 3017 651 3080 iu
692 3018 1012 3082 excommunicatione
1045 3023 1079 3081 et
1110 3017 1347 3095 aggravatione,

156 3115 271 3179 divinis
293 3134 327 3181 se
350 3116 534 3194 immiscuit,
570 3118 688 3199 populo
710 3117 908 3199 praedicavit
932 3124 964 3180 et
986 3116 1111 3197 publice
1133 3116 1231 3196 dixit,
1264 3115 1349 3197 quod

156 3232 220 3280 non
242 3222 371 3280 curaret
392 3218 755 3297 excommunicationem,
776 3219 932 3298 quianon
955 3220 1062 3297 potest
1083 3214 1353 3281 excommunicari

158 3317 228 3396 quis
250 3316 289 3380 ab
312 3316 447 3395 homine,
469 3317 531 3380 uisi
553 3318 721 3399 perprius
743 3319 786 3382 sit
808 3316 1094 3381 excommunicatus
1115 3333 1135 3380 a
1156 3315 1226 3380 deo.

256 3416 329 3476 Non
350 3423 394 3476 cet
416 3436 528 3488 unnim,
551 3417 607 3477 scd
628 3417 705 3488 diti,
727 3417 808 3496 quod
821 3418 877 3478 suh
892 3413 1104 3496 appellatione
1113 3435 1246 3496 poserem
1254 3433 1352 3495 praa

158 3512 274 3586 dicare,
303 3521 332 3574 ct
361 3515 441 3594 qrcod
470 3516 591 3594 injusto
617 3517 893 3578 excommunicatio
922 3536 986 3576 oon
1007 3521 1094 3577 nocet
1114 3515 1237 3577 homini
1249 3516 1351 3599 jacto,

159 3614 235 3674 dum
255 3615 360 3692 ipsam
381 3614 543 3677 humiliter
564 3614 676 3677 tolerat
693 3624 825 3697 propter
847 3616 947 3676 decim.

257 3712 342 3778 Item
373 3716 525 3780 articulus
553 3719 609 3794 38,
641 3716 674 3779 iu
697 3735 758 3797 quo
781 3716 976 3793 continetur,
1011 3713 1096 3795 quod
1116 3713 1259 3779 Joaunes
1281 3713 1350 3779 Hus

160 3815 302 3880 diuersos
325 3833 451 3880 errores
466 3815 669 3896 praedicarit,
693 3836 732 3881 ex
754 3817 867 3897 qrribus
882 3816 1030 3881 scaudala
1051 3821 1162 3879 exorta
1176 3815 1350 3879 suntinter

159 3917 320 3999 praelatos
342 3922 375 3980 et
396 3916 546 3998 populum
576 3919 666 3998 regui
688 3916 856 3983 Bohemiae
880 3923 913 3980 et
941 3917 1110 3996 magistros
1132 3920 1166 3978 et
1187 3914 1348 4003 scholares

161 4017 257 4082 studii
278 4017 458 4096 Pragensis

259 4118 334 4179 Non
355 4123 401 4178 eal
421 4136 536 4180 omrem.

260 4217 341 4282 Item
375 4217 529 4282 articulus
558 4218 632 4297 VII,
672 4218 704 4281 iu
740 4217 903 4299 partibus,
939 4217 971 4281 iu
1007 4233 1102 4280 causa
1136 4213 1352 4294 inquisitionis

162 4334 267 4381 coram
281 4317 521 4399 archiepiscopo
541 4318 694 4398 Prageusi
715 4317 808 4382 datus
831 4324 864 4381 et
885 4317 1010 4382 oblatus
1032 4321 1143 4379 contra
1163 4313 1256 4378 ioan.
1271 4314 1351 4395 lius,

162 4417 194 4478 in
227 4434 287 4497 qno
319 4417 513 4498 continetur,
547 4418 683 4498 qualitor
709 4419 800 4483 Joan.
823 4418 892 4481 Hus
916 4416 955 4480 ad
978 4415 1126 4497 populum
1149 4414 1246 4478 dixit:
1269 4412 1353 4478 Ecce

163 4532 246 4597 papa
266 4534 369 4596 nuper
390 4516 573 4596 deiunctuS,
607 4518 755 4582 uidelicet
777 4517 955 4582 Alexander
978 4535 1059 4598 papa
1081 4514 1226 4595 quintus,
1253 4532 1355 4594 nuper

163 4615 291 4696 scripsit
322 4617 559 4700 archiepiscopo
575 4618 736 4700 ¹Pragcusi
757 4636 815 4699 pro
837 4614 1051 4698 exstirpandis
1073 4614 1237 4680 erroribus
1258 4613 1353 4679 Joam
