2992 5258
148 410 210 472 650
404 404 608 459 Controversiao
626 403 660 458 de
678 401 807 471 religione
824 401 853 455 in
870 402 1016 458 Bohemia:
1035 404 1109 460 1416.

147 609 197 673 nis
223 615 256 672 et
277 606 423 672 dominiis
446 607 631 671 Almanniae
653 606 873 673 adolescentes
896 606 1045 675 simulet
1070 608 1201 675 adultae
1232 613 1341 677 aetatis

148 710 291 774 homines
313 708 441 772 virtutis
463 714 497 772 et
518 708 614 773 studii
636 726 745 773 amore
769 706 983 788 continebant
1006 716 1040 775 et
1062 710 1249 776 thesaurum
1278 712 1340 794 phi·

148 811 312 892 losephiae
337 816 368 874 et
397 810 550 873 scientiae
573 817 774 889 quaerentes,
803 810 891 874 illum
920 808 964 874 ibi
991 812 1119 894 copiose
1141 812 1342 879 invenerunt

149 912 233 990 Quot
252 911 339 975 uiros
361 910 554 974 illuminatos
576 929 614 974 ea
636 910 827 974 universitas
839 910 1036 991 produxerit
1059 914 1207 992 magistri
1231 912 1341 981 etdoc·

150 1019 236 1076 tores
265 1011 405 1092 ejusdem
428 1011 646 1074 univcrsitatis
674 1011 705 1074 in
728 1010 864 1074 dirersis
894 1011 1002 1075 mundi
1032 1012 1178 1092 partibus
1213 1013 1344 1097 dispersi

149 1118 322 1190 testantur3
346 1126 482 1193 quornm
501 1112 646 1176 doctrina
661 1110 796 1192 plurima
818 1111 949 1191 egregia
971 1112 1040 1176 loca
1058 1119 1092 1177 et
1104 1113 1265 1179 solemnes
1277 1114 1343 1180 civi·

152 1220 235 1279 tates
267 1213 491 1293 generatioque
514 1211 620 1276 studia
641 1219 705 1276 tam
728 1212 828 1276 sacris
851 1213 992 1277 moribus
1032 1232 1125 1293 qnam
1158 1215 1344 1281 ecclesiasti-

152 1313 197 1378 cis
221 1313 397 1394 disciplinis
420 1319 583 1393 reguntur.
606 1312 727 1377 Multae
749 1312 958 1378 scholasticae
981 1330 1148 1394 personae,
1159 1316 1253 1382 multi
1275 1317 1341 1382 doc·

151 1417 254 1480 trinae
276 1415 383 1496 cupidi
405 1416 568 1479 scholares
589 1415 672 1479 huuc
694 1415 797 1479 locum
829 1415 903 1479 olim
925 1419 1085 1496 tamqnam
1105 1415 1200 1481 bouis
1227 1418 1341 1484 artibus

153 1518 280 1599 plenum
317 1517 474 1583 cumulate
496 1516 700 1597 petiverunt:
728 1534 811 1580 nuuc
849 1533 927 1581 xero
953 1517 1055 1580 omnis
1085 1517 1340 1598 conscientiosua

150 1619 283 1684 maxime
312 1620 505 1699 alienigena,
539 1617 627 1696 sugit,
657 1617 790 1681 horrens
821 1634 949 1681 errores
971 1617 1015 1682 ihi
1041 1617 1198 1698 vigentes
1236 1621 1341 1701 quibus

151 1721 265 1785 metuit
291 1719 497 1800 coinquinari.

249 1819 337 1885 Haec
359 1821 441 1884 mala
464 1824 496 1882 et
518 1819 575 1884 has
597 1817 799 1883 tornationes
822 1837 943 1886 summa
972 1839 1041 1884 cunr
1074 1822 1224 1887 rtrolestia
1251 1823 1340 1887 omni·

151 1940 347 2003 umquecum
370 1923 492 2003 piarum
516 1920 666 1984 rixantium
689 1921 949 1986 consternatione
972 1923 1094 1987 audivit
1116 1923 1341 1989 atindesinen·

150 2030 199 2087 ter
221 2023 309 2087 audit
332 2043 484 2104 praesens
507 2028 618 2087 sarreia
645 2023 795 2104 synodus,
819 2025 1074 2105 compatiturquo
1096 2024 1341 2090 misericorditer

150 2129 214 2188 tarn
235 2126 389 2190 catholico
411 2144 519 2206 regno,
542 2126 627 2206 quod
649 2144 668 2190 a
690 2132 842 2207 tempore,
866 2144 928 2207 quo
948 2129 1024 2208 jugo
1047 2126 1251 2191 Christianae
1273 2125 1331 2190 reli·

150 2225 253 2305 glanis
275 2245 310 2291 se
332 2227 487 2308 submisit,
517 2245 644 2309 semper
666 2226 904 2292 immutabiliter
926 2228 1069 2309 perstitit
1097 2228 1131 2292 in
1154 2224 1219 2291 fide
1246 2233 1341 2304 rectu

150 2327 239 2408 cnjus
262 2328 356 2392 etiam
380 2329 470 2408 regni
491 2328 637 2411 populus,
660 2336 756 2409 prout
777 2327 832 2406 illi,
857 2327 909 2409 qui
932 2328 1050 2393 ibidem
1072 2327 1188 2394 morati
1211 2329 1263 2394 vel
1277 2347 1342 2395 con·

151 2428 269 2492 versati
292 2435 374 2509 sunt,
406 2429 481 2494 licet
509 2429 636 2494 aliunde
659 2428 829 2511 procreati,
860 2428 1081 2508 testificantur,
1109 2429 1171 2495 deo
1201 2429 1343 2495 devotum

151 2550 186 2598 se
209 2533 360 2614 exhihuit,
383 2532 541 2613 insignem
562 2531 715 2612 pietatem
738 2530 822 2595 circa
844 2531 964 2595 cultum
985 2529 1127 2594 divinum
1156 2530 1341 2609 observavit,

150 2640 183 2699 ct
205 2636 318 2715 omnia,
349 2653 429 2717 quae
462 2634 598 2716 requirit
626 2633 842 2698 ecclesiastica
863 2632 1074 2712 observantia
1106 2634 1255 2700 exercuit
1279 2631 1341 2698 dili·

150 2737 471 2816 genteretstudiosq
495 2754 665 2817 numquam
687 2755 706 2800 a
727 2733 880 2817 praelatis
893 2735 1139 2799 suisaccnsatus
1152 2733 1341 2800 deinohcdi·

153 2840 247 2919 cutia
270 2857 439 2919 numquam
466 2838 551 2902 circa
580 2836 719 2901 debitam
749 2835 962 2900 reverentiam
991 2835 1192 2917 superiorum
1219 2852 1341 2900 suumn

150 2941 236 3004 visus
259 2946 309 3006 est
331 2939 490 3015 remissus,
525 2938 664 3020 quinimo
694 2955 863 3017 numquam
895 2955 915 3001 a
943 2954 1038 3002 verae
1069 2934 1143 3001 fidei
1173 2935 1340 3019 primordio

151 3041 364 3122 usquemodo
386 3039 492 3122 aliqua
512 3038 702 3121 praesertim
724 3036 883 3118 generalis
904 3055 963 3118 per
988 3035 1073 3102 illam
1097 3042 1228 3116 gentem
1241 3036 1342 3103 andita

152 3148 202 3206 est
231 3143 372 3220 rebellio,
405 3141 492 3206 nulla
513 3139 702 3204 universalis
732 3137 872 3204 fidelium
894 3138 1086 3218 persecutio.
1115 3137 1185 3204 Nec
1211 3154 1341 3220 unquam

150 3243 184 3306 in
206 3243 290 3309 dicto
313 3260 412 3323 regno
436 3242 610 3307 subsistere
633 3240 738 3322 potuit
759 3243 848 3304 secta
868 3257 968 3320 prava
989 3239 1222 3321 superstitione
1240 3238 1340 3304 detur·

150 3349 233 3425 pata,
259 3349 392 3425 excepto
415 3361 489 3408 casu
512 3341 684 3425 praesenti,
707 3359 769 3422 quo
792 3341 873 3422 proh
895 3340 998 3404 dolorl
1029 3339 1071 3405 ob
1093 3345 1257 3405 certorum
1278 3357 1341 3420 reg·

151 3445 325 3509 nicolarum
347 3441 510 3526 perfidiam
532 3435 564 3507 in
587 3442 814 3524 suprascriptis
831 3441 994 3515 erroribus
1010 3441 1114 3522 ipsum
1128 3459 1264 3522 regnum
1286 3456 1341 3505 non

152 3545 275 3609 modica
296 3551 372 3609 nota
394 3563 451 3625 per
473 3544 654 3607 universum
678 3543 787 3607 orbem
800 3584 804 3591 -
817 3539 1006 3606 diffamatur,

252 3646 329 3711 Cum
360 3645 458 3725 igitur
481 3662 603 3709 sacuam
638 3661 792 3725 praesens
821 3642 988 3707 concilium
1017 3642 1240 3724 principaliter
1265 3643 1342 3707 inter

151 3755 259 3812 cetera
279 3747 460 3810 institutum
482 3745 533 3823 sit
558 3753 592 3808 ut
614 3744 765 3808 haereses
788 3743 980 3809 exterminet
1001 3748 1034 3807 et
1054 3741 1208 3808 mundum
1230 3741 1339 3809 errori·

99 3908 102 3918 ,
152 3848 212 3912 bus
233 3845 385 3910 iniectum
406 3844 580 3909 reformet:
599 3845 663 3925 jam
686 3844 900 3925 pergratiam
922 3843 1151 3925 omnipotentis
1173 3843 1237 3922 dei,
1260 3844 1341 3924 qu'us

152 3966 205 4012 res
233 3947 346 4027 agitur,
377 3945 461 4011 circa
491 3963 636 4008 errorum
665 3944 927 4025 exstirpationem
949 3942 990 4008 ad
1017 3943 1171 4008 nonnulla
1198 3942 1342 4010 salutum

152 4047 324 4112 salrrbriter
346 4045 514 4128 processit,
536 4044 640 4127 idque,
664 4044 749 4126 quod
778 4045 890 4125 potuit,
913 4043 1003 4109 iecit:
1032 4061 1131 4108 unum
1153 4044 1193 4110 de
1223 4044 1338 4110 duobus

153 4149 215 4214 illis
238 4167 295 4229 per
317 4147 510 4212 sententiam
525 4147 631 4213 curiae
655 4145 790 4210 seculari
806 4144 946 4222 tradidit,
959 4145 1095 4209 alterum
1116 4144 1259 4227 reliquit
1274 4162 1340 4210 oon-

152 4257 204 4315 tra
215 4248 355 4313 lautores
371 4254 403 4312 et
411 4247 622 4312 adhaerentes
637 4262 807 4327 processus
820 4244 1021 4309 fulminando.
1036 4243 1114 4309 (lum
1126 4245 1230 4325 igitur
1240 4249 1342 4311 sancta

153 4357 256 4414 mater
278 4349 413 4413 ecclesia
435 4349 520 4412 circa
547 4366 592 4424 ea,
622 4366 702 4427 quae
723 4351 856 4424 restant
885 4344 1034 4410 videlicet
1057 4345 1255 4411 executionis
1277 4361 1343 4427 pro·

155 4449 285 4528 secutio,
309 4448 450 4513 subsidio
475 4455 507 4513 et
529 4447 674 4512 auxiliari
693 4446 854 4530 juvamine
877 4447 984 4527 regiae
1007 4447 1173 4528 potentiae
1196 4445 1342 4529 indigeat:

155 4549 226 4613 ideo
249 4567 308 4632 per
330 4549 524 4614 reverendos
547 4548 579 4611 iu
613 4545 740 4611 Christo
762 4552 880 4628 patres,
911 4545 1111 4611 uenerabiles
1141 4546 1343 4628 egregiosque

156 4650 251 4723 viros,
274 4647 450 4731 episcopos,
474 4649 623 4714 doctores
646 4653 680 4714 et
700 4647 880 4729 magistros,
911 4646 1112 4728 omniumque
1135 4645 1276 4729 quinque
1296 4662 1343 4713 nt·
