2992 5258
303 421 345 477 84.
363 421 443 476 Cone.
462 420 564 476 elerum
581 421 659 489 Prag.
679 428 777 489 mouet,
797 427 826 473 ut
844 420 926 488 episc
944 420 1050 474 Lutom.
1068 418 1187 488 adjuvet
1285 422 1347 485 579

150 630 212 689 tur.
241 624 289 689 Ne
311 623 409 706 igitur
431 629 521 689 tanta
541 624 574 688 in
595 623 735 688 futurum
759 622 882 688 desidia
904 641 962 689 seu
983 622 1159 688 timiditate>
1179 621 1346 699 ducamini,

151 731 286 809 tempus,
316 745 378 809 quo
401 727 525 791 domum
555 743 613 808 pro
646 723 707 790 fide
734 725 804 806 ipsa
832 723 1058 807 reintegranda
1090 722 1347 803 defensandaque

148 826 182 891 in
205 826 317 892 eodem
345 844 443 908 regno
467 828 550 891 orrrni
572 827 686 891 timore
712 825 891 907 postposito
914 825 1026 890 diebus
1049 844 1085 891 ac
1108 825 1255 890 noctibus
1279 824 1347 889 effi·

149 927 271 993 caciter
291 927 458 993 intendere
484 926 636 992 debeatis.
681 926 820 1006 Ideoque
849 926 1171 1007 circumspectionem
1201 927 1348 991 Vestram

149 1032 274 1092 attente
297 1046 454 1110 rogamus,
477 1028 667 1108 requirimus
691 1033 724 1090 ot
745 1026 909 1091 hortamur
932 1026 1130 1099 indomito,
1154 1032 1190 1091 ut
1214 1026 1345 1091 amodo

150 1126 249 1193 corda
271 1135 378 1194 vestra
400 1146 526 1192 sursum
547 1126 588 1192 ad
609 1127 769 1193 dominum
793 1128 967 1207 erigentes
991 1128 1099 1192 taliter
1121 1129 1240 1208 agatis,
1263 1127 1348 1208 quod

150 1229 230 1294 hoco
246 1229 428 1296 foedissima
449 1229 549 1310 pestis
572 1246 629 1293 seu
644 1229 796 1307 haeresis,
820 1247 900 1310 quoe
923 1235 958 1293 ut
980 1228 1063 1293 lama
1084 1234 1134 1293 est
1154 1229 1348 1309 negligentia

152 1337 258 1395 restra
282 1330 346 1394 illic
367 1329 452 1393 vires
475 1329 641 1407 assumsit,
664 1328 770 1393 divina
793 1328 881 1393 vobis
904 1328 1080 1411 opitulante
1102 1328 1272 1411 clementia
1293 1346 1347 1410 pe-

150 1431 237 1495 nitus
258 1447 278 1493 a
300 1447 399 1510 regno
422 1427 602 1511 hujusmodi
625 1429 809 1510 repellatur.
850 1429 886 1493 In
909 1448 971 1510 quo
994 1448 1064 1523 eum
1086 1429 1171 1494 dicto
1195 1431 1345 1511 episcopo

151 1531 292 1595 unamini
314 1547 472 1595 consensu
488 1535 672 1595 constanter
687 1537 721 1593 et
743 1529 878 1595 virilitor
893 1531 1085 1611 assurgatis3
1109 1530 1192 1611 (prrod
1214 1531 1241 1594 si
1262 1531 1346 1596 feee-

152 1631 234 1711 ritis,
257 1638 293 1697 ut
315 1650 490 1714 speramus,
513 1630 657 1711 justitiae
673 1630 814 1696 debitum
830 1631 1036 1712 exequemini‚
1061 1631 1145 1695 unde
1167 1631 1262 1697 etiam
1283 1651 1348 1697 me·

150 1731 213 1797 rito
236 1731 371 1813 gratiam
399 1733 450 1797 dei
479 1739 512 1797 et
538 1731 784 1795 beniuolentiam
813 1731 972 1796 hominum
996 1749 1051 1796 uos
1074 1732 1225 1814 consequi
1248 1732 1347 1797 uulla-

152 1837 247 1896 tenus
281 1833 458 1897 haesitetis
502 1830 652 1897 Ceterum
674 1831 758 1896 circo
780 1832 904 1912 singula
930 1832 1010 1897 hanc
1031 1833 1194 1898 materiam
1218 1851 1348 1899 coneor-

151 1931 260 1997 nentia
275 1933 306 1996 in
322 1931 500 1998 referendis
523 1932 613 1996 vobis
635 1950 693 2014 per
715 1931 850 1998 eundem
866 1933 1049 2014 episcopum
1072 1931 1164 1998 tidem
1187 1933 1347 1998 credulam

150 2031 302 2112 adhibere
333 2051 478 2099 necnon
504 2033 600 2098 otiam
622 2034 841 2107 executionem
868 2033 1007 2098 debitam
1030 2033 1215 2115 impendere
1231 2034 1347 2112 velitis,

150 2139 247 2216 prout
269 2132 413 2199 dominus
429 2134 499 2216 ipse
521 2134 606 2200 dicto
623 2135 773 2216 episeopo
795 2141 829 2200 ct
850 2135 939 2201 vobis
962 2152 1019 2199 sna
1041 2135 1144 2215 gratia
1166 2134 1346 2216 inspirabit,

151 2234 178 2299 si
201 2252 322 2317 poenas
353 2242 386 2301 et
408 2252 559 2300 censuras
588 2235 666 2299 alias
688 2236 787 2314 vobis,
810 2235 863 2316 qui
886 2235 917 2299 in
940 2234 999 2300 hoc
1020 2235 1127 2300 forsan
1148 2235 1348 2317 negligentes

151 2335 286 2416 fueritis,
323 2356 380 2419 per
413 2339 549 2427 cundem
583 2337 766 2419 episcopum
800 2336 916 2415 cadem,
933 2336 1124 2401 auctoritate
1157 2335 1345 2416 infligendas

150 2437 268 2519 cupitis
290 2438 425 2518 evitare,
448 2446 481 2505 et
503 2457 635 2521 quarum
651 2438 878 2505 relaxationem
901 2455 939 2502 eo
962 2455 1024 2503 non
1040 2437 1261 2501 consentiente
1277 2454 1343 2515 voS,

149 2538 204 2620 qui
239 2556 277 2602 ea
307 2538 531 2618 incurreretis,
564 2558 658 2621 posse
692 2539 838 2604 obtinere
871 2538 1072 2619 aliquatenus
1096 2556 1158 2602 non
1194 2536 1344 2602 credatis.

151 2637 224 2703 Dat.
248 2636 470 2720 Constantieo,
493 2642 536 2705 IV
560 2659 659 2705 nonas
682 2640 887 2721 Septembris,
910 2645 1098 2704 annoanat.
1115 2637 1235 2703 domini
1253 2638 1343 2715 1415,

148 2737 326 2821 apostoliea
347 2738 425 2806 sede
445 2748 589 2805 vacante.
