<?xml version="1.0" encoding="UTF-8"?>
<!DOCTYPE html PUBLIC "-//W3C//DTD XHTML 1.0 Transitional//EN"
    "http://www.w3.org/TR/xhtml1/DTD/xhtml1-transitional.dtd">
<html xmlns="http://www.w3.org/1999/xhtml" xml:lang="en" lang="en">
 <head>
  <title>
</title>
<meta http-equiv="Content-Type" content="text/html;charset=utf-8" />
  <meta name='ocr-system' content='tesseract 3.04.00' />
  <meta name='ocr-capabilities' content='ocr_page ocr_carea ocr_par ocr_line ocrx_word'/>
</head>
<body>
  <div class='ocr_page' id='page_1' title='image "./documentamagjoa00palagoog_0374.png"; bbox 0 0 2992 5258; ppageno 0'>
   <div class='ocr_carea' id='block_1_1' title="bbox 403 429 1304 500">
    <p class='ocr_par' dir='ltr' id='par_1_1' title="bbox 403 429 1304 500">
     <span class='ocr_line' id='line_1_1' title="bbox 403 429 1304 500; baseline 0.002 -14"><span class='ocrx_word' id='word_1_1' title='bbox 403 433 442 487; x_wconf 81' lang='grc'>13.</span> <span class='ocrx_word' id='word_1_2' title='bbox 460 430 589 486; x_wconf 84' lang='lat' dir='ltr'>Formnla</span> <span class='ocrx_word' id='word_1_3' title='bbox 603 429 783 500; x_wconf 85' lang='lat' dir='ltr'>jurisjurandi</span> <span class='ocrx_word' id='word_1_4' title='bbox 801 434 856 484; x_wconf 84' lang='lat' dir='ltr'>nat</span> <span class='ocrx_word' id='word_1_5' title='bbox 875 430 1002 485; x_wconf 87' lang='lat' dir='ltr'>German.</span> <span class='ocrx_word' id='word_1_6' title='bbox 1242 435 1304 500; x_wconf 78' lang='lat'>353</span> 
     </span>
    </p>
   </div>
   <div class='ocr_carea' id='block_1_2' title="bbox 56 635 1305 2317">
    <p class='ocr_par' dir='ltr' id='par_1_2' title="bbox 56 635 1305 2317">
     <span class='ocr_line' id='line_1_2' title="bbox 68 635 1305 720; baseline -0.003 -15"><span class='ocrx_word' id='word_1_7' title='bbox 68 637 266 720; x_wconf 79' lang='lat' dir='ltr'>diligentia</span> <span class='ocrx_word' id='word_1_8' title='bbox 280 637 365 704; x_wconf 90' lang='lat' dir='ltr'>circa</span> <span class='ocrx_word' id='word_1_9' title='bbox 380 637 541 720; x_wconf 87' lang='lat' dir='ltr'>principes</span> <span class='ocrx_word' id='word_1_10' title='bbox 561 637 652 717; x_wconf 80' lang='lat' dir='ltr'>regui</span> <span class='ocrx_word' id='word_1_11' title='bbox 675 635 846 701; x_wconf 89' lang='lat' dir='ltr'>Bohemiac</span> <span class='ocrx_word' id='word_1_12' title='bbox 872 642 906 701; x_wconf 90' lang='lat' dir='ltr'>et</span> <span class='ocrx_word' id='word_1_13' title='bbox 929 635 1064 701; x_wconf 89' lang='lat' dir='ltr'>aliorum</span> <span class='ocrx_word' id='word_1_14' title='bbox 1087 636 1305 719; x_wconf 78' lang='lat' dir='ltr'>(eic)quorum</span> 
     </span>
     <span class='ocr_line' id='line_1_3' title="bbox 69 736 1305 822; baseline -0.002 -17"><span class='ocrx_word' id='word_1_15' title='bbox 69 740 252 821; x_wconf 78' lang='lat' dir='ltr'>interest,</span> <span class='ocrx_word' id='word_1_16' title='bbox 286 745 319 804; x_wconf 88' lang='lat' dir='ltr'>et</span> <span class='ocrx_word' id='word_1_17' title='bbox 351 739 524 822; x_wconf 83' lang='lat' dir='ltr'>praecipue</span> <span class='ocrx_word' id='word_1_18' title='bbox 546 736 631 819; x_wconf 89' lang='lat' dir='ltr'>apud</span> <span class='ocrx_word' id='word_1_19' title='bbox 653 737 692 801; x_wconf 90' lang='lat' dir='ltr'>D.</span> <span class='ocrx_word' id='word_1_20' title='bbox 715 736 936 801; x_wconf 88' lang='lat' dir='ltr'>Wenceslaurn</span> <span class='ocrx_word' id='word_1_21' title='bbox 959 755 1066 818; x_wconf 85' lang='lat' dir='ltr'>regem</span> <span class='ocrx_word' id='word_1_22' title='bbox 1090 736 1305 803; x_wconf 88' lang='lat' dir='ltr'>Boheruorum</span> 
     </span>
     <span class='ocr_line' id='line_1_4' title="bbox 65 837 1303 922; baseline -0.002 -17"><span class='ocrx_word' id='word_1_23' title='bbox 65 844 126 905; x_wconf 85' lang='lat' dir='ltr'>et</span> <span class='ocrx_word' id='word_1_24' title='bbox 161 840 400 918; x_wconf 82' lang='lat' dir='ltr'>Romanorum3</span> <span class='ocrx_word' id='word_1_25' title='bbox 435 837 520 922; x_wconf 87' lang='lat' dir='ltr'>quod</span> <span class='ocrx_word' id='word_1_26' title='bbox 553 838 595 918; x_wconf 85' lang='lat' dir='ltr'>si,</span> <span class='ocrx_word' id='word_1_27' title='bbox 629 837 713 921; x_wconf 88' lang='lat' dir='ltr'>quod</span> <span class='ocrx_word' id='word_1_28' title='bbox 746 838 846 917; x_wconf 80' lang='lat' dir='ltr'>absit,</span> <span class='ocrx_word' id='word_1_29' title='bbox 880 843 1013 921; x_wconf 91' lang='lat' dir='ltr'>propter</span> <span class='ocrx_word' id='word_1_30' title='bbox 1041 856 1168 904; x_wconf 87' lang='lat' dir='ltr'>causam</span> <span class='ocrx_word' id='word_1_31' title='bbox 1191 857 1303 920; x_wconf 90' lang='lat' dir='ltr'>supra·</span> 
     </span>
     <span class='ocr_line' id='line_1_5' title="bbox 62 939 1303 1022; baseline -0.002 -16"><span class='ocrx_word' id='word_1_32' title='bbox 62 939 254 1022; x_wconf 80' lang='lat' dir='ltr'>scriptam</span> <span class='ocrx_word' id='word_1_33' title='bbox 282 959 333 1005; x_wconf 90' lang='lat' dir='ltr'>me</span> <span class='ocrx_word' id='word_1_34' title='bbox 365 940 406 1005; x_wconf 88' lang='lat' dir='ltr'>ab</span> <span class='ocrx_word' id='word_1_35' title='bbox 426 939 639 1004; x_wconf 81' lang='lat' dir='ltr'>universitate</span> <span class='ocrx_word' id='word_1_36' title='bbox 662 939 814 1003; x_wconf 82' lang='lat' dir='ltr'>recedere</span> <span class='ocrx_word' id='word_1_37' title='bbox 836 945 980 1021; x_wconf 77' lang='lat' dir='ltr'>oportet,</span> <span class='ocrx_word' id='word_1_38' title='bbox 1016 939 1100 1020; x_wconf 86' lang='lat' dir='ltr'>quod</span> <span class='ocrx_word' id='word_1_39' title='bbox 1123 958 1186 1004; x_wconf 90' lang='lat' dir='ltr'>uon</span> <span class='ocrx_word' id='word_1_40' title='bbox 1210 939 1303 1005; x_wconf 87' lang='lat' dir='ltr'>velim</span> 
     </span>
     <span class='ocr_line' id='line_1_6' title="bbox 61 1039 1305 1122; baseline -0.005 -12"><span class='ocrx_word' id='word_1_41' title='bbox 61 1039 208 1110; x_wconf 86' lang='lat' dir='ltr'>redire</span> <span class='ocrx_word' id='word_1_42' title='bbox 240 1040 283 1106; x_wconf 86' lang='lat' dir='ltr'>ed</span> <span class='ocrx_word' id='word_1_43' title='bbox 315 1040 571 1121; x_wconf 87' lang='lat' dir='ltr'>universitatem,</span> <span class='ocrx_word' id='word_1_44' title='bbox 605 1041 665 1106; x_wconf 91' lang='lat' dir='ltr'>nisi</span> <span class='ocrx_word' id='word_1_45' title='bbox 704 1040 867 1122; x_wconf 84' lang='lat' dir='ltr'>praefatae</span> <span class='ocrx_word' id='word_1_46' title='bbox 900 1041 1046 1105; x_wconf 88' lang='lat' dir='ltr'>nationes</span> <span class='ocrx_word' id='word_1_47' title='bbox 1079 1040 1112 1104; x_wconf 90' lang='lat' dir='ltr'>iu</span> <span class='ocrx_word' id='word_1_48' title='bbox 1146 1040 1305 1122; x_wconf 84' lang='lat' dir='ltr'>integrum</span> 
     </span>
     <span class='ocr_line' id='line_1_7' title="bbox 61 1139 1304 1221; baseline -0.004 -11"><span class='ocrx_word' id='word_1_49' title='bbox 61 1141 315 1210; x_wconf 86' lang='lat' dir='ltr'>restituantur</span> <span class='ocrx_word' id='word_1_50' title='bbox 336 1142 369 1206; x_wconf 92' lang='lat' dir='ltr'>in</span> <span class='ocrx_word' id='word_1_51' title='bbox 392 1141 537 1207; x_wconf 88' lang='lat' dir='ltr'>erunibus</span> <span class='ocrx_word' id='word_1_52' title='bbox 557 1140 682 1221; x_wconf 88' lang='lat' dir='ltr'>juribus</span> <span class='ocrx_word' id='word_1_53' title='bbox 699 1146 733 1205; x_wconf 90' lang='lat' dir='ltr'>et</span> <span class='ocrx_word' id='word_1_54' title='bbox 755 1140 821 1204; x_wconf 91' lang='lat' dir='ltr'>suis</span> <span class='ocrx_word' id='word_1_55' title='bbox 844 1139 1136 1220; x_wconf 84' lang='lat' dir='ltr'>consuetudinibus,</span> <span class='ocrx_word' id='word_1_56' title='bbox 1159 1139 1205 1205; x_wconf 88' lang='lat' dir='ltr'>ita</span> <span class='ocrx_word' id='word_1_57' title='bbox 1220 1141 1304 1220; x_wconf 91' lang='lat' dir='ltr'>quod</span> 
     </span>
     <span class='ocr_line' id='line_1_8' title="bbox 60 1239 1302 1321; baseline -0.007 -9"><span class='ocrx_word' id='word_1_58' title='bbox 60 1242 209 1312; x_wconf 87' lang='lat' dir='ltr'>nullus</span> <span class='ocrx_word' id='word_1_59' title='bbox 239 1241 421 1308; x_wconf 87' lang='lat' dir='ltr'>iraudulose</span> <span class='ocrx_word' id='word_1_60' title='bbox 450 1260 507 1306; x_wconf 89' lang='lat' dir='ltr'>sno</span> <span class='ocrx_word' id='word_1_61' title='bbox 531 1240 743 1306; x_wconf 90' lang='lat' dir='ltr'>ernolnrucnto</span> <span class='ocrx_word' id='word_1_62' title='bbox 774 1239 990 1306; x_wconf 87' lang='lat' dir='ltr'>defraudetur.</span> <span class='ocrx_word' id='word_1_63' title='bbox 1025 1240 1067 1305; x_wconf 86' lang='lat' dir='ltr'>Et</span> <span class='ocrx_word' id='word_1_64' title='bbox 1096 1241 1129 1304; x_wconf 93' lang='lat' dir='ltr'>iu</span> <span class='ocrx_word' id='word_1_65' title='bbox 1151 1240 1302 1321; x_wconf 85' lang='lat' dir='ltr'>majorem</span> 
     </span>
     <span class='ocr_line' id='line_1_9' title="bbox 56 1340 1304 1425; baseline -0.007 -11"><span class='ocrx_word' id='word_1_66' title='bbox 56 1342 284 1414; x_wconf 87' lang='lat' dir='ltr'>firmitatem</span> <span class='ocrx_word' id='word_1_67' title='bbox 306 1341 399 1425; x_wconf 90' lang='lat' dir='ltr'>hujus</span> <span class='ocrx_word' id='word_1_68' title='bbox 422 1341 640 1423; x_wconf 87' lang='lat' dir='ltr'>promissionis</span> <span class='ocrx_word' id='word_1_69' title='bbox 653 1359 712 1422; x_wconf 83' lang='lat' dir='ltr'>ego</span> <span class='ocrx_word' id='word_1_70' title='bbox 726 1358 764 1404; x_wconf 86' lang='lat' dir='ltr'>eu</span> <span class='ocrx_word' id='word_1_71' title='bbox 780 1360 863 1405; x_wconf 93' lang='lat' dir='ltr'>nunc</span> <span class='ocrx_word' id='word_1_72' title='bbox 878 1340 979 1406; x_wconf 91' lang='lat' dir='ltr'>libere</span> <span class='ocrx_word' id='word_1_73' title='bbox 996 1350 1029 1406; x_wconf 90' lang='lat' dir='ltr'>et</span> <span class='ocrx_word' id='word_1_74' title='bbox 1044 1341 1170 1406; x_wconf 90' lang='lat' dir='ltr'>omnino</span> <span class='ocrx_word' id='word_1_75' title='bbox 1186 1348 1304 1423; x_wconf 89' lang='lat' dir='ltr'>sponte</span> 
     </span>
     <span class='ocr_line' id='line_1_10' title="bbox 61 1442 1304 1524; baseline -0.006 -11"><span class='ocrx_word' id='word_1_76' title='bbox 61 1459 209 1513; x_wconf 85' lang='lat' dir='ltr'>coram</span> <span class='ocrx_word' id='word_1_77' title='bbox 240 1442 330 1509; x_wconf 87' lang='lat' dir='ltr'>vobis</span> <span class='ocrx_word' id='word_1_78' title='bbox 359 1443 484 1508; x_wconf 88' lang='lat' dir='ltr'>notario</span> <span class='ocrx_word' id='word_1_79' title='bbox 514 1442 666 1507; x_wconf 88' lang='lat' dir='ltr'>submitto</span> <span class='ocrx_word' id='word_1_80' title='bbox 696 1460 746 1505; x_wconf 91' lang='lat' dir='ltr'>me</span> <span class='ocrx_word' id='word_1_81' title='bbox 776 1442 953 1524; x_wconf 89' lang='lat' dir='ltr'>cuicunque</span> <span class='ocrx_word' id='word_1_82' title='bbox 972 1442 1081 1523; x_wconf 79' lang='lat' dir='ltr'>judici,</span> <span class='ocrx_word' id='word_1_83' title='bbox 1105 1443 1158 1523; x_wconf 92' lang='lat' dir='ltr'>qui</span> <span class='ocrx_word' id='word_1_84' title='bbox 1180 1460 1304 1524; x_wconf 88' lang='lat' dir='ltr'>aprae-</span> 
     </span>
     <span class='ocr_line' id='line_1_11' title="bbox 61 1540 1304 1626; baseline -0.001 -18"><span class='ocrx_word' id='word_1_85' title='bbox 61 1543 175 1616; x_wconf 79' lang='lat' dir='ltr'>fatis</span> <span class='ocrx_word' id='word_1_86' title='bbox 191 1543 375 1608; x_wconf 88' lang='lat' dir='ltr'>nationibus</span> <span class='ocrx_word' id='word_1_87' title='bbox 398 1543 447 1608; x_wconf 86' lang='lat' dir='ltr'>vel</span> <span class='ocrx_word' id='word_1_88' title='bbox 463 1542 568 1624; x_wconf 89' lang='lat' dir='ltr'>aliqua</span> <span class='ocrx_word' id='word_1_89' title='bbox 584 1561 701 1621; x_wconf 85' lang='lat' dir='ltr'>earum,</span> <span class='ocrx_word' id='word_1_90' title='bbox 724 1541 776 1606; x_wconf 89' lang='lat' dir='ltr'>vel</span> <span class='ocrx_word' id='word_1_91' title='bbox 791 1542 830 1607; x_wconf 92' lang='lat' dir='ltr'>ab</span> <span class='ocrx_word' id='word_1_92' title='bbox 844 1543 950 1623; x_wconf 91' lang='lat' dir='ltr'>aliqua</span> <span class='ocrx_word' id='word_1_93' title='bbox 964 1560 1102 1626; x_wconf 89' lang='lat' dir='ltr'>persona</span> <span class='ocrx_word' id='word_1_94' title='bbox 1117 1540 1157 1607; x_wconf 93' lang='lat' dir='ltr'>de</span> <span class='ocrx_word' id='word_1_95' title='bbox 1172 1559 1304 1608; x_wconf 89' lang='lat' dir='ltr'>nurnero</span> 
     </span>
     <span class='ocr_line' id='line_1_12' title="bbox 63 1641 1304 1726; baseline 0 -19"><span class='ocrx_word' id='word_1_96' title='bbox 63 1660 221 1715; x_wconf 82' lang='lat' dir='ltr'>earum,</span> <span class='ocrx_word' id='word_1_97' title='bbox 248 1643 423 1726; x_wconf 88' lang='lat' dir='ltr'>requisitus</span> <span class='ocrx_word' id='word_1_98' title='bbox 446 1642 542 1709; x_wconf 87' lang='lat' dir='ltr'>luerit</span> <span class='ocrx_word' id='word_1_99' title='bbox 559 1643 598 1708; x_wconf 85' lang='lat' dir='ltr'>ad</span> <span class='ocrx_word' id='word_1_100' title='bbox 623 1641 956 1708; x_wconf 82' lang='lat' dir='ltr'>excommunicandum</span> <span class='ocrx_word' id='word_1_101' title='bbox 979 1649 1012 1708; x_wconf 88' lang='lat' dir='ltr'>et</span> <span class='ocrx_word' id='word_1_102' title='bbox 1033 1642 1074 1708; x_wconf 87' lang='lat' dir='ltr'>ad</span> <span class='ocrx_word' id='word_1_103' title='bbox 1096 1642 1259 1724; x_wconf 87' lang='lat' dir='ltr'>perjurum</span> <span class='ocrx_word' id='word_1_104' title='bbox 1271 1648 1304 1707; x_wconf 91' lang='lat' dir='ltr'>et</span> 
     </span>
     <span class='ocr_line' id='line_1_13' title="bbox 63 1741 1303 1826; baseline 0.001 -19"><span class='ocrx_word' id='word_1_105' title='bbox 63 1752 225 1817; x_wconf 81' lang='lat' dir='ltr'>honore</span> <span class='ocrx_word' id='word_1_106' title='bbox 259 1743 418 1826; x_wconf 87' lang='lat' dir='ltr'>privatum</span> <span class='ocrx_word' id='word_1_107' title='bbox 451 1742 676 1809; x_wconf 88' lang='lat' dir='ltr'>declarandum</span> <span class='ocrx_word' id='word_1_108' title='bbox 698 1751 730 1808; x_wconf 92' lang='lat' dir='ltr'>et</span> <span class='ocrx_word' id='word_1_109' title='bbox 762 1741 803 1808; x_wconf 89' lang='lat' dir='ltr'>ad</span> <span class='ocrx_word' id='word_1_110' title='bbox 836 1742 1105 1823; x_wconf 87' lang='lat' dir='ltr'>senteutiandum,</span> <span class='ocrx_word' id='word_1_111' title='bbox 1141 1762 1190 1807; x_wconf 90' lang='lat' dir='ltr'>me</span> <span class='ocrx_word' id='word_1_112' title='bbox 1216 1742 1303 1825; x_wconf 88' lang='lat' dir='ltr'>justo</span> 
     </span>
     <span class='ocr_line' id='line_1_14' title="bbox 67 1841 1304 1926; baseline -0.005 -16"><span class='ocrx_word' id='word_1_113' title='bbox 67 1843 197 1917; x_wconf 79' lang='lat' dir='ltr'>titulo</span> <span class='ocrx_word' id='word_1_114' title='bbox 220 1843 351 1910; x_wconf 87' lang='lat' dir='ltr'>cuilibet</span> <span class='ocrx_word' id='word_1_115' title='bbox 373 1862 528 1926; x_wconf 88' lang='lat' dir='ltr'>personae</span> <span class='ocrx_word' id='word_1_116' title='bbox 557 1844 597 1909; x_wconf 90' lang='lat' dir='ltr'>de</span> <span class='ocrx_word' id='word_1_117' title='bbox 625 1842 778 1925; x_wconf 82' lang='lat' dir='ltr'>praelatis</span> <span class='ocrx_word' id='word_1_118' title='bbox 809 1841 992 1909; x_wconf 91' lang='lat' dir='ltr'>nationibus</span> <span class='ocrx_word' id='word_1_119' title='bbox 1014 1844 1047 1908; x_wconf 90' lang='lat' dir='ltr'>in</span> <span class='ocrx_word' id='word_1_120' title='bbox 1069 1850 1196 1909; x_wconf 90' lang='lat' dir='ltr'>centurn</span> <span class='ocrx_word' id='word_1_121' title='bbox 1217 1861 1304 1907; x_wconf 79' lang='lat' dir='ltr'>sexa.</span> 
     </span>
     <span class='ocr_line' id='line_1_15' title="bbox 68 1941 1305 2028; baseline 0.003 -22"><span class='ocrx_word' id='word_1_122' title='bbox 68 1941 253 2025; x_wconf 81' lang='lat' dir='ltr'>obligari,</span> <span class='ocrx_word' id='word_1_123' title='bbox 286 1944 313 2009; x_wconf 91' lang='lat' dir='ltr'>si</span> <span class='ocrx_word' id='word_1_124' title='bbox 343 1942 519 2026; x_wconf 87' lang='lat' dir='ltr'>praefatum</span> <span class='ocrx_word' id='word_1_125' title='bbox 554 1944 745 2027; x_wconf 88' lang='lat' dir='ltr'>promissum</span> <span class='ocrx_word' id='word_1_126' title='bbox 766 1944 800 2008; x_wconf 92' lang='lat' dir='ltr'>in</span> <span class='ocrx_word' id='word_1_127' title='bbox 822 1949 891 2010; x_wconf 89' lang='lat' dir='ltr'>toto</span> <span class='ocrx_word' id='word_1_128' title='bbox 914 1946 965 2011; x_wconf 84' lang='lat' dir='ltr'>vel</span> <span class='ocrx_word' id='word_1_129' title='bbox 985 1945 1019 2010; x_wconf 92' lang='lat' dir='ltr'>in</span> <span class='ocrx_word' id='word_1_130' title='bbox 1041 1951 1133 2028; x_wconf 89' lang='lat' dir='ltr'>parte</span> <span class='ocrx_word' id='word_1_131' title='bbox 1154 1962 1221 2010; x_wconf 92' lang='lat' dir='ltr'>non</span> <span class='ocrx_word' id='word_1_132' title='bbox 1236 1963 1305 2010; x_wconf 90' lang='lat' dir='ltr'>ser·</span> 
     </span>
     <span class='ocr_line' id='line_1_16' title="bbox 67 2044 1304 2127; baseline -0.003 -13"><span class='ocrx_word' id='word_1_133' title='bbox 67 2060 227 2124; x_wconf 71' lang='lat' dir='ltr'>vatem</span> <span class='ocrx_word' id='word_1_134' title='bbox 250 2044 312 2109; x_wconf 89' lang='lat' dir='ltr'>nisi</span> <span class='ocrx_word' id='word_1_135' title='bbox 334 2044 535 2110; x_wconf 90' lang='lat' dir='ltr'>concorditer</span> <span class='ocrx_word' id='word_1_136' title='bbox 557 2063 616 2127; x_wconf 91' lang='lat' dir='ltr'>per</span> <span class='ocrx_word' id='word_1_137' title='bbox 637 2045 798 2127; x_wconf 87' lang='lat' dir='ltr'>praelatas</span> <span class='ocrx_word' id='word_1_138' title='bbox 820 2046 966 2111; x_wconf 77' lang='lat' dir='ltr'>nabones</span> <span class='ocrx_word' id='word_1_139' title='bbox 989 2045 1082 2113; x_wconf 90' lang='lat' dir='ltr'>aliter</span> <span class='ocrx_word' id='word_1_140' title='bbox 1104 2045 1202 2111; x_wconf 82' lang='lat' dir='ltr'>luerit</span> <span class='ocrx_word' id='word_1_141' title='bbox 1217 2045 1304 2111; x_wconf 90' lang='lat' dir='ltr'>ordi·</span> 
     </span>
     <span class='ocr_line' id='line_1_17' title="bbox 68 2142 1301 2229; baseline 0.002 -20"><span class='ocrx_word' id='word_1_142' title='bbox 68 2152 221 2219; x_wconf 83' lang='lat' dir='ltr'>natum.</span> <span class='ocrx_word' id='word_1_143' title='bbox 243 2143 287 2209; x_wconf 85' lang='lat' dir='ltr'>Et</span> <span class='ocrx_word' id='word_1_144' title='bbox 308 2145 336 2209; x_wconf 95' lang='lat' dir='ltr'>si</span> <span class='ocrx_word' id='word_1_145' title='bbox 356 2145 485 2229; x_wconf 88' lang='lat' dir='ltr'>aliquod</span> <span class='ocrx_word' id='word_1_146' title='bbox 506 2144 635 2210; x_wconf 90' lang='lat' dir='ltr'>dubium</span> <span class='ocrx_word' id='word_1_147' title='bbox 662 2147 747 2211; x_wconf 84' lang='lat' dir='ltr'>circu</span> <span class='ocrx_word' id='word_1_148' title='bbox 768 2147 945 2228; x_wconf 87' lang='lat' dir='ltr'>praemissa</span> <span class='ocrx_word' id='word_1_149' title='bbox 966 2142 1114 2223; x_wconf 77' lang='lat' dir='ltr'>oriretur,</span> <span class='ocrx_word' id='word_1_150' title='bbox 1141 2146 1301 2228; x_wconf 89' lang='lat' dir='ltr'>interpre-</span> 
     </span>
     <span class='ocr_line' id='line_1_18' title="bbox 66 2244 962 2317; baseline -0.006 0"><span class='ocrx_word' id='word_1_151' title='bbox 66 2244 218 2317; x_wconf 80' lang='lat' dir='ltr'>tattoni</span> <span class='ocrx_word' id='word_1_152' title='bbox 240 2247 339 2312; x_wconf 83' lang='lat' dir='ltr'>trium</span> <span class='ocrx_word' id='word_1_153' title='bbox 361 2245 525 2314; x_wconf 79' lang='lat' dir='ltr'>nadonuru</span> <span class='ocrx_word' id='word_1_154' title='bbox 549 2246 752 2314; x_wconf 89' lang='lat' dir='ltr'>concorditer</span> <span class='ocrx_word' id='word_1_155' title='bbox 774 2249 844 2314; x_wconf 93' lang='lat' dir='ltr'>volo</span> <span class='ocrx_word' id='word_1_156' title='bbox 867 2255 962 2316; x_wconf 88' lang='lat' dir='ltr'>stare.</span> 
     </span>
    </p>
   </div>
   <div class='ocr_carea' id='block_1_3' title="bbox 677 2528 736 2602">
    <p class='ocr_par' dir='ltr' id='par_1_3' title="bbox 677 2528 736 2602">
     <span class='ocr_line' id='line_1_19' title="bbox 677 2528 736 2602; baseline 0.051 -3"><span class='ocrx_word' id='word_1_157' title='bbox 677 2528 736 2602; x_wconf 65' lang='lat'>14</span> 
     </span>
    </p>
   </div>
   <div class='ocr_carea' id='block_1_4' title="bbox 52 2676 1304 3067">
    <p class='ocr_par' dir='ltr' id='par_1_4' title="bbox 52 2676 1304 3067">
     <span class='ocr_line' id='line_1_20' title="bbox 57 2676 1304 2795; baseline 0.008 -34"><span class='ocrx_word' id='word_1_158' title='bbox 57 2676 149 2765; x_wconf 91' lang='lat' dir='ltr'>M.</span> <span class='ocrx_word' id='word_1_159' title='bbox 188 2686 233 2772; x_wconf 84' lang='lat' dir='ltr'>J.</span> <span class='ocrx_word' id='word_1_160' title='bbox 262 2685 356 2770; x_wconf 89' lang='lat' dir='ltr'>Hus</span> <span class='ocrx_word' id='word_1_161' title='bbox 382 2687 516 2770; x_wconf 89' lang='lat' dir='ltr'>literis</span> <span class='ocrx_word' id='word_1_162' title='bbox 543 2686 730 2795; x_wconf 87' lang='lat' dir='ltr'>publicis</span> <span class='ocrx_word' id='word_1_163' title='bbox 758 2686 881 2792; x_wconf 87' lang='lat' dir='ltr'>diluit</span> <span class='ocrx_word' id='word_1_164' title='bbox 908 2688 1066 2769; x_wconf 90' lang='lat' dir='ltr'>crimen</span> <span class='ocrx_word' id='word_1_165' title='bbox 1088 2688 1198 2772; x_wconf 87' lang='lat' dir='ltr'>falso</span> <span class='ocrx_word' id='word_1_166' title='bbox 1220 2688 1304 2771; x_wconf 87' lang='lat' dir='ltr'>sibi</span> 
     </span>
     <span class='ocr_line' id='line_1_21' title="bbox 52 2812 1304 2931; baseline 0.007 -35"><span class='ocrx_word' id='word_1_167' title='bbox 52 2812 335 2928; x_wconf 85' lang='lat' dir='ltr'>objectum,</span> <span class='ocrx_word' id='word_1_168' title='bbox 373 2820 491 2931; x_wconf 90' lang='lat' dir='ltr'>quod</span> <span class='ocrx_word' id='word_1_169' title='bbox 520 2816 764 2905; x_wconf 84' lang='lat' dir='ltr'>Germanos</span> <span class='ocrx_word' id='word_1_170' title='bbox 792 2851 844 2903; x_wconf 83' lang='lat' dir='ltr'>ex</span> <span class='ocrx_word' id='word_1_171' title='bbox 871 2825 1147 2905; x_wconf 87' lang='lat' dir='ltr'>universitate</span> <span class='ocrx_word' id='word_1_172' title='bbox 1174 2821 1304 2905; x_wconf 90' lang='lat' dir='ltr'>studii</span> 
     </span>
     <span class='ocr_line' id='line_1_22' title="bbox 464 2953 945 3067; baseline 0.004 -31"><span class='ocrx_word' id='word_1_173' title='bbox 464 2953 694 3066; x_wconf 82' lang='lat' dir='ltr'>Pragensis</span> <span class='ocrx_word' id='word_1_174' title='bbox 722 2957 945 3067; x_wconf 81' lang='lat' dir='ltr'>expulerit.</span> 
     </span>
    </p>
   </div>
   <div class='ocr_carea' id='block_1_5' title="bbox 661 3137 752 3203">
    <p class='ocr_par' dir='ltr' id='par_1_5' title="bbox 661 3137 752 3203">
     <span class='ocr_line' id='line_1_23' title="bbox 661 3137 752 3203; baseline 0.033 -3"><span class='ocrx_word' id='word_1_175' title='bbox 661 3137 692 3200; x_wconf 80' lang='lat' dir='ltr'>(s.</span> <span class='ocrx_word' id='word_1_176' title='bbox 714 3137 752 3203; x_wconf 85' lang='lat' dir='ltr'>d.)</span> 
     </span>
    </p>
   </div>
   <div class='ocr_carea' id='block_1_6' title="bbox 60 3357 1289 3523">
    <p class='ocr_par' dir='ltr' id='par_1_6' title="bbox 60 3357 1289 3523">
     <span class='ocr_line' id='line_1_24' title="bbox 60 3357 1289 3440; baseline 0.003 -21"><span class='ocrx_word' id='word_1_177' title='bbox 60 3357 187 3419; x_wconf 68' lang='lat' dir='ltr'>(Eae</span> <span class='ocrx_word' id='word_1_178' title='bbox 203 3371 379 3440; x_wconf 75' lang='lat' dir='ltr'>arctopraplru</span> <span class='ocrx_word' id='word_1_179' title='bbox 399 3372 496 3423; x_wconf 80' lang='lat' dir='ltr'>charte</span> <span class='ocrx_word' id='word_1_180' title='bbox 516 3372 626 3434; x_wconf 63' lang='lat' dir='ltr'>nouacula,</span> <span class='ocrx_word' id='word_1_181' title='bbox 645 3390 716 3439; x_wconf 76' lang='lat' dir='ltr'>quoe</span> <span class='ocrx_word' id='word_1_182' title='bbox 733 3371 814 3424; x_wconf 77' lang='lat' dir='ltr'>bodie</span> <span class='ocrx_word' id='word_1_183' title='bbox 830 3380 959 3425; x_wconf 79' lang='lat' dir='ltr'>servetur</span> <span class='ocrx_word' id='word_1_184' title='bbox 977 3374 1048 3424; x_wconf 76' lang='lat' dir='ltr'>inter</span> <span class='ocrx_word' id='word_1_185' title='bbox 1066 3372 1176 3425; x_wconf 80' lang='lat' dir='ltr'>cimelia</span> <span class='ocrx_word' id='word_1_186' title='bbox 1196 3372 1289 3425; x_wconf 80' lang='lat' dir='ltr'>Musei</span> 
     </span>
     <span class='ocr_line' id='line_1_25' title="bbox 568 3456 845 3523; baseline 0.011 -18"><span class='ocrx_word' id='word_1_187' title='bbox 568 3458 647 3523; x_wconf 72' lang='lat' dir='ltr'>reponi</span> <span class='ocrx_word' id='word_1_188' title='bbox 668 3456 845 3519; x_wconf 65' lang='lat' dir='ltr'>Belemina)</span> 
     </span>
    </p>
   </div>
   <div class='ocr_carea' id='block_1_7' title="bbox 47 3688 1306 4415">
    <p class='ocr_par' dir='ltr' id='par_1_7' title="bbox 309 3688 1305 3842">
     <span class='ocr_line' id='line_1_26' title="bbox 309 3688 1305 3760; baseline 0.002 -17"><span class='ocrx_word' id='word_1_189' title='bbox 309 3688 399 3757; x_wconf 82' lang='lat' dir='ltr'>„Haec</span> <span class='ocrx_word' id='word_1_190' title='bbox 417 3688 585 3759; x_wconf 84' lang='lat' dir='ltr'>subsequens</span> <span class='ocrx_word' id='word_1_191' title='bbox 595 3689 711 3758; x_wconf 87' lang='lat' dir='ltr'>epistola</span> <span class='ocrx_word' id='word_1_192' title='bbox 728 3691 837 3759; x_wconf 89' lang='lat' dir='ltr'>propria</span> <span class='ocrx_word' id='word_1_193' title='bbox 849 3707 929 3745; x_wconf 87' lang='lat' dir='ltr'>manu</span> <span class='ocrx_word' id='word_1_194' title='bbox 947 3692 1097 3760; x_wconf 83' lang='lat' dir='ltr'>perscripta</span> <span class='ocrx_word' id='word_1_195' title='bbox 1107 3697 1150 3746; x_wconf 85' lang='lat' dir='ltr'>est</span> <span class='ocrx_word' id='word_1_196' title='bbox 1166 3697 1305 3746; x_wconf 82' lang='lat' dir='ltr'>asunctae</span> 
     </span>
     <span class='ocr_line' id='line_1_27' title="bbox 375 3773 1305 3842; baseline 0 -14"><span class='ocrx_word' id='word_1_197' title='bbox 375 3778 403 3828; x_wconf 89' lang='lat' dir='ltr'>et</span> <span class='ocrx_word' id='word_1_198' title='bbox 419 3773 481 3842; x_wconf 84' lang='lat' dir='ltr'>piae</span> <span class='ocrx_word' id='word_1_199' title='bbox 506 3774 652 3828; x_wconf 89' lang='lat' dir='ltr'>memoriae</span> <span class='ocrx_word' id='word_1_200' title='bbox 675 3773 736 3828; x_wconf 91' lang='lat' dir='ltr'>divo</span> <span class='ocrx_word' id='word_1_201' title='bbox 753 3775 858 3829; x_wconf 86' lang='lat' dir='ltr'>Joanne</span> <span class='ocrx_word' id='word_1_202' title='bbox 876 3775 975 3830; x_wconf 87' lang='lat' dir='ltr'>llnssio</span> <span class='ocrx_word' id='word_1_203' title='bbox 1002 3775 1221 3831; x_wconf 86' lang='lat' dir='ltr'>constantissimo</span> <span class='ocrx_word' id='word_1_204' title='bbox 1237 3775 1305 3829; x_wconf 87' lang='lat' dir='ltr'>Jesu</span> 
     </span>
    </p>

    <p class='ocr_par' dir='ltr' id='par_1_8' title="bbox 47 3857 1306 4385">
     <span class='ocr_line' id='line_1_28' title="bbox 376 3857 898 3927; baseline 0 -16"><span class='ocrx_word' id='word_1_205' title='bbox 376 3857 475 3912; x_wconf 88' lang='lat' dir='ltr'>Christi</span> <span class='ocrx_word' id='word_1_206' title='bbox 493 3857 594 3913; x_wconf 88' lang='lat' dir='ltr'>domini</span> <span class='ocrx_word' id='word_1_207' title='bbox 612 3858 696 3911; x_wconf 88' lang='lat' dir='ltr'>nostri</span> <span class='ocrx_word' id='word_1_208' title='bbox 715 3862 858 3927; x_wconf 64' lang='lat' dir='ltr'>martyrol</span> <span class='ocrx_word' id='word_1_209' title='bbox 872 3860 898 3927; x_wconf 82' lang='grc'>*)</span> 
     </span>
     <span class='ocr_line' id='line_1_29' title="bbox 47 4023 1305 4119; baseline 0 -42"><span class='ocrx_word' id='word_1_210' title='bbox 47 4074 72 4119; x_wconf 64' lang='lat' dir='ltr'><strong>h</strong></span> <span class='ocrx_word' id='word_1_211' title='bbox 211 4023 315 4094; x_wconf 73' lang='lat' dir='ltr'>(Teryo</span> <span class='ocrx_word' id='word_1_212' title='bbox 333 4026 447 4079; x_wconf 75' lang='lat' dir='ltr'>chartae</span> <span class='ocrx_word' id='word_1_213' title='bbox 463 4026 670 4095; x_wconf 54' lang='lat' dir='ltr'>ademptura)</span> <span class='ocrx_word' id='word_1_214' title='bbox 683 4031 873 4093; x_wconf 82' lang='lat' dir='ltr'>„Superscriptio</span> <span class='ocrx_word' id='word_1_215' title='bbox 888 4032 959 4091; x_wconf 86' lang='lat' dir='ltr'>hujus</span> <span class='ocrx_word' id='word_1_216' title='bbox 977 4030 1092 4092; x_wconf 85' lang='lat' dir='ltr'>epistolae</span> <span class='ocrx_word' id='word_1_217' title='bbox 1110 4033 1200 4092; x_wconf 80' lang='lat' dir='ltr'>scripta</span> <span class='ocrx_word' id='word_1_218' title='bbox 1220 4036 1258 4078; x_wconf 81' lang='lat' dir='ltr'>est</span> <span class='ocrx_word' id='word_1_219' title='bbox 1275 4033 1305 4078; x_wconf 91' lang='lat' dir='ltr'>nb</span> 
     </span>
     <span class='ocr_line' id='line_1_30' title="bbox 51 4093 1306 4201; baseline 0.004 -46"><span class='ocrx_word' id='word_1_220' title='bbox 51 4093 228 4201; x_wconf 44' lang='lat' dir='ltr'>³³⁹¹}th</span> <span class='ocrx_word' id='word_1_221' title='bbox 244 4108 354 4157; x_wconf 76' lang='lat' dir='ltr'>Huasita.</span> <span class='ocrx_word' id='word_1_222' title='bbox 373 4111 475 4158; x_wconf 84' lang='lat' dir='ltr'>Iuventa</span> <span class='ocrx_word' id='word_1_223' title='bbox 495 4118 532 4157; x_wconf 77' lang='lat' dir='ltr'>ost</span> <span class='ocrx_word' id='word_1_224' title='bbox 549 4113 607 4159; x_wconf 87' lang='lat' dir='ltr'>baec</span> <span class='ocrx_word' id='word_1_225' title='bbox 626 4113 727 4173; x_wconf 85' lang='lat' dir='ltr'>epistola</span> <span class='ocrx_word' id='word_1_226' title='bbox 744 4114 768 4160; x_wconf 92' lang='lat' dir='ltr'>in</span> <span class='ocrx_word' id='word_1_227' title='bbox 788 4113 932 4160; x_wconf 85' lang='lat' dir='ltr'>bibliotheca</span> <span class='ocrx_word' id='word_1_228' title='bbox 952 4113 1046 4173; x_wconf 80' lang='lat' dir='ltr'>collegii</span> <span class='ocrx_word' id='word_1_229' title='bbox 1064 4115 1271 4175; x_wconf 79' lang='lat' dir='ltr'>archiepiscopalis</span> <span class='ocrx_word' id='word_1_230' title='bbox 1291 4128 1306 4160; x_wconf 79' lang='lat' dir='ltr'>a</span> 
     </span>
     <span class='ocr_line' id='line_1_31' title="bbox 76 4176 1305 4258; baseline 0.006 -20"><span class='ocrx_word' id='word_1_231' title='bbox 76 4176 202 4237; x_wconf 69' lang='lat' dir='ltr'>⁰⁸¹²ne</span> <span class='ocrx_word' id='word_1_232' title='bbox 217 4192 307 4240; x_wconf 79' lang='lat' dir='ltr'>&#39;lhome</span> <span class='ocrx_word' id='word_1_233' title='bbox 317 4190 465 4256; x_wconf 79' lang='lat' dir='ltr'>Bergbaner,</span> <span class='ocrx_word' id='word_1_234' title='bbox 482 4202 539 4242; x_wconf 90' lang='lat' dir='ltr'>tunc</span> <span class='ocrx_word' id='word_1_235' title='bbox 555 4197 668 4256; x_wconf 85' lang='lat' dir='ltr'>temporis</span> <span class='ocrx_word' id='word_1_236' title='bbox 685 4196 781 4243; x_wconf 86' lang='lat' dir='ltr'>alumno</span> <span class='ocrx_word' id='word_1_237' title='bbox 793 4196 894 4258; x_wconf 84' lang='lat' dir='ltr'>praelati</span> <span class='ocrx_word' id='word_1_238' title='bbox 909 4197 1004 4256; x_wconf 78' lang='lat' dir='ltr'>collegii</span> <span class='ocrx_word' id='word_1_239' title='bbox 1018 4199 1088 4256; x_wconf 75' lang='lat'>1705,</span> <span class='ocrx_word' id='word_1_240' title='bbox 1102 4204 1126 4244; x_wconf 90' lang='lat' dir='ltr'>et</span> <span class='ocrx_word' id='word_1_241' title='bbox 1137 4212 1180 4258; x_wconf 90' lang='lat' dir='ltr'>pro</span> <span class='ocrx_word' id='word_1_242' title='bbox 1191 4196 1305 4245; x_wconf 82' lang='lat' dir='ltr'>memoria</span> 
     </span>
     <span class='ocr_line' id='line_1_32' title="bbox 60 4252 1302 4385; baseline 0.006 -64"><span class='ocrx_word' id='word_1_243' title='bbox 60 4252 262 4385; x_wconf 46' lang='lat' dir='ltr'>:gimundo</span> <span class='ocrx_word' id='word_1_244' title='bbox 279 4286 334 4338; x_wconf 84' lang='lat' dir='ltr'>post</span> <span class='ocrx_word' id='word_1_245' title='bbox 351 4279 441 4327; x_wconf 85' lang='lat' dir='ltr'>vitrum</span> <span class='ocrx_word' id='word_1_246' title='bbox 460 4281 544 4340; x_wconf 79' lang='lat' dir='ltr'>posita,</span> <span class='ocrx_word' id='word_1_247' title='bbox 570 4288 596 4327; x_wconf 90' lang='lat' dir='ltr'>ut</span> <span class='ocrx_word' id='word_1_248' title='bbox 614 4281 719 4340; x_wconf 81' lang='lat' dir='ltr'>legentes</span> <span class='ocrx_word' id='word_1_249' title='bbox 737 4280 888 4342; x_wconf 83' lang='lat' dir='ltr'>iniquitatem</span> <span class='ocrx_word' id='word_1_250' title='bbox 905 4281 1081 4328; x_wconf 78' lang='lat' dir='ltr'>haeresiarchae</span> <span class='ocrx_word' id='word_1_251' title='bbox 1099 4282 1254 4339; x_wconf 84' lang='lat' dir='ltr'>detestentur,</span> <span class='ocrx_word' id='word_1_252' title='bbox 1272 4283 1302 4329; x_wconf 83' lang='lat' dir='ltr'>ab</span> 
     </span>
    </p>

    <p class='ocr_par' dir='ltr' id='par_1_9' title="bbox 138 4360 287 4415">
     <span class='ocr_line' id='line_1_33' title="bbox 138 4360 287 4415; baseline 0.027 -10"><span class='ocrx_word' id='word_1_253' title='bbox 138 4360 203 4415; x_wconf 60' lang='lat' dir='ltr'>eni,</span> <span class='ocrx_word' id='word_1_254' title='bbox 219 4361 287 4409; x_wconf 80' lang='grc'>1711.</span> 
     </span>
    </p>
   </div>
   <div class='ocr_carea' id='block_1_8' title="bbox 213 4440 1154 4511">
    <p class='ocr_par' dir='ltr' id='par_1_10' title="bbox 213 4440 1154 4511">
     <span class='ocr_line' id='line_1_34' title="bbox 213 4440 1154 4511; baseline 0.005 -21"><span class='ocrx_word' id='word_1_255' title='bbox 213 4440 263 4505; x_wconf 73' lang='lat' dir='ltr'>(it)</span> <span class='ocrx_word' id='word_1_256' title='bbox 281 4445 335 4504; x_wconf 83' lang='lat' dir='ltr'>‚Ex</span> <span class='ocrx_word' id='word_1_257' title='bbox 352 4447 496 4495; x_wconf 81' lang='lat' dir='ltr'>bibliotheca</span> <span class='ocrx_word' id='word_1_258' title='bbox 513 4450 633 4495; x_wconf 76' lang='lat' dir='ltr'>seannarii</span> <span class='ocrx_word' id='word_1_259' title='bbox 651 4450 859 4511; x_wconf 83' lang='lat' dir='ltr'>archiepiscopalis</span> <span class='ocrx_word' id='word_1_260' title='bbox 877 4450 1003 4510; x_wconf 84' lang='lat' dir='ltr'>Pragenais</span> <span class='ocrx_word' id='word_1_261' title='bbox 1021 4449 1047 4495; x_wconf 84' lang='lat' dir='ltr'>n⁰</span> <span class='ocrx_word' id='word_1_262' title='bbox 1067 4447 1154 4495; x_wconf 75' lang='grc' dir='ltr'>1712.ΙΙ</span> 
     </span>
    </p>
   </div>
   <div class='ocr_carea' id='block_1_9' title="bbox 115 4540 219 4570">
    <p class='ocr_par' dir='ltr' id='par_1_11' title="bbox 115 4540 219 4570">
     <span class='ocr_line' id='line_1_35' title="bbox 115 4540 219 4570; baseline 0 -21"><span class='ocrx_word' id='word_1_263' title='bbox 115 4540 190 4567; x_wconf 31' lang='lat' dir='ltr'>*N*</span> <span class='ocrx_word' id='word_1_264' title='bbox 207 4565 219 4570; x_wconf 64' lang='grc'>-</span> 
     </span>
    </p>
   </div>
   <div class='ocr_carea' id='block_1_10' title="bbox 132 4592 1306 4678">
    <p class='ocr_par' dir='ltr' id='par_1_12' title="bbox 132 4592 1306 4678">
     <span class='ocr_line' id='line_1_36' title="bbox 132 4592 1306 4678; baseline 0.005 -19"><span class='ocrx_word' id='word_1_265' title='bbox 132 4592 167 4659; x_wconf 64' lang='grc' dir='ltr'>Ἴ</span> <span class='ocrx_word' id='word_1_266' title='bbox 191 4609 359 4675; x_wconf 82' lang='lat' dir='ltr'>Superseriptio</span> <span class='ocrx_word' id='word_1_267' title='bbox 376 4615 433 4660; x_wconf 87' lang='lat' dir='ltr'>haec</span> <span class='ocrx_word' id='word_1_268' title='bbox 451 4613 517 4662; x_wconf 73' lang='lat' dir='ltr'>lacta</span> <span class='ocrx_word' id='word_1_269' title='bbox 535 4622 571 4663; x_wconf 89' lang='lat' dir='ltr'>est</span> <span class='ocrx_word' id='word_1_270' title='bbox 589 4631 603 4661; x_wconf 81' lang='lat' dir='ltr'>a</span> <span class='ocrx_word' id='word_1_271' title='bbox 620 4616 691 4663; x_wconf 80' lang='lat' dir='ltr'>Sixto</span> <span class='ocrx_word' id='word_1_272' title='bbox 709 4619 739 4663; x_wconf 85' lang='lat' dir='ltr'>ab</span> <span class='ocrx_word' id='word_1_273' title='bbox 751 4617 894 4671; x_wconf 77' lang='lat' dir='ltr'>Otterudorl‚</span> <span class='ocrx_word' id='word_1_274' title='bbox 913 4624 1009 4664; x_wconf 82' lang='lat' dir='ltr'>senatus</span> <span class='ocrx_word' id='word_1_275' title='bbox 1021 4617 1146 4678; x_wconf 82' lang='lat' dir='ltr'>Prageusis</span> <span class='ocrx_word' id='word_1_276' title='bbox 1165 4619 1306 4665; x_wconf 76' lang='lat' dir='ltr'>cancellario</span> 
     </span>
    </p>
   </div>
   <div class='ocr_carea' id='block_1_11' title="bbox 197 4693 480 4747">
    <p class='ocr_par' dir='ltr' id='par_1_13' title="bbox 197 4693 480 4747">
     <span class='ocr_line' id='line_1_37' title="bbox 197 4693 480 4747; baseline 0.007 -2"><span class='ocrx_word' id='word_1_277' title='bbox 197 4693 322 4745; x_wconf 69' lang='lat' dir='ltr'>curium</span> <span class='ocrx_word' id='word_1_278' title='bbox 341 4699 429 4747; x_wconf 71' lang='lat'><strong>1⁶46-</strong></span> <span class='ocrx_word' id='word_1_279' title='bbox 440 4698 480 4747; x_wconf 75' lang='lat'>47.</span> 
     </span>
    </p>
   </div>
   <div class='ocr_carea' id='block_1_12' title="bbox 10 4799 1138 5218">
    <p class='ocr_par' dir='ltr' id='par_1_14' title="bbox 10 4796 1138 5218">
     <span class='ocr_line' id='line_1_38' title="bbox 10 4799 1138 5218; baseline 0.004 -370"><span class='ocrx_word' id='word_1_280' title='bbox 10 4806 80 5218; x_wconf 48' lang='lat' dir='ltr'><strong>X</strong></span> <span class='ocrx_word' id='word_1_281' title='bbox 368 4840 373 4855; x_wconf 82' lang='grc'><strong>,</strong></span> <span class='ocrx_word' id='word_1_282' title='bbox 1105 4799 1138 4852; x_wconf 82' lang='lat'>23</span> 
     </span>
    </p>
   </div>
   <div class='ocr_carea' id='block_1_13' title="bbox 0 0 1502 5258">
    <p class='ocr_par' dir='ltr' id='par_1_15' title="bbox 0 0 1502 5258">
     <span class='ocr_line' id='line_1_39' title="bbox 0 0 1502 5258; baseline 0 0"><span class='ocrx_word' id='word_1_283' title='bbox 0 0 1502 5258; x_wconf 95' lang='lat' dir='ltr'> </span> 
     </span>
    </p>
   </div>
  </div>
 </body>
</html>
