2992 5258
284 399 320 455 11.
338 400 379 455 De
397 400 435 453 Μ.
451 400 477 453 J.
494 398 553 453 Ilua
571 396 744 452 Constantiae
760 397 788 450 in
806 411 942 454 carcerem
959 398 1091 467 coniecto.
1235 404 1297 468 249

103 602 129 666 si
159 600 386 684 interrogabor
412 600 452 666 de
484 599 599 680 aliquo,
622 616 733 681 spero,
766 600 839 682 qnia
868 602 976 685 potius
998 601 1068 666 volo
1091 600 1297 667 mortemeli·

103 720 194 784 gere,
225 709 397 784 antequam
419 700 587 765 veritatem
616 719 654 763 ex
677 701 845 783 scripturis
867 702 918 767 vel
939 703 1018 767 alias
1040 702 1115 766 milii
1138 703 1296 783 cognitum
1363 732 1368 747 ·

103 803 320 882 denegarem.“
364 802 406 866 Et
427 800 504 865 dicti
531 800 681 881 episcopi,
711 809 744 865 et
765 801 819 865 alii
841 802 880 866 ad
903 803 1005 884 ipsum
1027 801 1069 865 M.
1091 802 1204 867 Joann.
1225 802 1297 866 Hus

102 904 276 981 venientes
305 903 364 966 sub
397 902 451 966 illa
477 900 688 966 collocutione
717 902 891 979 amicabili,
922 922 984 983 qua
1015 902 1118 983 ipsum
1150 902 1191 965 Μ.
1226 902 1297 966 Hus

101 1002 240 1067 finaliter
253 1002 415 1083 petebant,
439 1009 475 1065 ut
489 1001 596 1065 veniat
610 1000 651 1064 ad
672 1001 775 1065 dictos
798 1003 984 1081 cardinales,
1006 1003 1080 1083 quia
1100 1002 1161 1083 ipsi
1176 1003 1297 1067 vellent

101 1104 185 1184 loqui
218 1102 297 1180 sibi,
335 1102 516 1166 munierant
548 1099 673 1165 domum
701 1102 907 1167 habitationis
939 1103 981 1169 Μ.
1007 1103 1077 1167 Hns
1110 1110 1144 1167 et
1175 1103 1296 1183 aliquot
1401 1183 1403 1186 y

100 1205 175 1269 alias
196 1206 315 1271 circum
336 1202 422 1269 circa
449 1202 567 1267 vicinas
589 1202 718 1267 armatis
741 1201 780 1266 de
802 1203 887 1268 dicta
908 1205 1046 1269 civitate.
1079 1202 1121 1269 Et
1142 1203 1296 1283 magistro

101 1303 328 1381 descendente,
350 1302 474 1368 obviam
500 1302 588 1366 dedit
610 1303 671 1368 sibi
692 1302 830 1384 hospita,
865 1322 957 1384 quam
980 1303 1142 1383 valedixit,
1164 1304 1296 1368 dicens:

103 1403 294 1484 ,Benedicat
320 1410 352 1467 te
379 1401 486 1481 deus,“
510 1420 591 1482 quae
617 1403 816 1482 respondens
838 1404 938 1468 flevit.
967 1403 1118 1484 Idemque
1141 1403 1296 1485 episcopi,

102 1508 134 1567 nt
154 1503 322 1569 dicebatur
342 1502 383 1567 ab
405 1500 577 1582 aliquibus,
611 1502 736 1582 quando
759 1502 1011 1583 descendebant,
1040 1504 1201 1568 dixerunt:
1223 1504 1296 1569 dam

102 1603 233 1685 amplius
254 1621 318 1668 non
341 1601 494 1666 officiabis
516 1601 565 1664 vel
588 1601 744 1666 missabis.
780 1602 823 1666 Et
844 1620 977 1668 ascenso
999 1622 1097 1684 parvo
1121 1621 1202 1684 equo
1217 1622 1295 1684 quo·

102 1702 169 1767 dam
192 1722 264 1767 cum
285 1702 379 1767 dictis
395 1701 515 1765 nuntiis
538 1707 571 1763 et
593 1719 661 1765 oum
677 1701 762 1766 dicto
785 1703 823 1766 D.
845 1704 969 1767 Joanue
991 1703 1031 1767 de
1053 1703 1164 1767 Cblum
1180 1704 1297 1768 consite

102 1819 166 1883 suo,
188 1801 230 1867 ad
251 1802 403 1884 palatium
425 1801 525 1882 ipsius
549 1818 650 1882 papae
672 1807 705 1865 et
727 1802 767 1866 ad
789 1803 966 1867 cardinales
988 1804 1152 1883 equitavit

197 1901 241 1967 Et
263 1921 332 1967 cum
354 1901 495 1966 venisset
516 1900 556 1964 ad
578 1899 755 1965 cardinales
777 1907 810 1967 et
831 1894 918 1983 ipsos
940 1903 1121 1980 salutasset,
1144 1902 1295 1967 dixerunt

99 2000 137 2066 ad
158 2018 247 2066 eum:
268 2002 425 2082 Magister
444 2000 598 2067 loannesl
621 2001 721 2065 multa
743 2009 776 2066 et
797 2003 953 2068 mirabilia
975 2003 1124 2068 dicuntur
1139 2002 1178 2068 de
1193 2003 1293 2080 vobis,

100 2100 182 2182 quod
211 2118 268 2167 vos
293 2104 409 2168 multos
444 2120 571 2167 errores
605 2104 773 2167 tenueritis
807 2110 840 2169 et
873 2105 1106 2170 seminaveritis
1137 2104 1170 2168 in
1192 2121 1292 2182 regno

97 2201 284 2280 Bohemiae3
307 2209 340 2267 et
361 2202 433 2266 ideo
444 2221 501 2267 vos
523 2221 637 2268 vocare
658 2202 797 2283 lecimus,
820 2204 965 2269 volentes
976 2204 1063 2285 loqui
1084 2203 1184 2281 vobis,
1207 2204 1234 2266 si
1249 2203 1295 2267 ita

97 2308 155 2366 est.
178 2301 222 2366 Et
234 2301 305 2383 ipse
320 2300 500 2382 respondit:
522 2302 791 2367 Reverendissimi
806 2305 933 2385 patresl
956 2304 1037 2369 sciat
1054 2304 1168 2368 Vestra
1182 2304 1294 2367 Pater·
1413 2338 1415 2344 ·

96 2401 193 2480 nitas,
215 2401 300 2482 quod
314 2410 483 2482 antequam
505 2421 601 2466 unium
616 2420 758 2467 errorem
778 2409 891 2468 tenere
913 2403 1036 2481 vellem,
1059 2404 1165 2484 potius
1180 2401 1295 2466 vellem

94 2501 189 2565 mori.
219 2501 261 2566 Et
282 2519 373 2582 ecce,
395 2503 496 2567 libere
517 2503 590 2567 veni
612 2503 652 2568 ad
673 2503 760 2568 istud
782 2520 906 2569 sacrum
929 2504 1109 2582 concilium,
1133 2508 1167 2567 et
1188 2500 1293 2578 docto,

95 2600 184 2681 quod
205 2601 322 2666 alicubi
344 2603 464 2682 erravi,
491 2609 621 2684 paratus
644 2621 712 2667 sum
734 2603 896 2669 humiliter
918 2603 1034 2685 corrigi
1057 2609 1091 2667 et
1112 2600 1292 2666 emendare.

93 2699 140 2764 Et
168 2701 345 2767 cardinales
376 2702 539 2767 dixerunt:
563 2702 604 2766 Et
630 2720 689 2783 pro
719 2709 807 2768 certo
837 2703 996 2769 istasunt
1017 2704 1101 2767 bona
1122 2702 1229 2767 verba.
1251 2698 1296 2763 Et

92 2800 148 2865 his
181 2800 276 2866 dictis
313 2800 462 2866 abierunt
489 2801 529 2866 ad
558 2803 704 2882 propria,
730 2803 883 2884 magistro
916 2803 1034 2867 ibidem
1059 2801 1120 2866 sub
1148 2798 1298 2867 custodia.

90 2906 292 2966 armatorum
313 2902 434 2966 relicto.
458 2902 500 2966 Et
521 2902 561 2965 Ι).
582 2903 724 2966 Joannes
745 2905 862 2968 mansit
883 2921 1000 2967 secum.
1170 2961 1175 2971 .

197 3000 326 3066 Interea
346 3002 633 3067 subordinaverunt
648 3002 805 3083 quendam
825 3004 957 3068 tratrem
979 3001 1100 3068 ordinis
1121 3000 1290 3077 Minorem,

90 3098 226 3164 nomine
248 3099 412 3182 Didaeum,
434 3104 646 3185 professorem
663 3120 773 3167 sacrae
795 3104 938 3184 paginae,
961 3109 998 3168 ut
1019 3102 1134 3167 ibidem
1152 3101 1218 3181 jam
1233 3097 1293 3162 sub

92 3199 245 3264 custodia
271 3203 409 3283 positum
437 3211 630 3268 armatorum
657 3203 844 3283 magistrum
870 3208 1021 3268 tentaret.
1056 3202 1116 3280 Qui
1138 3199 1294 3266 accedens

93 3297 141 3363 ad
169 3299 271 3380 ipsum
298 3302 392 3366 dixit:
414 3302 599 3367 Reverendo
628 3303 797 3384 magisterl
821 3322 879 3382 ego
902 3303 1035 3385 simplex
1058 3301 1163 3372 idiota
1184 3317 1293 3364 mona·

91 3399 188 3478 ebus,
210 3401 285 3480 quia
305 3401 395 3466 vobis
416 3402 517 3467 multa
538 3402 697 3468 deviantia
719 3403 824 3468 audivi
846 3404 1021 3479 ascribere,
1043 3402 1115 3467 ideo
1137 3401 1209 3465 veni
1232 3400 1293 3463 huc

88 3498 235 3580 advos,
261 3501 371 3566 volens
398 3502 573 3582 informari,
611 3503 637 3567 si
666 3503 720 3568 illa
742 3505 788 3569 sic
810 3523 845 3568 se
866 3503 1021 3581 habeant,
1050 3522 1091 3567 an
1113 3520 1185 3580 non,
1209 3506 1242 3565 et
1263 3497 1293 3562 si

89 3599 153 3664 illa
175 3601 306 3676 tenetis,
328 3619 409 3682 quae
431 3602 522 3667 vobis
544 3604 756 3668 ascribuntur.
791 3604 833 3670 Et
855 3604 957 3686 primo
979 3603 1106 3682 dicitur,
1129 3600 1214 3684 qnod
1235 3617 1292 3665 vos

88 3699 235 3763 teneatis
258 3709 292 3765 et
319 3702 480 3782 asseratis,
504 3710 576 3784 post
603 3705 875 3769 consecrationem
897 3712 930 3769 et
950 3704 1120 3769 verborum
1141 3699 1294 3784 prolatio·

91 3816 173 3863 nem
192 3797 306 3865 iactam
339 3802 371 3865 in
401 3810 597 3867 sacramento
631 3805 742 3868 altaris
763 3823 929 3869 remanere
951 3823 1064 3886 panem
1086 3800 1292 3867 materialem.

89 3898 140 3963 Et
162 3898 203 3962 Μ.
224 3900 316 3965 Joan.
338 3902 408 3965 Hus
430 3903 610 3984 respondit:
643 3904 714 3968 Non
736 3911 840 3969 teneo.
873 3905 915 3968 Et
946 3905 1014 3969 ille:
1048 3904 1119 3968 Non
1152 3900 1293 3967 tenetis?

91 3998 140 4063 Et
161 3999 328 4080 magister:
350 4000 422 4066 Non
450 4006 553 4066 teneo.
576 4002 618 4067 Et
640 4021 713 4068 cum
732 4011 782 4067 ter
804 4003 849 4068 sic
872 4004 1068 4086 replicasset,
1090 4003 1129 4066 D.
1150 4001 1293 4066 loannes

92 4098 137 4163 de
167 4097 277 4164 Chlum
306 4101 422 4167 ibidem
452 4102 567 4166 sedens
597 4102 691 4168 dixit:
720 4104 828 4180 Qualis
856 4121 891 4168 es
914 4104 973 4167 tu?
995 4110 1099 4168 tamen
1122 4119 1193 4166 curn
1214 4099 1293 4163 mihi

92 4198 171 4281 quis
201 4199 301 4264 semel
333 4219 400 4265 rem
433 4201 607 4266 affirmaret
639 4203 689 4267 vel
711 4210 860 4283 negaret,
895 4221 953 4284 ego
975 4203 1036 4268 sibi
1059 4201 1235 4278 crederom3
1259 4206 1293 4265 et

93 4315 174 4387 ecce
194 4297 246 4362 hic
267 4300 325 4365 tibi
341 4308 392 4366 ter
414 4302 560 4382 explicat,
583 4302 691 4367 dicens
716 4321 797 4382 ,non
820 4306 933 4369 teneo“
957 4308 990 4368 et
1012 4320 1138 4383 semper
1155 4298 1292 4365 ulterius

93 4507 130 4565 et
162 4500 297 4581 simplici
326 4501 432 4581 fratri,
465 4503 540 4582 quia
561 4521 679 4584 quaero
707 4503 1129 4586 propterinformationem
1157 4502 1291 4568 Etcum

94 4599 233 4665 ulterius
265 4600 441 4682 inquireret
473 4622 493 4667 a
524 4603 676 4683 magistro
708 4604 832 4669 Joaunc
865 4606 951 4669 inter
982 4610 1091 4669 cetera
1112 4603 1151 4669 de
1173 4604 1291 4667 unione
