2992 5258
438 420 622 475 Catechismns
639 437 656 475 a
673 421 757 486 Huso,
776 428 806 475 ut
824 421 937 488 ridetur,
957 436 1072 489 compos.
1288 424 1350 500 'loq

258 619 329 686 Quot
346 624 482 675 articulos
498 623 598 675 tabu?
631 621 787 690 Responde:
806 621 962 676 Duodecim.

255 704 374 772 (Petrus)
392 706 497 760 Primus
514 704 656 760 articulus:
675 704 761 760 Credo
779 706 807 760 in
824 704 912 767 deum,
930 710 1035 774 patrem
1052 705 1273 775 omnipotentem,
1291 720 1349 759 cre·

155 795 259 842 starem
276 789 346 843 coeli
364 796 392 845 et
408 796 507 858 terrae,

254 873 395 942 (loannes)
414 874 565 928 Secundus:
585 874 656 928 etin
674 875 767 929 Jesurn
786 875 931 943 Christum,
950 874 1034 927 tilium
1052 874 1113 942 ejus
1130 874 1249 940 unicum,
1267 870 1351 927 domi·

155 971 220 1011 num
237 963 367 1026 nostrum,

254 1041 382 1108 (lacobus
405 1043 503 1111 maj0r)
526 1042 648 1096 Tertius:
674 1043 718 1110 qui
747 1047 891 1110 conceptus
910 1047 952 1096 est
971 1041 1004 1095 de
1022 1041 1118 1111 spirito
1136 1047 1244 1107 sancto,
1273 1045 1353 1096 natus

154 1137 188 1178 ex
207 1124 295 1180 Maria
312 1125 425 1194 virgine,

253 1208 401 1277 (Andreas)
419 1212 552 1279 Quartus:
570 1226 668 1280 passus
686 1210 735 1264 sub
753 1210 851 1266 Pontio
868 1209 970 1277 Pilato,
998 1208 1155 1276 crucifixus,
1186 1213 1308 1264 mortuus
1326 1213 1354 1262 et

153 1292 285 1362 sepultus,

256 1377 395 1444 (Titornas)
413 1378 541 1444 Quintus:
560 1377 701 1432 descendit
717 1378 752 1431 ud
769 1377 880 1444 inferos,

256 1459 500 1528 (Bartholomaeus)
519 1461 635 1516 Sextus:
653 1462 734 1515 tertia
752 1460 795 1514 die
813 1462 963 1515 resurrexit
980 1476 997 1514 a
1016 1460 1135 1515 mortuis.
1271 1506 1274 1512 .

172 1542 175 1549 '
253 1543 414 1614 (Philippus)
433 1545 582 1615 Septimus:
600 1545 722 1600 ascendit
738 1544 773 1599 ad
791 1545 889 1613 coelos,
908 1545 986 1600 sedet
997 1542 1033 1599 ad
1052 1536 1191 1598 dexteram
1210 1542 1253 1597 dei
1266 1543 1351 1613 patris

153 1626 357 1696 omnipotentis,

254 1712 433 1780 (Matthaeus)
452 1713 585 1768 Octavus:
606 1714 668 1769 inde
685 1721 813 1768 venturus
831 1719 874 1768 est
888 1712 1013 1781 judicare
1031 1713 1106 1766 vivos
1122 1717 1150 1766 ct
1168 1717 1296 1766 momnos.

253 1795 383 1862 (lacobus
401 1798 497 1863 minor)
514 1797 623 1852 Nonus:
642 1797 729 1852 Credo
747 1799 775 1851 in
792 1797 916 1866 spiritum
934 1804 1067 1865 sanctum,

202 1946 207 1958 .
256 1877 368 1947 (Simon)
387 1882 530 1937 Decimus:
549 1888 670 1936 sanetm
688 1879 830 1936 ecclesiam
848 1880 1017 1947 catholicam,

253 1963 360 2032 (ludas)
373 1965 552 2020 Undecimus:
564 1973 717 2020 sanctorum
730 1966 951 2033 communionem,
968 1965 1154 2019 remissionem
1170 1969 1351 2032 peccatorum,

253 2047 404 2115 (Matthias)
423 2050 618 2105 Duodecimus:
637 2051 725 2106 carnis
743 2050 975 2117 resurrectionem,
993 2049 1074 2103 vitam
1090 2054 1237 2106 aeternam.
1256 2051 1350 2101 Amen.

254 2132 328 2186 Haec
341 2140 382 2186 est
393 2133 461 2189 fides
473 2135 627 2203 christiana,
646 2152 726 2202 quam
746 2135 930 2202 unusquisque
952 2133 1116 2187 christianus
1133 2147 1213 2188 nosse
1226 2130 1307 2188 debet
1324 2137 1352 2186 et

152 2229 247 2270 revera
264 2216 384 2284 profiteri
402 2218 545 2287 (implere).
563 2221 649 2286 Quam
667 2219 712 2287 qui
731 2236 783 2274 non
801 2219 893 2285 habet,
911 2219 1010 2272 salvari
1028 2232 1081 2272 non
1099 2221 1197 2286 potest

255 2299 324 2365 Quis
340 2302 390 2354 loa
407 2304 493 2356 dicit?
509 2305 683 2371 Athanasius,
702 2303 781 2372 crpus
799 2318 895 2356 :tomen
906 2303 1119 2370 interpretantur
1138 2297 1348 2369 ,gratiamdei.“

256 2384 331 2450 Quid
348 2388 436 2440 dicit?
469 2387 561 2455 ,Haec
585 2394 627 2442 est
651 2387 719 2442 fides
745 2386 895 2448 catholica,
922 2401 1003 2454 quam
1030 2385 1081 2439 nisi
1100 2385 1214 2453 quisque
1232 2381 1351 2438 fideliter

154 2465 318 2536 firmiterque
338 2470 490 2539 crediderit,
509 2472 599 2526 salsus
618 2488 678 2527 esse
697 2489 749 2527 non
767 2471 890 2541 poterit¹⁴

256 2552 325 2618 Quis
342 2564 381 2608 est
399 2557 586 2610 christianus?
618 2558 787 2612 Christianus
812 2564 867 2626 est,
886 2558 932 2625 qni
950 2555 1086 2610 dominum
1103 2555 1196 2610 Jesnm
1215 2550 1351 2608 Christum

152 2635 280 2701 operibns
297 2640 417 2707 seqnitur
435 2657 549 2710 eumque
567 2643 712 2698 virtutibus
729 2643 828 2697 imitari
846 2642 945 2696 studet

127 2788 136 2801 .
255 2718 324 2784 Quis
347 2722 499 2776 hoedinis?
531 2725 558 2776 S.
585 2725 753 2792 Augustinus
782 2724 827 2790 (de
851 2724 974 2779 doctrina
1000 2723 1175 2790 christiam:
1203 2721 1350 2783 Christiani

152 2816 250 2863 nomen
268 2803 292 2856 is
309 2804 409 2860 frustra
428 2807 479 2860 sibi
497 2806 623 2876 m’ndicat
642 2807 687 2876 qui
706 2808 841 2863 Christum
859 2825 911 2862 non
929 2809 1058 2876 sequitur.

255 2887 327 2952 Quot
343 2907 444 2957 periero
463 2899 527 2943 aunt
545 2892 776 2944 christianorum?
809 2892 883 2959 Duo,
901 2890 1031 2945 falsorum
1050 2889 1349 2960 (pravorum)altcrum,

152 2966 268 3024 aiterum
286 2988 417 3029 verorum.
923 3016 927 3026 ,

254 3055 323 3120 Quis
340 3067 379 3110 est
390 3059 506 3128 ,teleusi
539 3058 636 3114 Falsus
654 3060 817 3114 christianus
835 3067 891 3125 est,
920 3074 999 3127 quens
1017 3059 1121 3127 peccati
1139 3055 1273 3113 commissi
1290 3070 1345 3110 non

152 3139 281 3206 poenitet.
316 3142 444 3210 Alioquin
469 3141 555 3197 falsus
577 3143 740 3198 christianus
764 3149 818 3210 cst,
846 3143 891 3210 qui
917 3141 988 3196 vitae
1006 3141 1109 3196 ratione
1126 3157 1143 3195 a
1160 3141 1247 3195 literis
1264 3138 1349 3194 saeris

152 3224 256 3279 recedit
274 3241 324 3279 nec
341 3225 368 3280 id
386 3229 449 3293 agit,
468 3226 539 3294 quod
558 3226 625 3281 deus
642 3227 823 3296 praescripsit.

256 3309 325 3375 Quis
342 3312 392 3364 loc
408 3314 493 3366 dicit?
526 3312 554 3368 S.
572 3312 692 3369 loannes
711 3312 925 3381 chrysostomus.

255 3395 324 3460 Quis
341 3405 380 3449 est
397 3414 476 3449 vous
494 3398 680 3451 christianus?
697 3397 784 3452 Verus
801 3397 964 3451 christianus
985 3403 1034 3458 est.
1052 3409 1132 3463 quern
1149 3393 1253 3464 peccati
1276 3407 1347 3446 corn·

153 3478 227 3533 missi
238 3481 367 3548 poenitet,
387 3482 433 3548 qui
445 3483 516 3535 vitae
525 3483 657 3536 rationem
669 3481 817 3536 secundum
829 3482 922 3536 literas
941 3495 1034 3535 sacras
1045 3479 1170 3546 institnit,
1188 3477 1291 3533 scilicet
1301 3477 1347 3545 qni

151 3570 298 3634 praecepta
315 3563 358 3618 dei
376 3564 509 3632 observat,
526 3564 669 3633 imaginem
687 3571 797 3620 sanctae
815 3565 943 3620 trinitatis
961 3580 1014 3619 non
1031 3562 1136 3633 polluit.

255 3647 345 3712 Qrsam
358 3648 442 3717 fidem
459 3651 599 3717 aequata?
631 3650 733 3704 Bonam
750 3650 830 3705 iidem
849 3649 1032 3704 christianam.

255 3730 354 3797 Qualis
371 3743 411 3786 est
427 3735 494 3787 haec
505 3735 579 3803 fides
596 3735 771 3788 christiana?
803 3734 884 3789 Fides
901 3733 1030 3789 trinitatis
1048 3737 1166 3787 sanetae.

255 3817 330 3883 Quid
342 3827 380 3870 cst
393 3820 631 3871 trinitassancta?
647 3819 736 3887 Pater,
754 3819 835 3888 filius,
845 3819 956 3888 spiritus
965 3822 1083 3883 sanctus,
1093 3814 1182 3870 cuncti
1192 3826 1261 3867 uuus
1271 3810 1346 3866 deus.

254 3900 324 3966 Quis
340 3911 379 3955 tat
393 3907 496 3971 pater?
530 3902 610 3957 Pater
627 3911 670 3959 est
687 3903 763 3958 dens.

254 3985 323 4051 Quia
333 3987 432 4057 silias?
465 3988 547 4041 Deus.

256 4069 324 4135 Quis
340 4072 457 4139 spiritua
473 4078 604 4125 sanctas?
636 4073 718 4127 Deus.

255 4154 329 4222 lirpo
347 4165 401 4208 tres
418 4157 502 4210 labes
518 4158 601 4211 deos?
625 4157 737 4212 Minime
754 4160 832 4212 vero!
850 4174 903 4213 non
921 4162 977 4211 tres
995 4157 1061 4211 deos
1079 4155 1175 4216 habeo,
1198 4143 1246 4208 sed
1264 4169 1346 4207 unum

150 4241 264 4292 tantum.

255 4321 324 4386 Quis
334 4324 384 4376 loc
395 4324 481 4377 dicit?
514 4323 540 4379 S.
551 4324 628 4379 Beda
639 4325 666 4378 in
679 4323 776 4379 omelia
793 4325 925 4392 (homilia)
938 4324 965 4378 in
978 4323 1049 4379 diem
1062 4321 1161 4377 festum
1171 4338 1192 4377 s.
1206 4321 1345 4376 trinitatis.

255 4404 330 4470 Quid
347 4407 431 4460 dicit?
464 4407 492 4461 Si
509 4408 690 4476 interrogatus
709 4408 763 4462 eris
781 4407 814 4462 de
836 4416 928 4477 patre,
953 4408 1012 4476 quis
1031 4408 1066 4461 sit
1083 4414 1174 4476 pater,
1197 4403 1344 4474 responde:

151 4490 234 4555 deus;
259 4490 281 4542 si
305 4488 339 4544 de
365 4490 420 4546 tilio
437 4492 620 4561 interrogatus
645 4493 713 4558 eris,
736 4491 884 4560 responde:
908 4491 989 4559 deus;
1016 4490 1038 4544 si
1065 4489 1098 4543 de
1122 4489 1218 4558 spiritu
1242 4496 1344 4554 saneto,

148 4572 296 4642 responde:
314 4574 390 4630 dens.
426 4576 455 4630 Si
471 4576 653 4646 interrogatus
678 4576 732 4631 eris
750 4576 784 4631 de
801 4583 878 4646 patre
896 4583 925 4630 et
941 4576 996 4631 filio
1014 4583 1042 4630 ct
1064 4576 1160 4644 spiritu
1182 4581 1285 4644 sanctu,
1302 4591 1369 4635 re·.

149 4658 264 4729 sponde,
281 4676 334 4715 non
353 4675 412 4716 esse
430 4666 486 4717 tres
504 4660 578 4725 deos,
596 4660 644 4715 sed
662 4677 744 4717 unum
762 4660 842 4717 deum
860 4661 1078 4733 omnipotentem.
