2992 5258
400 372 441 426 79.
459 369 572 424 Joannis
590 385 634 438 ep.
652 370 713 424 Lut
731 368 830 424 literae
848 367 883 423 od
900 383 991 436 regem
1008 368 1103 423 Weuo.
1291 373 1352 440 565

152 574 273 642 cogitant
284 573 311 628 in
323 573 518 628 constituendis
537 573 659 628 omnibus
672 572 737 627 cleri
754 571 913 640 rationibus,
932 586 966 626 ne
981 570 1097 640 amplius
1113 572 1181 626 talia
1197 573 1262 628 vitia
1279 570 1352 642 apud

154 657 269 713 clericos
292 664 441 713 occurrant.
476 659 543 712 Item
566 657 704 726 superiore
727 655 770 710 die
793 655 898 711 sabbati
923 657 950 722 (6
973 656 1039 722 Jul.)
1066 656 1223 724 magistrum
1246 657 1351 713 Husum

154 743 358 812 doctrinamque
386 749 413 797 et
439 743 499 811 ejus
518 749 545 796 et
572 741 679 796 Wiclefi
697 741 919 808 condemnarunt,
939 742 1082 810 vivumque
1109 756 1170 795 eum
1198 757 1258 796 cum
1276 741 1352 797 libris

153 829 275 885 comburi
290 828 446 898 jusserunt;
467 829 524 896 jam
542 842 606 881 vero
634 827 662 881 in
680 827 871 895 Hieronymum
889 827 1040 895 inquirunt,
1069 826 1148 895 cujus
1165 841 1247 881 causa
1272 843 1351 894 quem

154 913 283 969 babuerit
299 914 415 982 exitum,
441 912 501 966 Tua
517 912 650 980 Majestas
668 910 702 968 de
730 912 782 965 boc
798 927 852 965 non
872 911 1013 966 celabitur.
1049 911 1137 979 Quum
1156 917 1246 966 autem
1264 911 1291 966 in
1308 912 1351 967 his

152 997 236 1053 rebus
254 997 363 1066 saepius
379 997 454 1051 Tuae
472 996 628 1064 Majestatis
653 996 753 1049 mentio
778 995 953 1064 injiceretur,
981 1001 1055 1050 stare
1073 995 1159 1049 Tuam
1177 995 1351 1066 Majestatem

151 1081 256 1137 aHusi
274 1081 410 1150 partibus:
428 1096 479 1149 ego
500 1096 556 1134 una
579 1096 639 1135 cum
657 1081 785 1147 magistro
803 1078 894 1147 Naso,
921 1095 956 1136 m.
975 1078 1113 1150 Stephano
1131 1085 1159 1135 et
1175 1096 1209 1134 m.
1228 1080 1351 1137 Conrado

157 1167 355 1237 repugnabam,
384 1166 454 1221 sicut
478 1166 571 1219 aTua
601 1165 747 1234 blajestate
771 1164 940 1232 audiveram3
959 1163 1031 1232 quod
1048 1163 1126 1219 valde
1144 1170 1250 1233 gratum
1268 1164 1353 1222 fuisse

152 1251 293 1319 omnibus,
319 1252 379 1306 Tua
396 1251 529 1319 Majestas
550 1267 612 1305 mox
631 1266 664 1304 ex
683 1250 722 1304 eis
739 1248 832 1304 literis
849 1258 1007 1319 cognoscet,
1036 1265 1106 1319 quse
1123 1266 1141 1304 a
1158 1250 1270 1305 concilio
1287 1251 1357 1306 istuc

155 1337 304 1391 mittentur.
340 1337 472 1404 Perquam
496 1335 646 1404 prudenter
662 1342 752 1389 autem
771 1339 799 1388 et
817 1341 896 1389 caute
913 1334 973 1389 Tus
990 1335 1124 1404 Majestas
1143 1335 1213 1402 egit,
1231 1334 1303 1404 quod
1321 1334 1355 1390 de

153 1421 196 1476 his
214 1421 297 1475 rebus
314 1420 381 1474 nihil
400 1418 452 1473 buc
472 1420 587 1488 scripsit,
606 1421 675 1474 sicut
692 1420 809 1473 barones
829 1420 976 1489 Bohemiae
995 1425 1022 1474 et
1040 1419 1194 1487 Moraviae,
1212 1420 1309 1488 quibus
1325 1419 1353 1474 id

152 1520 249 1573 magno
268 1505 331 1558 vitio
348 1504 467 1558 vertitur.
504 1503 692 1571 Quamobrem,
717 1502 893 1557 dilectissime
911 1518 970 1572 rex,
990 1504 1098 1572 placeat
1121 1503 1196 1558 Tuae
1214 1503 1353 1572 Majestati

151 1589 268 1657 amplius
295 1587 389 1643 dehis
414 1588 496 1642 rebus
512 1587 653 1658 providere
680 1603 841 1657 erroresque
870 1588 1066 1643 condemnatos
1092 1590 1244 1657 opprimere
1271 1595 1353 1658 atque

151 1675 191 1729 ita
209 1676 236 1730 in
256 1675 306 1729 hac
323 1690 353 1728 re
371 1674 481 1741 versari,
501 1679 531 1727 ut
547 1674 632 1727 Tuam
650 1673 823 1743 Majestatem
842 1675 884 1728 his
903 1674 1041 1728 erroribus
1059 1690 1114 1728 non
1133 1674 1226 1729 favere
1243 1689 1293 1729 nec
1304 1691 1353 1744 per

157 1759 243 1815 Tuam
262 1759 435 1827 Maiestatem
461 1764 533 1812 stare
551 1765 730 1827 cognoscant;
749 1775 802 1827 qua
824 1760 928 1813 ratione
946 1760 1006 1813 Tua
1024 1760 1160 1828 Majestas
1178 1762 1267 1816 omnia
1282 1762 1353 1816 bona

156 1845 325 1912 honestaque
343 1851 510 1913 assequetur.
528 1844 589 1898 Jarn
607 1859 671 1898 vero
688 1845 796 1913 placeat
812 1846 887 1899 Tuae
906 1845 1046 1915 Majestati
1066 1847 1229 1902 seutentiam
1248 1854 1352 1902 mutare

155 1937 183 1985 et
195 1930 289 1984 literas
306 1928 349 1982 vel
361 1927 522 1996 legationem
535 1928 676 1983 honestam
688 1928 723 1982 ad
735 1929 787 1983 boc
799 1930 941 1984 concilium
960 1930 1067 1984 mittere
1084 1930 1120 1985 ad
1137 1931 1351 1986 conciliationem

153 2013 219 2069 fidei
236 2013 399 2068 christianae
417 2012 600 2079 alliciendam,
618 2012 646 2066 id
664 2013 735 2082 quod
753 2013 799 2068 alii
817 2030 896 2084 reges
913 2014 1049 2083 iacentum
1068 2015 1146 2070 valde
1164 2016 1235 2070 enim
1253 2017 1351 2070 miran-

148 2103 209 2165 tur,
227 2113 244 2152 a
261 2099 321 2153 Tua
338 2098 484 2165 Majestate
511 2097 628 2151 nondum
654 2098 780 2153 nuncium
809 2099 894 2153 ullum
912 2100 964 2154 buc
982 2101 1155 2169 pervenisse3
1174 2116 1244 2155 nunc
1262 2106 1352 2155 autem

151 2182 173 2236 sl
191 2181 253 2236 Tua
270 2182 404 2251 Majestas
423 2182 534 2250 miserit,
553 2182 667 2250 tempori
684 2182 712 2236 id
729 2182 784 2236 liet.
803 2182 893 2238 Audio
910 2199 1018 2253 quoque
1036 2184 1173 2245 multaad
1190 2186 1275 2240 Tuam
1292 2185 1350 2239 Ma·

148 2266 281 2336 jestatem
299 2267 333 2322 de
350 2281 393 2321 me
411 2280 472 2321 esso
491 2266 598 2334 delata,
617 2271 712 2320 contra
728 2267 814 2321 Tuam
832 2269 1010 2337 Maiestatem
1029 2274 1056 2324 et
1073 2269 1230 2324 Bobemiam
1247 2285 1290 2324 me
1307 2270 1351 2324 bic

151 2351 325 2406 contendere.
348 2350 411 2406 Noli
429 2351 560 2405 credere!
577 2351 631 2405 imo
648 2359 792 2418 cognoscet
810 2353 870 2406 Tua
886 2352 1031 2422 Majestas,
1051 2355 1074 2408 si
1092 2355 1142 2410 deo
1159 2354 1291 2423 placebit,
1307 2369 1350 2409 me

152 2435 197 2491 bic
214 2436 288 2490 Tuae
306 2435 463 2503 Majestatis
482 2436 611 2503 regnique
629 2437 725 2490 honori
743 2439 893 2493 consulere.
929 2439 993 2493 lllox
1012 2440 1096 2506 enim,
1115 2441 1138 2493 si
1156 2439 1207 2494 deo
1224 2439 1349 2507 placebit,

152 2519 188 2575 ad
205 2520 291 2574 Tuam
309 2519 486 2588 Majestatem
507 2519 664 2588 proficiscar
681 2527 762 2589 atque
780 2521 814 2576 de
833 2523 957 2578 omnibus
973 2523 1055 2578 rebus
1073 2523 1158 2577 Tuam
1175 2523 1349 2592 Maiestatem

150 2605 293 2660 certiorem
319 2604 429 2673 iaciam3
455 2620 543 2672 neque
561 2606 622 2659 Tua
638 2605 784 2674 Majestas,
809 2608 831 2661 si
850 2607 901 2663 deo
918 2608 1048 2677 placebit,
1067 2607 1141 2662 aliud
1159 2607 1305 2677 quidquam
1322 2609 1349 2663 iu

149 2703 193 2745 me
205 2689 409 2757 animadvertet,
427 2690 479 2744 nisi
490 2690 561 2758 quod
579 2689 748 2758 capellanum
760 2691 847 2746 Tuum
864 2693 1068 2762 ministrumque
1086 2707 1171 2761 usque
1189 2691 1224 2748 ad
1235 2700 1349 2760 mortem

150 2773 261 2829 fidelem
280 2774 366 2828 decet.
384 2776 424 2829 Ac
443 2775 465 2828 si
483 2775 543 2842 quis
561 2774 625 2828 milri
644 2775 776 2829 modicum
794 2776 972 2847 beneficium,
995 2778 1067 2847 quod
1084 2779 1149 2832 mibi
1168 2785 1223 2847 est,
1240 2779 1347 2833 commi·

149 2873 234 2913 nuere
253 2864 281 2912 et
308 2864 415 2913 vastare
441 2859 568 2925 voluerit,
595 2874 629 2913 ne
647 2860 698 2913 boc
715 2861 774 2914 Tua
787 2860 920 2929 Majestas
939 2892 970 2901 -
987 2879 1037 2931 per
1054 2862 1136 2917 deum
1153 2879 1219 2930 rogo
1240 2891 1266 2904 -
1286 2878 1347 2930 per·

149 2944 248 3005 mittat,
267 2948 421 3012 antequam
438 2959 480 2996 mo
498 2942 639 2997 audiverit.
659 2943 729 2997 Nam
748 2945 819 2997 omni
836 2946 924 3014 culpa,
944 2947 966 3001 si
984 2946 1035 3001 deo
1053 2946 1185 3015 placebit,
1205 2962 1246 3000 me
1264 2946 1347 3001 hone·

151 3035 192 3082 ste
212 3026 334 3082 liberabo
362 3043 452 3081 coram
470 3027 528 3080 Tua
554 3027 702 3095 Majestate
729 3034 757 3082 et
774 3043 865 3083 coram
883 3029 1043 3098 baronibus,
1071 3031 1093 3085 si
1111 3031 1171 3098 quis
1189 3032 1253 3085 mihi
1271 3032 1346 3100 quid-

150 3128 232 3182 quam
250 3111 353 3166 crimini
372 3110 454 3165 dabit.
492 3111 572 3166 Mitto
590 3127 695 3180 quoque
713 3113 789 3167 Tuae
808 3113 948 3182 Majestati
966 3115 1061 3169 literas
1080 3115 1152 3182 regis
1170 3117 1346 3185 Arragoniae,

150 3213 184 3253 ex
202 3197 300 3266 quibus
318 3196 377 3250 Tua
394 3196 526 3264 Majestas
544 3203 699 3265 cognoscet,
728 3198 846 3252 scribere
864 3214 942 3266 eum,
970 3199 1183 3254 conciliationem
1201 3200 1346 3268 (unionem)

149 3282 298 3348 ecclesiae,
316 3282 339 3334 si
357 3280 408 3334 deo
425 3280 540 3348 placeat,
551 3281 618 3335 ,sine
636 3280 717 3335 dubio
734 3297 863 3349 prospere
881 3297 1065 3337 successuram
1085 3299 1153 3338 esse.
1172 3283 1346 3352 Omnipotens

150 3366 219 3421 deus
237 3365 364 3433 dignetur
388 3365 478 3419 Tuam
492 3365 668 3433 blajestatem
694 3366 722 3420 in
740 3365 848 3431 longum
874 3373 980 3434 tempus
997 3368 1158 3422 incolumem
1176 3382 1292 3433 servare,
1310 3367 1345 3421 ad

149 3449 276 3504 solatium
288 3449 405 3503 omnium
423 3465 532 3503 suorum
544 3449 671 3504 fidelium.
691 3448 824 3518 Scriptum
834 3451 1015 3519 Constantius,
1034 3451 1103 3506 seria
1114 3451 1207 3517 quinta
1224 3452 1347 3520 proxima

148 3546 212 3590 ante
231 3532 330 3587 festum
349 3548 370 3586 s.
388 3532 579 3600 Margarethae
597 3549 668 3587 anno
685 3533 865 3588 MCCCCXV⁰

351 3631 510 3688 Serenitatis
528 3635 642 3689 Vestrae
659 3633 768 3689 humilia
786 3635 943 3703 capellanus

791 3719 911 3774 Joannes
928 3719 1070 3790 episcopus
1090 3719 1309 3791 Lutomyslensis.

650 3996 847 4007 ——ss
