2992 5258
148 454 210 518 366
340 472 343 481 ·
399 449 603 505 controversiae
621 447 655 503 tle
672 448 803 517 religione
821 450 849 504 iu
866 448 1012 504 Bohemia:
1032 448 1105 504 1409.

149 655 262 733 etium,
294 651 445 734 quidquid
467 652 501 717 iu
523 651 608 719 dieto
632 653 765 718 oonoilio
787 651 953 724 decretum
975 658 1031 719 aut
1052 651 1236 718 ordinatum
1250 651 1332 719 fueri

148 754 199 820 uel
230 753 452 834 deelaratum,-
477 752 660 837 plenissime
693 754 933 820 observabimus
967 763 1000 822 et
1026 755 1193 822 observari
1214 752 1256 821 ab
1277 752 1332 821 alii

149 855 295 921 similiter
317 853 402 919 omni
425 873 501 921 oure
523 863 555 921 et
581 874 680 939 opere
694 855 854 937 iaciemus,
878 855 938 939 (ot)
961 855 1040 921 nihil
1061 854 1231 938 agendum,
1247 866 1332 937 quan

39 1025 43 1033 ,
149 963 214 1022 tum
247 955 406 1039 majestati
438 961 472 1021 et
504 956 647 1023 facultati
679 965 809 1023 nostrae
831 956 984 1040 possibile
1005 956 1119 1037 luerit,
1153 956 1332 1023 omIttemur

149 1073 313 1138 quousque
342 1056 497 1122 inclusive
527 1075 604 1122 vera
625 1059 699 1124 uuio
723 1060 756 1122 in
779 1057 914 1123 eeclesia
935 1057 986 1122 dei
1009 1056 1224 1124 effectualiter
1239 1056 1332 1122 subse

149 1165 265 1238 quatur
297 1165 330 1223 et
362 1157 499 1222 schisma
530 1158 658 1241 penitus
692 1158 897 1241 exstirpetur.
930 1157 979 1223 hd
1009 1156 1094 1239 qnod
1116 1157 1193 1223 totis
1215 1154 1332 1222 viribus

149 1259 233 1323 omni
267 1258 390 1338 studio,
424 1258 620 1323 inexhaustis
653 1256 819 1323 affeetibus
842 1262 876 1322 ot
902 1257 1070 1323 indefessis
1092 1257 1261 1323 laboribus
1280 1274 1332 1323 our

149 1356 268 1423 Nostra
282 1357 371 1441 Majto
396 1356 525 1424 efficere
540 1358 773 1441 procurandum
798 1356 958 1440 praefatos
974 1366 1079 1423 reum·
1100 1358 1134 1422 in
1147 1354 1225 1424 Chr.
1241 1362 1332 1441 patre

149 1459 217 1523 DD.
235 1458 419 1524 cardinales
436 1478 608 1541 omnesque
631 1459 750 1524 Christi
769 1457 881 1525 fideles
903 1477 961 1541 pro
983 1462 1116 1525 aeterna
1136 1456 1332 1525 retribution

150 1560 182 1624 iu
205 1558 331 1626 domiuo
347 1559 562 1633 exhortamur,
585 1560 803 1642 praesentium
818 1558 877 1624 sub
899 1560 1007 1640 regiae
1028 1558 1097 1623 Nm
1129 1557 1230 1643 Majl·
1246 1558 1332 1643 sigill

48 1667 51 1671 ’
151 1660 333 1726 testimonio
370 1661 543 1726 literarum.
576 1661 648 1727 Dat.
672 1662 808 1741 Fruges,
842 1679 925 1726 anno
948 1659 1067 1725 domini
1089 1658 1258 1726 millesimo
1273 1676 1332 1741 qua

151 1760 399 1842 dringentesimo
415 1779 507 1839 nono,
531 1761 583 1826 die
599 1767 690 1826 sexta
705 1761 826 1826 dooima
837 1760 1013 1841 Februarii,
1036 1777 1208 1840 regnorum
1223 1766 1332 1826 nostro

150 1879 221 1926 rum
242 1879 324 1926 anno
347 1860 518 1926 Bohemiue
533 1860 647 1942 XLVI,
668 1862 880 1927 Romanorum
902 1879 979 1926 vero
1001 1860 1149 1927 XXXIII.

647 2054 759 2061 --..-....
774 2056 780 2060 -.
791 2055 809 2060 -

723 2242 779 2315 18.

152 2449 434 2559 Landolphus
463 2447 703 2554 cardinalia,
739 2451 910 2561 collegii
938 2451 1220 2535 cardinalium
1243 2452 1332 2536 unit

152 2585 342 2696 legatur,
389 2587 482 2696 regi
513 2581 770 2667 Weneeslao
805 2584 1010 2695 spondet,
1057 2587 1228 2697 legatos
1258 2588 1332 2697 eju

152 2723 196 2800 in
222 2719 413 2831 generali
441 2720 621 2803 coneilio
643 2717 799 2802 Pisano
827 2730 1049 2829 tamquam
1075 2723 1165 2804 veri
1191 2720 1332 2806 Romu

217 2882 392 2937 morum
422 2857 537 2965 regis
568 2864 791 2963 receptum
820 2855 1164 2965 honoratumque
1195 2858 1256 2938 iri.

575 3069 687 3136 Proque,
710 3070 782 3137 1409,
801 3072 832 3122 17
851 3068 930 3123 Febr.

155 3371 215 3435 (Eo
232 3373 300 3440 oriy.
319 3373 457 3425 tabellarii
475 3372 549 3423 coea'
565 3387 621 3439 req.
637 3368 840 3506 glenntlergr'dit
859 3370 955 3505 {elul
978 3373 1008 3424 in
1031 3371 1249 3427 Urkundeahuoh
1266 3368 1332 3426 Nos

605 3454 640 3506 21
661 3470 712 3522 ,μ
749 3450 902 3520 2212).

666 3606 670 3610 .
722 3605 743 3612 -.
759 3603 850 3614 -04

255 3757 465 3823 Serenissimo
483 3756 620 3838 principi
643 3756 680 3820 l).
696 3756 883 3823 Wenoeslao
907 3759 974 3839 rogi
996 3759 1211 3826 Romanorum
1225 3776 1332 3843 semp*

79 3880 97 3895 ·
156 3861 299 3940 Augusto
315 3865 348 3923 et
362 3857 533 3923 BobemIae
549 3857 618 3938 regi
640 3856 774 3938 inclyto:
797 3857 1002 3941 Landulphus
1023 3859 1229 3927 miseratione
1246 3860 1332 3927 divi!

156 3960 187 4025 S.
219 3959 341 4024 Nicolai
375 3959 407 4023 in
441 3976 568 4024 carcere
602 3958 746 4022 Tulliano
779 3958 930 4024 diaeonus
953 3960 983 4025 S.
1017 3961 1177 4028 Romanae
1199 3961 1332 4029 erotema

157 4059 334 4139 cardinalis
357 4059 482 4141 legatus
503 4060 536 4123 in
557 4060 617 4124 hac
644 4066 735 4140 parte
757 4060 840 4125 sacri
862 4060 1027 4142 utriusque
1050 4062 1190 4144 collegii,
1219 4061 1332 4129 inviae

157 4161 288 4243 spiritus
303 4161 405 4226 sancti
421 4161 524 4240 gratia
536 4178 594 4242 pro
622 4161 739 4226 unione
755 4160 915 4226 Romanae
931 4162 1085 4228 eeclesiae
1106 4162 1328 4231 iaciendauni

158 4269 298 4326 revm⁰f¹¹¹¹¹
320 4261 353 4325 in
375 4261 448 4325 Chr.
471 4268 612 4342 patrum,
650 4260 847 4325 dominorum
876 4262 1016 4343 ejusdem
1040 4263 1195 4331 eeclesiae
1210 4262 1332 4331 sardin

157 4361 249 4439 lium,
288 4380 357 4426 oum
390 4361 698 4427 recommendatIone
736 4368 914 4444 promptum
947 4363 987 4428 ad
1009 4364 1173 4445 praefatae
1197 4364 1332 4432 amosis

158 4461 306 4526 unionem
327 4461 473 4528 affectum
500 4463 621 4543 pariter
644 4469 677 4527 ot
700 4461 857 4529 ellectum,

257 4563 306 4627 nd
338 4561 425 4628 seru
470 4562 537 4627 V¹⁸⁰
569 4563 781 4643 praesentiam
818 4581 856 4626 ex
888 4563 965 4629 dicti
997 4566 1081 4630 sauri
1110 4566 1236 4647 collegii
1257 4572 1332 4650 port

157 4662 302 4743 ueniens,
330 4662 433 4729 eidem
454 4663 569 4728 merita
593 4664 691 4729 totius
713 4682 829 4730 causae
850 4673 993 4729 reum⁰¹¹¹¹¹¹
1014 4666 1047 4731 in
1070 4664 1144 4731 Chr.
1167 4674 1291 4751 padum
1321 4676 1332 4721 t
