2992 5258
287 380 341 429 101.
360 376 438 431 00111.
457 377 534 444 epist
554 376 588 431 de
606 376 751 442 relegando
769 375 860 429 Jesen.
897 377 952 429 102.
972 374 1098 443 Castigat
1119 373 1210 429 Herm.
1279 376 1336 438 631

710 637 793 713 102.

153 861 408 973 Anonymus
436 863 608 973 quidam
634 864 822 975 graviter
849 864 1061 949 invehitur
1088 866 1131 945 in
1151 862 1208 944 M.
1230 861 1342 946 Her-

154 1025 370 1103 mannum,
388 994 647 1080 Germanum
662 999 883 1103 advenam,
896 1001 941 1080 in
955 997 1171 1081 Montibus
1185 997 1341 1082 Kutnis

155 1130 506 1239 praedicatorem,
535 1122 648 1242 quod
675 1133 846 1241 plebem
873 1131 1172 1215 Montanormn
1193 1133 1343 1242 populi

288 1262 508 1349 Bohemiei
534 1266 632 1350 odio
660 1267 716 1348 ad
744 1266 896 1349 caedes
922 1268 1204 1379 instigaverit.

617 1513 654 1579 (S.
673 1512 696 1564 d.
715 1528 776 1564 ann.
798 1512 880 1578 14111.)

206 1814 267 1875 (lde
285 1814 436 1880 eaernpluri
454 1814 525 1866 edito
544 1815 573 1864 ia
592 1813 699 1880 1111110νὶ
718 1810 905 1880 scriptam
927 1813 1032 1866 1100011.
1051 1824 1122 1865 torro
1143 1814 1181 1873 11,
1197 1812 1279 1876 304.)

348 2114 501 2195 Magister
522 2113 703 2179 Hermaune
730 2115 941 2197 praedicator,
970 2116 1033 2180 imo
1055 2116 1161 2181 verius
1184 2115 1343 2199 praevari-

435 2215 542 2280 catorl

251 2364 333 2429 Sane
366 2364 439 2430 olim
467 2370 499 2430 te
532 2365 680 2447 pusillum
704 2371 737 2430 et
759 2383 933 2448 pannosum
955 2365 1089 2431 vidimus
1112 2371 1145 2432 et
1166 2364 1343 2431 audivimus

148 2465 187 2530 de
210 2464 323 2531 natalis
345 2465 405 2530 soli
438 2465 484 2529 tui
516 2470 626 2547 specu,
660 2470 695 2530 ut
722 2465 936 2531 verisimiliter
965 2467 1187 2551 praesumitur
1211 2485 1230 2531 a
1251 2465 1343 2544 lama,

151 2566 192 2632 ab
215 2568 335 2633 enormi
358 2575 449 2634 reatu
475 2567 648 2649 expulsum,
671 2567 711 2634 ad
732 2567 847 2632 nobilis
869 2567 959 2649 regni
981 2565 1163 2632 Boheuriae-
1177 2566 1343 2633 fecundam

151 2667 338 2752 pervenisse
354 2668 556 2751 provinciam,
579 2668 633 2733 ubi
654 2686 767 2733 revera
787 2667 929 2735 0011101ἰο
952 2668 1113 2734 fraternae
1129 2667 1212 2732 ulnis
1225 2667 1342 2733 blande

150 2771 334 2846 susceptus,
368 2766 439 2848 plus
462 2786 554 2848 quam
587 2767 736 2849 propriae
769 2769 879 2833 matris
912 2769 1088 2835 oblectatus
1110 2767 1277 2847 uberibus,
1311 2766 1343 2831 in

152 2866 264 2945 virum,
289 2882 382 2946 quem
403 2865 482 2930 heus
506 2886 589 2931 nune
610 2868 748 2948 turpiter
759 2868 836 2948 agis,
859 2868 1056 2946 succrevisti,
1080 2873 1112 2932 et
1134 2867 1287 2933 haetenus
1311 2868 1342 2930 in

153 2973 210 3031 tuo
240 2965 447 3046 malignitatis
469 2967 568 3032 livore
590 2966 730 3031 necilero
753 2967 984 3048 patientissime
1007 2968 1164 3033 toleraris.
1187 2969 1234 3031 Tu
1256 2986 1342 3045 vero,

152 3071 315 3132 tantorum
342 3064 566 3131 beneficiorum
602 3065 836 3133 munificentiae
864 3068 995 3148 oblitus,
1025 3068 1110 3132 omni
1131 3069 1200 3133 fera
1221 3068 1342 3133 crudeli

152 3168 323 3247 crudelior,
347 3169 378 3232 in
396 3169 536 3249 ejusdem
558 3167 802 3235 beneficiatricis
818 3175 891 3234 tuae
914 3168 1031 3233 liberos
1053 3174 1086 3232 et
1107 3167 1252 3247 heredes,
1274 3168 1343 3249 pie·

153 3268 230 3335 tatis
253 3268 360 3349 specie
382 3285 439 3333 seu
462 3269 555 3333 ovina
577 3270 660 3352 pelle
682 3274 863 3350 0011100100,
886 3269 1050 3335 desaevire
1071 3287 1134 3334 non
1157 3285 1272 3347 000000,
1296 3268 1342 3333 di·

152 3370 225 3433 vino
239 3369 416 3450 postposito
434 3375 466 3434 et
487 3369 622 3435 hnmano
636 3371 758 3449 timore,
781 3371 921 3453 ipsorum
937 3369 1096 3435 celebrem
1118 3367 1230 3433 lamam
1246 3387 1342 3449 qnan-

152 3476 220 3534 tum
242 3469 364 3551 poteris
397 3477 524 3533 vertens
546 3470 587 3534 ed
619 3470 792 3550 infamiam,
826 3474 859 3536 et
880 3469 963 3552 quod
993 3468 1213 3535 detestabilius
1235 3474 1285 3533 est
1307 3486 1343 3533 ac

151 3570 214 3655 piis
236 3568 368 3634 auribus
400 3567 599 3648 ostensivum,
629 3569 715 3650 ipsos
738 3575 895 3650 tamquam
921 3568 994 3634 fidei
1016 3569 1190 3634 catholicae
1213 3587 1343 3650 eorrup-

153 3678 256 3747 10100,
290 3667 506 3735 schismaticos
534 3677 568 3734 et
593 3669 771 3735 haereticos
801 3670 917 3752 populo
947 3669 1018 3734 rudi
1049 3676 1082 3736 01
1110 3687 1205 3735 00000
1233 3669 1343 3734 dolose

151 3768 328 3851 persuades
351 3767 467 3847 occidi,
500 3769 612 3851 polluti
635 3769 699 3835 eris
729 3770 775 3834 tui
801 3770 913 3835 laxatis
945 3770 1093 3848 habenis,
1127 3775 1284 3851 tamquam
1306 3788 1344 3834 00

151 3871 222 3951 ipso
238 3873 403 3951 accepturu
419 3869 543 3935 domino
559 3870 745 3950 obsequium
767 3875 996 3951 praestaturus.
1032 3871 1080 3937 Ex
1102 3873 1191 3952 eujus
1212 3889 1344 3952 persua·

148 3969 250 4035 sionis
283 3969 426 4051 viperino
456 3969 614 4049 genimine
643 3977 761 4051 quanta
779 3972 843 4052 jam
865 3971 1013 4053 prodiere
1035 3970 1171 4052 flagitia,
1205 3972 1340 4052 tuipse,

150 4075 263 4152 utpote
293 4057 404 4133 auctor
437 4070 583 4149 sceleris,
617 4072 701 4136 nosti
734 4071 874 4153 plenius,
907 4079 940 4137 et
972 4090 1063 4137 nemo
1097 4089 1193 4136 sanae
1225 4071 1341 4136 mentis

148 4173 277 4251 ignorat
293 4172 467 4252 terrigena,
490 4173 670 4238 curretiam
692 4172 777 4238 nulla
799 4179 916 4253 queant
938 4173 1203 4254 tergiversatione
1235 4172 1343 4237 celari
1384 4216 1392 4237 t

252 4288 425 4368 1110001010,
462 4297 557 4371 caput
578 4291 815 4371 malignantium
836 4309 873 4356 ac
895 4288 1032 4355 fidelium
1056 4288 1173 4356 Christi
1195 4291 1341 4354 extermi-

149 4396 244 4456 nator
265 4390 434 4454 acerrime!
479 4390 553 4472 quid
590 4392 663 4456 olim
696 4392 729 4455 in
762 4392 832 4455 sirm
855 4390 987 4455 alitrieis
1016 4396 1107 4470 tuae,
1130 4391 1341 4455 Bohemorum

149 4490 348 4574 provinciae,
383 4498 438 4556 tuo
461 4491 605 4573 dogmate
636 4493 812 4574 pernicioso
835 4492 950 4573 egisti?
972 4490 1048 4556 Cum
1071 4491 1122 4557 ille
1145 4490 1283 4556 incultus
1308 4498 1341 4556 et

151 4591 287 4674 agrestis
320 4610 356 4656 ae
396 4590 520 4654 divinae
549 4591 629 4672 legis
668 4592 796 4673 ignarus
832 4592 968 4673 populus
1003 4592 1240 4671 Montanorum,
1278 4592 1340 4656 tuis
