2992 5258
402 431 417 441 ··
486 411 601 485 amena
619 427 812 486 minumae
830 428 932 484 causa
952 429 1025 484 rue
1090 434 1095 447 ·
1297 427 1357 497 ιρι

161 628 269 714 entes,
287 630 373 716 quod
394 632 479 699 illam
501 632 703 699 concordiam
724 649 855 696 servare
876 631 1006 696 uellent.
1029 631 1093 694 Per
1125 655 1142 692 .·
1166 675 1175 692 .
1207 638 1226 693 .'
1249 676 1258 694 .
1291 674 1299 694 .
1333 674 1341 694 .

160 736 268 802 a'utem
291 735 368 800 dicti
389 735 458 800 llus
480 742 586 800 aetum
601 739 659 812 est,
682 731 767 812 qued
785 737 852 797 tres
874 732 1021 797 nationes
1035 728 1283 799 Teutonicorum
1296 747 1357 812 por

161 835 329 902 brachium
361 835 505 900 seculare
528 833 702 916 requisitae
725 829 862 897 suntad
883 830 1129 895 renuntiandum
1151 829 1254 896 tribus
1271 830 1356 895 uoci·

160 937 221 1002 bus
233 935 317 1001 etad
330 934 508 1000 babendum
529 935 631 999 selum
652 951 756 1010 unam,
778 938 812 996 et
827 931 929 1012 prime
952 928 1066 1014 (circa)
1081 929 1269 997 electionem
1287 930 1357 995 uni·

160 1036 326 1102 versitatis
341 1041 500 1100 rectorum
516 1032 672 1115 ejusdem;
685 1037 718 1095 et
730 1031 803 1112 quia
818 1031 968 1097 nolebant
982 1037 1094 1097 centra
1113 1038 1221 1096 retum
1237 1048 1356 1108 eorum,

160 1142 195 1201 ct
216 1137 340 1200 eisneu
361 1133 564 1214 eligentibus,
586 1131 679 1196 datus
702 1141 753 1196 est
774 1131 821 1195 eis
836 1140 944 1197 rector
956 1132 1175 1197 universitatis
1196 1130 1237 1196 de
1256 1131 1356 1206 lact03

158 1235 246 1317 quod
267 1254 339 1300 cum
360 1234 506 1299 viderent
528 1232 704 1311 Teutonici,
733 1233 822 1314 prius
844 1250 937 1313 quam
958 1233 1181 1298 renuntiarent
1199 1233 1355 1314 imisue,

158 1335 246 1418 qued
266 1335 428 1400 habebant
448 1334 483 1398 in
503 1334 644 1412 vocibus,
667 1339 723 1397 aut
744 1332 1005 1415 periclitarentur
1027 1331 1059 1396 in
1080 1333 1244 1413 personis,
1270 1332 1356 1414 qued

160 1443 231 1501 erat
263 1435 311 1500 eis
339 1436 526 1516 proximum,
548 1440 586 1498 ut
606 1432 767 1498 salvarent
787 1450 941 1515 personas
964 1450 1046 1512 suas,
1073 1433 1275 1500 concorditer
1289 1432 1355 1498 ele·

157 1541 278 1616 gerunt
292 1533 332 1599 de
347 1536 450 1615 Praga
463 1533 625 1599 recedere.
647 1532 690 1596 Et
707 1550 767 1614 per
785 1533 845 1597 hoc
866 1533 1042 1598 desolatum
1058 1540 1109 1598 est
1122 1534 1201 1599 illud
1214 1536 1355 1600 solemne

157 1635 303 1700 studium
328 1635 510 1714 Pregcnse,
544 1632 629 1714 quod
650 1632 766 1698 multos
789 1650 919 1711 magnos
941 1633 1025 1698 uires
1047 1632 1080 1697 in
1101 1632 1236 1699 diversis
1257 1635 1356 1702 facul·

158 1737 282 1801 tatibus
296 1735 485 1816 procreauit
508 1733 591 1799 Ecce
606 1733 727 1816 primus
741 1733 873 1814 fructus,
893 1733 977 1814 quod
993 1733 1101 1798 divisit
1113 1733 1200 1799 illam
1214 1742 1354 1801 sanctam
1428 1778 1431 1784 Δ

157 1835 421 1914 universitatem,
449 1834 525 1915 quia
554 1850 618 1897 non
641 1832 794 1914 colligunt
826 1833 865 1898 de
892 1831 993 1915 spinis
1025 1849 1101 1898 uvas
1133 1851 1194 1899 nec
1225 1833 1266 1900 dc
1297 1836 1355 1902 tri·

156 1936 241 2002 bulis
263 1934 351 2000 ficus.

258 2037 340 2102 Item
372 2042 447 2118 post
477 2042 549 2100 orta
575 2033 763 2115 quaestione
794 2032 880 2098 inter
910 2033 1081 2114 magistros
1112 2033 1292 2117 theologiae
1313 2041 1353 2106 de

155 2137 369 2202 universitate
384 2134 536 2215 Prageusi
558 2151 655 2216 super
669 2133 754 2199 XLV
774 2134 917 2198 articulis
930 2134 950 2199 J
953 2135 1063 2200 oannis
1078 2135 1200 2217 Wiclef,
1219 2146 1253 2206 et
1270 2141 1355 2207 lacta

157 2237 408 2315 contemtione,
445 2253 516 2299 cum
546 2235 777 2299 conclusissent
798 2252 907 2299 omnes
933 2235 987 2300 alii
1008 2236 1152 2316 magistri
1173 2238 1353 2320 theologiae

158 2337 198 2402 de
227 2337 358 2402 natione
380 2334 599 2414 Behemerum,
634 2333 722 2416 (quia
748 2334 913 2399 Teutonici
932 2334 997 2415 jam
1019 2336 1245 2420 recesserant)
1269 2341 1353 2420 quod

159 2437 294 2519 quilibet
323 2437 480 2501 dictorum
501 2435 707 2499 articulorum
733 2440 790 2499 aut
810 2443 898 2500 esset
918 2435 1120 2517 haereticus,
1148 2438 1353 2505 scandalosus

159 2543 214 2602 aut
245 2554 419 2614 erroneus,
453 2535 539 2599 solus
573 2533 635 2599 iste
664 2535 771 2615 posuit
801 2534 1034 2600 conclusionem
1068 2537 1347 2603 contradictoriam

158 2637 241 2718 qued
263 2636 369 2700 nullus
390 2635 516 2700 illerum
531 2634 735 2699 articulorum
749 2653 809 2698 nec
824 2642 911 2700 esset
925 2636 1114 2717 haereticus,
1136 2639 1351 2718 scandalosus,

156 2754 259 2818 neque
275 2752 438 2812 erroneus,
461 2734 543 2799 sicut
558 2739 671 2815 postea
691 2734 724 2798 in
747 2734 864 2799 scholis
884 2736 1007 2815 Progne
1028 2738 1153 2818 publice
1168 2737 1351 2821 disputarit,

157 2840 260 2903 tenuit
286 2843 320 2902 et
342 2837 464 2911 docuit;
487 2853 547 2918 per
568 2834 652 2916 quod
678 2835 757 2900 satis
779 2835 906 2900 videtur
926 2837 1079 2902 articulos
1100 2839 1201 2919 ipsius
1223 2838 1350 2920 willel,

157 2956 311 3015 asserere,
346 2936 465 3002 dudum
485 2953 550 3001 non
578 2937 679 3000 selum
709 2937 742 3000 in
768 2937 882 3018 Anglia
903 2938 961 3002 sed
982 2940 1023 3003 ab
1044 2939 1180 3005 ccclesia
1201 2941 1348 3007 condem·

157 3045 261 3119 nates,
286 3037 361 3119 quia
381 3038 422 3102 ab
444 3037 583 3118 antiquis
606 3036 776 3101 haereticis
804 3046 879 3101 sunt
901 3038 997 3120 positi
1004 3058 1014 3111 ;
1035 3039 1075 3103 ad
1097 3057 1176 3120 ques
1197 3040 1350 3108 articulos

157 3155 213 3219 pro
234 3156 333 3204 causa
354 3137 428 3218 (sic)
451 3136 723 3202 condemnationis
748 3135 825 3202 dicti
846 3137 917 3202 llus
945 3139 1084 3203 secundo
1105 3141 1288 3206 remittitur.

253 3237 532 3302 Reverendissime
570 3237 675 3318 paterl
721 3236 825 3300 Etiam
857 3237 899 3302 ed
920 3237 1214 3305 condemnationem
1249 3241 1350 3323 ipsius

157 3334 419 3420 irrefragabiliter
457 3337 541 3417 lacit,
555 3337 587 3417 *t
611 3336 695 3418 qued
722 3354 781 3418 per
802 3343 903 3403 totum
925 3338 1075 3403 mundum
1096 3340 1277 3406 diffamatus
1298 3349 1349 3408 cst

157 3447 187 3503 et
207 3437 339 3502 murltam
362 3436 593 3504 dissensionem
614 3442 648 3502 et
667 3436 853 3503 divisionem
868 3437 943 3503 lecit
963 3438 997 3503 in
1017 3440 1143 3519 munde,
1165 3441 1249 3507 sicut
1262 3443 1347 3507 clare

156 3543 259 3616 patet;
282 3555 354 3602 cum
376 3545 482 3602 tamen
505 3537 596 3602 multi
624 3537 783 3602 solemnes
804 3538 948 3617 magistri
969 3539 1002 3602 in
1025 3540 1185 3623 theologia
1199 3543 1231 3607 iu
1247 3544 1351 3624 Praga

154 3636 337 3716 docuerint,
371 3638 425 3718 qui
446 3638 644 3718 antiquiores
666 3644 700 3702 et
719 3637 856 3718 maJeres
879 3638 1008 3703 luerunt
1030 3641 1115 3722 ipso,
1148 3642 1201 3723 qui
1224 3660 1286 3708 oon
1300 3645 1349 3708 in·

151 3737 366 3802 treduxemnt
386 3737 468 3803 tales
490 3736 729 3807 distinctiones.
759 3745 891 3819 prepter
913 3740 997 3819 quod
1018 3741 1142 3822 signum
1165 3749 1233 3822 est,
1264 3743 1349 3824 qued

149 3837 213 3902 elia
235 3843 271 3902 et
292 3837 386 3901 aliter
408 3837 533 3917 docuit,
556 3856 648 3919 quem
670 3838 724 3903 alii
747 3839 889 3903 seniores
911 3840 971 3903 viri
995 3849 1028 3906 et
1048 3843 1184 3924 majores
1204 3843 1285 3925 ipse.

249 3936 381 4001 Interea
401 3938 640 4021 archiepiscopo
662 3939 814 4017 Pragensi
837 3938 972 4018 delatus,
994 3941 1078 4021 qued
1100 3942 1251 4023 quosdam
1271 3944 1348 4010 arti·

147 4036 239 4101 celos
270 4036 450 4102 haereticos
471 4045 527 4104 aut
549 4038 643 4103 salsos
666 4038 731 4103 siue
754 4038 959 4104 scandaleses
987 4040 1207 4122 praedicaret,
1240 4043 1348 4125 prelii·

147 4131 238 4200 bitus
261 4142 312 4201 est
332 4156 391 4220 per
412 4139 693 4221 archiepiscopum,
718 4158 758 4203 ue
780 4140 983 4221 praedicaret
1003 4140 1147 4221 ulterius,
1170 4150 1204 4206 ct
1219 4159 1347 4224 preces-

148 4250 221 4300 sum
242 4242 295 4302 est
315 4256 375 4320 per
396 4239 531 4303 eundem
553 4244 758 4304 cortracum
781 4240 883 4320 ipsum
910 4258 1010 4321 usquc
1032 4257 1068 4305 tt.
1097 4241 1150 4321 qui
1178 4260 1347 4323 processus

147 4350 210 4416 per
237 4336 347 4402 sedem
375 4339 581 4420 apostolicam
611 4338 784 4404 confirmati
815 4347 889 4405 suot
911 4346 944 4406 ct
966 4341 1116 4423 publicati
1139 4349 1202 4407 tam
1231 4343 1263 4406 in
1285 4343 1347 4409 lle·
1382 4421 1387 4432 Ι

150 4450 243 4502 mana
265 4438 362 4518 curia,
386 4457 479 4520 quam
500 4445 605 4518 extra3
629 4458 707 4521 ques
729 4440 797 4523 ipse
819 4441 888 4506 Hus
909 4447 943 4507 et
964 4458 1039 4523 pars
1061 4459 1119 4506 suo
1139 4441 1347 4524 profanarent

219 4653 242 4717 ⁸)
259 4653 311 4706 uls,
330 4655 433 4706 facietis.
