2992 5258
150 431 213 495 532
355 481 357 485 .
402 429 608 486 Controversise
627 430 660 486 de
677 431 808 500 religione
826 433 853 486 in
871 408 1014 487 Bdhemis:
1036 432 1109 487 1414.

151 655 229 719 syna
243 637 377 703 bolieho
395 654 434 718 po
452 636 535 701 tislci
551 655 591 717 po
614 635 742 717 ctyrech
765 634 862 700 steen
884 633 1102 716 etrnsdcte‘ho,
1126 654 1152 701 u
1182 639 1218 701 tu
1241 633 1353 700 neddli

150 755 192 819 po
215 737 245 802 S.
268 736 452 802 Francisku.

682 919 698 956 *
804 917 820 955 ’lt

743 962 759 1000 ’l‘

350 1135 536 1190 Illustrissimo
559 1134 674 1202 principi
697 1141 724 1187 et
741 1133 858 1202 domino,
876 1132 901 1188 d.
921 1133 1101 1202 sigismundo,
1119 1135 1307 1192 Romanorum
1326 1145 1356 1194 et

418 1220 606 1286 Hungerorum
624 1218 690 1286 regi,
709 1218 816 1272 domino
835 1225 928 1273 nostro
946 1218 1163 1274 clementissimo.

251 1355 307 1410 Nos
326 1338 418 1409 denko
442 1353 476 1407 de
494 1352 691 1420 Wsrmmberg,
716 1369 858 1421 supremus
885 1351 1061 1421 burggrsrius
1081 1353 1244 1423 Pregensis,
1263 1355 1359 1410 Bocek

151 1437 185 1493 de
198 1439 319 1506 Constet,
337 1438 406 1492 nlius
424 1437 457 1491 de
469 1436 619 1505 Podebred,
633 1436 782 1491 Guilelmus
795 1436 828 1491 de
836 1437 1034 1506 Wartemberg,
1053 1435 1122 1491 olins
1146 1437 1180 1492 de
1197 1438 1356 1506 Zwieietr‘c,

151 1522 231 1577 fidele
254 1522 371 1576 odicium
392 1529 513 1577 nostrum
530 1520 688 1589 profitemur
705 1527 837 1575 testamur
849 1535 901 1590 que
920 1520 962 1574 his
980 1520 1075 1588 literis,
1092 1520 1179 1574 virum
1195 1521 1357 1576 honestissi-

151 1623 232 1674 mum,
250 1606 288 1660 M.
307 1605 439 1660 Joemrem
457 1606 516 1659 llus
534 1606 647 1659 misisse
658 1605 735 1658 nobis
753 1604 854 1666 literas,
873 1621 955 1672 quum
968 1619 1088 1658 essemus
1101 1605 1128 1657 in
1145 1604 1261 1659 oonsilio
1273 1622 1356 1673 gene·

150 1690 202 1743 rsli
225 1705 284 1744 cnm
308 1689 400 1743 multis
426 1690 487 1743 eliis
505 1688 627 1755 dominis,
645 1698 793 1756 rogantem,
811 1696 841 1742 ut
859 1704 892 1742 ex
911 1687 1042 1755 Conrsdo,
1061 1687 1268 1756 archiepiscopo
1285 1689 1352 1743 Prs-

151 1774 235 1842 gensi,
259 1773 307 1842 qui
332 1772 470 1826 nobiscum
493 1772 531 1826 ibi
555 1779 622 1838 eret,
646 1788 846 1839 quaereremus,
870 1788 934 1826 num
958 1772 991 1826 de
1017 1771 1071 1826 ulls
1090 1771 1161 1826 Husi
1179 1772 1290 1826 haeresi
1308 1772 1351 1827 rel

152 1872 244 1911 errore
262 1857 286 1911 ei
305 1862 455 1917 constaret3
475 1871 537 1908 nam
554 1855 623 1909 velle
642 1871 672 1909 se
689 1855 804 1924 primurn
829 1856 874 1910 hic
891 1861 940 1910 eut
956 1854 1037 1923 culpa
1054 1855 1164 1909 liberari
1182 1863 1231 1908 sut
1245 1855 1349 1924 justum

151 1940 323 2009 debitumque
342 1956 455 2009 poenam
475 1940 574 2007 subire,
601 1941 624 1993 si
643 1940 723 2007 culpe
740 1955 769 1993 se
788 1956 840 1993 nou
859 1939 1016 2005 liberassem
1048 1939 1088 1993 siu
1118 1938 1152 1993 de
1180 1939 1289 1994 haeresi
1312 1957 1354 1995 ur·

150 2023 321 2092 chiepiscopo
348 2022 414 2076 nihil
441 2029 595 2090 constaret,
622 2021 649 2076 id
678 2022 851 2090 profiteretur
878 2023 992 2091 ejusque
1017 2023 1056 2076 rei
1090 2023 1276 2078 testimoninm
1304 2039 1352 2079 suo

151 2107 227 2175 signo
252 2107 412 2162 instructum
436 2106 583 2160 exhiberet.
618 2107 742 2160 Fecimus
769 2107 804 2170 id,
823 2107 1015 2175 professusque
1048 2106 1084 2160 ibi
1107 2114 1150 2160 est
1167 2107 1200 2160 D.
1220 2107 1351 2175 archiepi-

155 2206 253 2258 scopus
280 2205 363 2258 suprn
389 2190 492 2256 dictus,
516 2205 545 2243 se
571 2188 674 2243 nullam
698 2190 832 2244 haeresim
860 2190 1016 2256 nullumque
1034 2205 1153 2244 errorem
1172 2191 1199 2244 in
1219 2191 1257 2244 Μ.
1275 2191 1348 2244 Hnso

153 2288 243 2341 nosse,
267 2289 355 2340 neque
383 2289 412 2326 se
436 2273 460 2326 ei
485 2273 631 2341 quidquem
655 2273 759 2326 crinrini
778 2271 852 2340 dere,
871 2272 919 2327 sed
936 2289 1042 2340 upupa
1059 2290 1120 2328 eum
1137 2275 1271 2342 eceussri,
1289 2275 1348 2328 hnic

152 2356 280 2424 igiturne
299 2364 450 2411 excusaret.
486 2357 569 2425 Cujus
588 2357 627 2409 rei
646 2356 828 2411 testimonium
846 2364 876 2410 nt
893 2363 991 2424 exstet,
1010 2358 1087 2425 sigua
1103 2366 1197 2412 nostru
1209 2358 1254 2412 his
1266 2358 1348 2412 literis

150 2440 343 2509 impressimus.
378 2441 524 2495 Praeterea
541 2440 724 2496 illustrissime
736 2456 793 2506 rex,
813 2439 919 2494 domiue
933 2447 1024 2494 noster
1036 2440 1256 2509 clementissime,
1275 2441 1346 2510 regui

151 2523 296 2578 Bohemine
319 2525 399 2578 lieres
422 2524 535 2592 ejusque
560 2525 670 2578 honoris
688 2522 815 2577 defensor
833 2531 860 2577 ot
876 2526 992 2578 ametor!
1011 2540 1136 2591 rogamus
1155 2525 1243 2580 Tuam
1261 2525 1344 2593 maje-

151 2613 258 2674 statem,
276 2613 307 2660 ut
325 2607 430 2661 fortiter
448 2614 476 2661 et
493 2608 622 2663 benevole
641 2608 705 2661 eniti
724 2607 799 2675 velis,
819 2614 848 2662 ut
866 2623 948 2676 suprs
966 2607 1037 2663 dioto
1055 2608 1184 2677 magistro
1202 2607 1341 2663 Jonnniin

152 2690 264 2744 concilio
291 2691 372 2745 licest
398 2692 538 2745 veritatem
565 2709 640 2746 susm
666 2692 783 2761 ingepne
810 2690 971 2758 defendere,
1010 2708 1044 2746 ne
1070 2690 1163 2746 furtim
1187 2692 1344 2747 contumelio

152 2773 286 2827 officietur
304 2775 338 2828 ed
357 2776 528 2842 ignominiam
548 2783 655 2829 nostroe
675 2774 792 2830 nst-ionis
818 2775 947 2843 regnique
965 2774 1120 2829 Bolremise.
1147 2775 1256 2830 Etenim
1274 2788 1342 2843 spem

153 2857 316 2912 collocamus
340 2859 367 2912 in
391 2859 498 2913 domino
522 2859 573 2913 deo
596 2869 688 2913 nostro
715 2865 744 2913 et
765 2859 792 2912 in
811 2859 870 2911 'l'ns
888 2858 1043 2926 Maiestate,
1061 2874 1112 2914 nos
1130 2875 1163 2913 eo
1180 2858 1261 2914 modo
1279 2857 1341 2912 soleo

152 2941 262 2995 crimine
281 2941 424 2996 liberatum
442 2944 481 2997 iri.
507 2945 595 2998 Datne
613 2951 676 2997 sunt
694 2943 912 3011 litersePregse,
931 2959 1001 2997 enno
1018 2950 1081 3012 post
1097 2942 1185 2997 lilium
1197 2942 1242 2997 dei
1254 2949 1336 2996 nutum

152 3025 294 3079 millesimo
315 3027 580 3094 quadringentesimo
589 3035 685 3096 quarto
699 3028 811 3094 decimo,
825 3028 946 3095 proximo
964 3027 1007 3082 die
1021 3028 1156 3083 dominico
1168 3035 1231 3096 post
1251 3026 1338 3081 festum

153 3124 177 3163 s.
192 3109 338 3164 Francisci.
