2992 5258
217 432 260 487 to.
278 430 451 500 querimonia
468 430 582 485 rectoris
600 428 679 498 Prag.
714 432 754 485 56.
773 428 932 484 Mandatum
949 444 1037 498 papae
1054 430 1151 486 Juann.
1220 436 1281 499 513

77 634 275 702 altrinsecus
314 635 486 701 observari.
531 634 617 699 Alias
657 640 822 716 oporteret
862 633 1103 700 universitatem
1135 643 1278 701 nostram

80 752 182 818 super
212 735 261 800 his
289 737 440 802 auxilium
471 735 603 800 illustris
631 735 785 817 principis
807 734 844 799 D.
868 734 965 801 Ducis
994 743 1027 802 et
1056 735 1094 800 Ι).
1118 736 1282 818 Capitanei

80 846 191 904 terrae
215 837 363 903 Austriae
393 837 574 918 implorare,
602 841 634 901 et
652 837 744 917 juxta
766 837 1038 902 conservatorium
1061 844 1093 903 et
1115 837 1283 919 privilegia

80 938 305 1004 universitatis
338 944 468 1003 nostrae
502 936 677 1018 suppositis
711 937 830 1002 nostris
863 937 1031 1020 providere
1064 938 1103 1004 de
1140 938 1281 1003 remedio

79 1045 273 1120 opportuno.
317 1037 516 1119 Responsum
539 1037 675 1119 petimus
698 1037 737 1102 de
760 1039 952 1119 praemissis.
989 1038 1061 1104 Dat.
1084 1057 1167 1104 anno
1192 1043 1281 1117 1413,

80 1138 137 1203 die
159 1142 180 1204 8
202 1137 321 1204 mensis
343 1137 431 1215 Julii,
454 1137 556 1201 nostri
579 1144 759 1203 rectoratus
781 1139 840 1203 sub
863 1139 978 1218 sigillo.

282 1273 328 1337 Mr
350 1273 485 1338 Michael
513 1274 682 1354 Malenicz,
713 1293 823 1339 sacrae
853 1275 948 1340 theol.
975 1275 1092 1339 baccal.
1115 1273 1282 1352 formatus,

368 1381 475 1441 rector
496 1376 597 1441 almae
619 1375 837 1441 universitatis
861 1375 958 1440 studii
980 1376 1160 1457 Pragcnsis.

661 1755 721 1830 56.

80 1977 207 2092 Papa
238 1978 433 2064 Joannes
461 1977 634 2085 XXIII,
663 1979 874 2064 desiderio
902 1979 1164 2093 Sigismundi
1197 1977 1284 2064 Ro-

82 2145 312 2200 manorum
338 2117 452 2226 regis
480 2115 604 2197 electi
625 2116 905 2219 satisfaciens,
938 2116 1117 2201 duorum
1146 2114 1284 2197 cardi·
1399 2158 1401 2162 ¹

83 2251 248 2334 nulium
277 2252 468 2332 etunius
495 2250 641 2331 militis
669 2249 846 2334 arbitrio
874 2253 1097 2360 permittit,
1126 2262 1174 2332 ut
1199 2277 1284 2330 una

83 2415 184 2469 cum
224 2381 487 2496 Sigismundi
535 2385 711 2468 consilio
750 2385 892 2467 locum
923 2386 1154 2490 destinent,
1200 2411 1283 2492 quo

82 2522 330 2630 proximum
372 2520 598 2602 concilium
642 2520 843 2630 generale
882 2520 1126 2603 habendum
1159 2520 1226 2601 sit.
1247 2517 1285 2627 ἦε)

486 2768 649 2836 Florentiae,
668 2770 741 2831 1413,
759 2770 791 2822 25
810 2771 877 2834 Aug.

261 3054 417 3120 (Insertum
435 3055 527 3108 bullae
544 3052 580 3108 31
600 3056 656 3108 Oct.
675 3052 746 3108 1413
763 3055 794 3107 io
811 3055 954 3108 tabulario
976 3053 1108 3116 Trebom)

591 3194 688 3202 ..-
703 3195 715 3198 -
729 3191 787 3198 ··--

187 3357 330 3431 Juannes
359 3358 661 3440 episcopusservus
688 3376 852 3423 servorum
874 3356 939 3437 dei,
963 3356 1088 3422 dilectis
1111 3355 1192 3439 filiis,
1220 3360 1285 3423 An·

84 3459 175 3525 tonio
198 3458 284 3523 tituli
305 3465 434 3524 sanctae
458 3457 616 3524 Caeciliae
639 3460 837 3542 presbytero,
861 3466 893 3524 et
916 3458 1084 3524 Francisco
1098 3459 1229 3524 Cusmae
1252 3465 1286 3525 et

84 3559 245 3638 Damiani,
283 3566 411 3626 sanctae
441 3561 601 3624 Romanae
638 3561 792 3626 ecclesiae
828 3559 1056 3639 cardinalibus,
1093 3562 1288 3641 apostolicae

82 3659 172 3725 sedis
187 3659 310 3740 legatie,
333 3679 393 3724 nec
410 3677 471 3724 non
484 3659 600 3725 dilecto
618 3657 690 3739 filiu,
717 3660 813 3724 nobili
830 3661 897 3724 viro
910 3659 1050 3725 Manueli
1064 3660 1284 3742 Chrysolorae,

84 3760 180 3825 militi
202 3759 562 3840 Constantinopolitano,
587 3760 771 3824 salutemet
793 3760 998 3842 apostolicam
1022 3761 1284 3827 benedictionem.

188 3858 267 3924 Cum
309 3878 367 3924 nos
410 3858 528 3934 dudum
562 3860 682 3924 Romae
722 3861 897 3925 existentes
934 3862 1082 3941 generale
1120 3862 1286 3926 concilium

83 3965 219 4027 auctore
241 3959 367 4026 domino
390 3959 615 4024 celebrandum
631 3961 817 4025 solemniter
836 3961 1073 4041 publicavimus
1096 3981 1156 4026 nec
1177 3968 1284 4027 tamen

84 4062 190 4127 locum
223 4068 300 4127 tunc
323 4062 553 4142 expressimus,
587 4062 703 4143 inquo
740 4062 919 4143 hujusmodi
953 4063 1120 4127 concilium
1154 4063 1288 4129 deberet

84 4162 295 4244 congregari,
327 4169 423 4243 atque
456 4163 583 4227 interim
607 4181 664 4244 per
698 4163 808 4228 literas
832 4167 865 4227 et
898 4169 1043 4228 oratores
1066 4163 1221 4228 carissimi
1253 4164 1286 4227 in

85 4263 217 4331 Christo
240 4261 296 4327 filii
318 4263 433 4344 nostri,
468 4262 659 4342 sigismundi
693 4263 778 4343 regis
802 4263 888 4327 Rom.
924 4263 1017 4329 electi
1040 4263 1188 4343 illustris,
1221 4263 1289 4328 lue·

145 4512 341 4583 *)Doeumentn
358 4517 431 4566 Num.
450 4519 481 4564 56
503 4523 528 4564 et
545 4519 576 4565 57
595 4518 632 4563 hic
651 4516 776 4563 inserenda
802 4532 853 4564 aeae
881 4519 1007 4573 duximus,
1030 4532 1084 4564 cum
1109 4532 1151 4564 nec
1175 4519 1199 4565 in
1217 4517 1289 4566 Odor.

187 4602 307 4662 Raynaldi
326 4602 413 4650 Annal.
444 4603 527 4648 eccles.
551 4603 718 4658 exhibeantur,
737 4603 817 4648 necin
835 4602 983 4661 amplissimo
996 4601 1125 4648 Hermanni
1138 4616 1162 4650 v.
1176 4602 1199 4650 d.
1213 4601 1290 4650 nnuc

188 4692 268 4747 opero,
285 4686 350 4748 quod
366 4690 403 4733 est
420 4686 449 4732 de
467 4685 644 4734 Constantiemi
661 4685 769 4732 concilio.

1090 4785 1124 4838 33
