<?xml version="1.0" encoding="UTF-8"?>
<!DOCTYPE html PUBLIC "-//W3C//DTD XHTML 1.0 Transitional//EN"
    "http://www.w3.org/TR/xhtml1/DTD/xhtml1-transitional.dtd">
<html xmlns="http://www.w3.org/1999/xhtml" xml:lang="en" lang="en">
 <head>
  <title>
</title>
<meta http-equiv="Content-Type" content="text/html;charset=utf-8" />
  <meta name='ocr-system' content='tesseract 3.04.00' />
  <meta name='ocr-capabilities' content='ocr_page ocr_carea ocr_par ocr_line ocrx_word'/>
</head>
<body>
  <div class='ocr_page' id='page_1' title='image "./documentamagjoa00palagoog_0543.png"; bbox 0 0 2992 5258; ppageno 0'>
   <div class='ocr_carea' id='block_1_1' title="bbox 151 409 1108 480">
    <p class='ocr_par' dir='ltr' id='par_1_1' title="bbox 151 409 1108 480">
     <span class='ocr_line' id='line_1_1' title="bbox 151 409 1108 480; baseline 0 -13"><span class='ocrx_word' id='word_1_1' title='bbox 151 413 212 478; x_wconf 81' lang='lat'><strong>522</strong></span> <span class='ocrx_word' id='word_1_2' title='bbox 404 409 609 465; x_wconf 81' lang='lat' dir='ltr'><strong>conuoversiae</strong></span> <span class='ocrx_word' id='word_1_3' title='bbox 626 411 660 466; x_wconf 90' lang='lat' dir='ltr'><strong>de</strong></span> <span class='ocrx_word' id='word_1_4' title='bbox 678 413 808 480; x_wconf 80' lang='lat' dir='ltr'><strong>religione</strong></span> <span class='ocrx_word' id='word_1_5' title='bbox 824 413 852 466; x_wconf 90' lang='lat' dir='ltr'><strong>in</strong></span> <span class='ocrx_word' id='word_1_6' title='bbox 870 413 1014 468; x_wconf 84' lang='lat' dir='ltr'><strong>Bohemis:</strong></span> <span class='ocrx_word' id='word_1_7' title='bbox 1034 416 1108 469; x_wconf 80' lang='lat'>1414.</span> 
     </span>
    </p>
   </div>
   <div class='ocr_carea' id='block_1_2' title="bbox 149 613 1353 2124">
    <p class='ocr_par' dir='ltr' id='par_1_2' title="bbox 149 613 1353 2124">
     <span class='ocr_line' id='line_1_2' title="bbox 151 613 1352 701; baseline 0.004 -23"><span class='ocrx_word' id='word_1_8' title='bbox 151 613 206 680; x_wconf 91' lang='lat' dir='ltr'><strong>illa</strong></span> <span class='ocrx_word' id='word_1_9' title='bbox 238 614 437 681; x_wconf 72' lang='lat' dir='ltr'><strong>beati&#39;Pauli</strong></span> <span class='ocrx_word' id='word_1_10' title='bbox 470 615 645 681; x_wconf 88' lang='lat' dir='ltr'><strong>sententia:</strong></span> <span class='ocrx_word' id='word_1_11' title='bbox 673 614 706 681; x_wconf 86' lang='lat' dir='ltr'><strong>Si</strong></span> <span class='ocrx_word' id='word_1_12' title='bbox 739 632 813 680; x_wconf 90' lang='lat' dir='ltr'><strong>esca</strong></span> <span class='ocrx_word' id='word_1_13' title='bbox 843 616 1038 682; x_wconf 87' lang='lat' dir='ltr'><strong>scandalisat</strong></span> <span class='ocrx_word' id='word_1_14' title='bbox 1069 617 1204 685; x_wconf 87' lang='lat' dir='ltr'><strong>fratrem</strong></span> <span class='ocrx_word' id='word_1_15' title='bbox 1235 636 1352 701; x_wconf 82' lang='lat' dir='ltr'><strong>meum,</strong></span> 
     </span>
     <span class='ocr_line' id='line_1_3' title="bbox 151 715 1353 800; baseline 0.003 -17"><span class='ocrx_word' id='word_1_16' title='bbox 151 734 279 783; x_wconf 89' lang='lat' dir='ltr'><strong>carnem</strong></span> <span class='ocrx_word' id='word_1_17' title='bbox 316 735 380 783; x_wconf 92' lang='lat' dir='ltr'><strong>nou</strong></span> <span class='ocrx_word' id='word_1_18' title='bbox 418 717 621 784; x_wconf 79' lang='lat' dir='ltr'><strong>manducabit</strong></span> <span class='ocrx_word' id='word_1_19' title='bbox 656 717 690 781; x_wconf 93' lang='lat' dir='ltr'><strong>iu</strong></span> <span class='ocrx_word' id='word_1_20' title='bbox 721 722 897 782; x_wconf 89' lang='lat' dir='ltr'><strong>aeternum.</strong></span> <span class='ocrx_word' id='word_1_21' title='bbox 940 715 968 782; x_wconf 90' lang='lat' dir='ltr'>O</span> <span class='ocrx_word' id='word_1_22' title='bbox 1001 735 1057 783; x_wconf 93' lang='lat' dir='ltr'><strong>vos</strong></span> <span class='ocrx_word' id='word_1_23' title='bbox 1089 719 1353 800; x_wconf 79' lang='lat' dir='ltr'><strong>praedicatorem</strong></span> 
     </span>
     <span class='ocr_line' id='line_1_4' title="bbox 151 817 1352 901; baseline 0.004 -17"><span class='ocrx_word' id='word_1_24' title='bbox 151 819 324 901; x_wconf 87' lang='lat' dir='ltr'><strong>patientem</strong></span> <span class='ocrx_word' id='word_1_25' title='bbox 347 823 379 883; x_wconf 91' lang='lat' dir='ltr'><strong>et</strong></span> <span class='ocrx_word' id='word_1_26' title='bbox 400 818 585 899; x_wconf 77' lang='lat' dir='ltr'><strong>benignum!</strong></span> <span class='ocrx_word' id='word_1_27' title='bbox 630 817 662 882; x_wconf 88' lang='lat' dir='ltr'><strong>Si</strong></span> <span class='ocrx_word' id='word_1_28' title='bbox 685 835 748 881; x_wconf 93' lang='lat' dir='ltr'><strong>non</strong></span> <span class='ocrx_word' id='word_1_29' title='bbox 770 817 911 883; x_wconf 79' lang='lat' dir='ltr'><strong>cessabis</strong></span> <span class='ocrx_word' id='word_1_30' title='bbox 933 835 1050 884; x_wconf 88' lang='lat' dir='ltr'><strong>vexere</strong></span> <span class='ocrx_word' id='word_1_31' title='bbox 1073 817 1193 900; x_wconf 87' lang='lat' dir='ltr'><strong>fideles,</strong></span> <span class='ocrx_word' id='word_1_32' title='bbox 1218 822 1352 889; x_wconf 87' lang='lat' dir='ltr'><strong>veniens</strong></span> 
     </span>
     <span class='ocr_line' id='line_1_5' title="bbox 151 916 1352 1003; baseline 0.004 -20"><span class='ocrx_word' id='word_1_33' title='bbox 151 919 340 1003; x_wconf 86' lang='lat' dir='ltr'><strong>praedicabo</strong></span> <span class='ocrx_word' id='word_1_34' title='bbox 368 919 400 984; x_wconf 94' lang='lat' dir='ltr'><strong>in</strong></span> <span class='ocrx_word' id='word_1_35' title='bbox 430 920 570 998; x_wconf 87' lang='lat' dir='ltr'><strong>civitate,</strong></span> <span class='ocrx_word' id='word_1_36' title='bbox 599 925 633 984; x_wconf 91' lang='lat' dir='ltr'><strong>et</strong></span> <span class='ocrx_word' id='word_1_37' title='bbox 655 924 733 985; x_wconf 90' lang='lat' dir='ltr'><strong>tnnc</strong></span> <span class='ocrx_word' id='word_1_38' title='bbox 754 916 895 983; x_wconf 85' lang='lat' dir='ltr'><strong>cessabis</strong></span> <span class='ocrx_word' id='word_1_39' title='bbox 918 939 937 985; x_wconf 87' lang='lat' dir='ltr'><strong>a</strong></span> <span class='ocrx_word' id='word_1_40' title='bbox 958 920 1084 996; x_wconf 86' lang='lat' dir='ltr'><strong>divinis,</strong></span> <span class='ocrx_word' id='word_1_41' title='bbox 1106 941 1126 987; x_wconf 90' lang='lat' dir='ltr'><strong>a</strong></span> <span class='ocrx_word' id='word_1_42' title='bbox 1147 922 1265 1003; x_wconf 89' lang='lat' dir='ltr'><strong>quibus</strong></span> <span class='ocrx_word' id='word_1_43' title='bbox 1287 941 1352 990; x_wconf 92' lang='lat' dir='ltr'><strong>nou</strong></span> 
     </span>
     <span class='ocr_line' id='line_1_6' title="bbox 151 1019 1353 1100; baseline 0.006 -15"><span class='ocrx_word' id='word_1_44' title='bbox 151 1022 286 1088; x_wconf 88' lang='lat' dir='ltr'><strong>deberes</strong></span> <span class='ocrx_word' id='word_1_45' title='bbox 316 1038 452 1100; x_wconf 87' lang='lat' dir='ltr'><strong>cessare,</strong></span> <span class='ocrx_word' id='word_1_46' title='bbox 482 1020 576 1085; x_wconf 88' lang='lat' dir='ltr'><strong>etiam</strong></span> <span class='ocrx_word' id='word_1_47' title='bbox 603 1022 630 1087; x_wconf 92' lang='lat' dir='ltr'><strong>si</strong></span> <span class='ocrx_word' id='word_1_48' title='bbox 660 1038 769 1085; x_wconf 88' lang='lat' dir='ltr'><strong>omnes</strong></span> <span class='ocrx_word' id='word_1_49' title='bbox 792 1019 909 1088; x_wconf 88' lang='lat' dir='ltr'><strong>diaboli</strong></span> <span class='ocrx_word' id='word_1_50' title='bbox 932 1022 1079 1089; x_wconf 90' lang='lat' dir='ltr'><strong>venirent</strong></span> <span class='ocrx_word' id='word_1_51' title='bbox 1101 1024 1142 1089; x_wconf 92' lang='lat' dir='ltr'><strong>ad</strong></span> <span class='ocrx_word' id='word_1_52' title='bbox 1166 1024 1291 1091; x_wconf 82' lang='lat' dir='ltr'><strong>Melnilr</strong></span> <span class='ocrx_word' id='word_1_53' title='bbox 1311 1026 1353 1092; x_wconf 89' lang='lat' dir='ltr'><strong>de</strong></span> 
     </span>
     <span class='ocr_line' id='line_1_7' title="bbox 151 1122 1351 1212; baseline 0.003 -23"><span class='ocrx_word' id='word_1_54' title='bbox 151 1125 284 1190; x_wconf 83' lang='lat' dir='ltr'><strong>interno.</strong></span> <span class='ocrx_word' id='word_1_55' title='bbox 327 1124 457 1201; x_wconf 78' lang='lat' dir='ltr'><strong>Fateor,</strong></span> <span class='ocrx_word' id='word_1_56' title='bbox 478 1122 562 1204; x_wconf 87' lang='lat' dir='ltr'><strong>quod</strong></span> <span class='ocrx_word' id='word_1_57' title='bbox 585 1124 611 1188; x_wconf 92' lang='lat' dir='ltr'><strong>si</strong></span> <span class='ocrx_word' id='word_1_58' title='bbox 634 1124 719 1188; x_wconf 91' lang='lat' dir='ltr'><strong>mille</strong></span> <span class='ocrx_word' id='word_1_59' title='bbox 742 1123 911 1189; x_wconf 88' lang='lat' dir='ltr'><strong>daemones</strong></span> <span class='ocrx_word' id='word_1_60' title='bbox 934 1124 974 1189; x_wconf 91' lang='lat' dir='ltr'><strong>ad</strong></span> <span class='ocrx_word' id='word_1_61' title='bbox 1000 1124 1176 1190; x_wconf 88' lang='lat' dir='ltr'><strong>Melnikum</strong></span> <span class='ocrx_word' id='word_1_62' title='bbox 1192 1126 1351 1212; x_wconf 86' lang='lat' dir='ltr'><strong>venirent,</strong></span> 
     </span>
     <span class='ocr_line' id='line_1_8' title="bbox 151 1225 1353 1309; baseline 0.007 -21"><span class='ocrx_word' id='word_1_63' title='bbox 151 1225 235 1307; x_wconf 89' lang='lat' dir='ltr'><strong>quod</strong></span> <span class='ocrx_word' id='word_1_64' title='bbox 264 1226 357 1303; x_wconf 89' lang='lat' dir='ltr'><strong>absit,</strong></span> <span class='ocrx_word' id='word_1_65' title='bbox 386 1243 448 1289; x_wconf 82' lang='lat' dir='ltr'><strong>rron</strong></span> <span class='ocrx_word' id='word_1_66' title='bbox 471 1226 603 1291; x_wconf 88' lang='lat' dir='ltr'><strong>cessabo</strong></span> <span class='ocrx_word' id='word_1_67' title='bbox 626 1245 645 1291; x_wconf 89' lang='lat' dir='ltr'><strong>a</strong></span> <span class='ocrx_word' id='word_1_68' title='bbox 667 1225 790 1306; x_wconf 90' lang='lat' dir='ltr'><strong>divinis,</strong></span> <span class='ocrx_word' id='word_1_69' title='bbox 819 1226 876 1292; x_wconf 90' lang='lat' dir='ltr'><strong>sed</strong></span> <span class='ocrx_word' id='word_1_70' title='bbox 898 1227 926 1291; x_wconf 91' lang='lat' dir='ltr'><strong>si</strong></span> <span class='ocrx_word' id='word_1_71' title='bbox 948 1244 1003 1292; x_wconf 89' lang='lat' dir='ltr'><strong>vos</strong></span> <span class='ocrx_word' id='word_1_72' title='bbox 1026 1227 1193 1309; x_wconf 80' lang='lat' dir='ltr'><strong>veniretis,</strong></span> <span class='ocrx_word' id='word_1_73' title='bbox 1217 1230 1353 1298; x_wconf 86' lang='lat' dir='ltr'><strong>cessabo</strong></span> 
     </span>
     <span class='ocr_line' id='line_1_9' title="bbox 150 1327 1352 1410; baseline 0.002 -18"><span class='ocrx_word' id='word_1_74' title='bbox 150 1346 169 1392; x_wconf 87' lang='lat' dir='ltr'><strong>a</strong></span> <span class='ocrx_word' id='word_1_75' title='bbox 192 1327 324 1404; x_wconf 89' lang='lat' dir='ltr'><strong>divinis;</strong></span> <span class='ocrx_word' id='word_1_76' title='bbox 346 1344 417 1391; x_wconf 90' lang='lat' dir='ltr'><strong>nam</strong></span> <span class='ocrx_word' id='word_1_77' title='bbox 442 1327 504 1391; x_wconf 88' lang='lat' dir='ltr'><strong>illis</strong></span> <span class='ocrx_word' id='word_1_78' title='bbox 527 1345 590 1391; x_wconf 92' lang='lat' dir='ltr'><strong>uon</strong></span> <span class='ocrx_word' id='word_1_79' title='bbox 614 1334 663 1392; x_wconf 89' lang='lat' dir='ltr'><strong>est</strong></span> <span class='ocrx_word' id='word_1_80' title='bbox 684 1344 759 1408; x_wconf 89' lang='lat' dir='ltr'><strong>spes</strong></span> <span class='ocrx_word' id='word_1_81' title='bbox 781 1327 903 1406; x_wconf 86' lang='lat' dir='ltr'><strong>salutis,</strong></span> <span class='ocrx_word' id='word_1_82' title='bbox 927 1345 997 1392; x_wconf 87' lang='lat' dir='ltr'><strong>oum</strong></span> <span class='ocrx_word' id='word_1_83' title='bbox 1019 1327 1085 1393; x_wconf 92' lang='lat' dir='ltr'><strong>sint</strong></span> <span class='ocrx_word' id='word_1_84' title='bbox 1104 1329 1172 1410; x_wconf 88' lang='lat' dir='ltr'><strong>jam</strong></span> <span class='ocrx_word' id='word_1_85' title='bbox 1195 1330 1352 1410; x_wconf 72' lang='lat' dir='ltr'><strong>damuati:</strong></span> 
     </span>
     <span class='ocr_line' id='line_1_10' title="bbox 149 1427 1353 1508; baseline 0.007 -18"><span class='ocrx_word' id='word_1_86' title='bbox 149 1427 240 1494; x_wconf 92' lang='lat' dir='ltr'><strong>vobis</strong></span> <span class='ocrx_word' id='word_1_87' title='bbox 270 1434 375 1493; x_wconf 90' lang='lat' dir='ltr'><strong>autern</strong></span> <span class='ocrx_word' id='word_1_88' title='bbox 406 1432 438 1493; x_wconf 91' lang='lat' dir='ltr'><strong>et</strong></span> <span class='ocrx_word' id='word_1_89' title='bbox 466 1428 582 1493; x_wconf 89' lang='lat' dir='ltr'><strong>vestris</strong></span> <span class='ocrx_word' id='word_1_90' title='bbox 606 1432 693 1492; x_wconf 90' lang='lat' dir='ltr'><strong>esset</strong></span> <span class='ocrx_word' id='word_1_91' title='bbox 714 1445 797 1508; x_wconf 78' lang='lat' dir='ltr'><strong>spes,</strong></span> <span class='ocrx_word' id='word_1_92' title='bbox 821 1428 849 1492; x_wconf 89' lang='lat' dir='ltr'><strong>si</strong></span> <span class='ocrx_word' id='word_1_93' title='bbox 871 1427 995 1494; x_wconf 91' lang='lat' dir='ltr'><strong>velletis</strong></span> <span class='ocrx_word' id='word_1_94' title='bbox 1018 1428 1159 1494; x_wconf 87' lang='lat' dir='ltr'><strong>obedire.</strong></span> <span class='ocrx_word' id='word_1_95' title='bbox 1204 1430 1249 1496; x_wconf 85' lang='lat' dir='ltr'><strong>Et</strong></span> <span class='ocrx_word' id='word_1_96' title='bbox 1271 1431 1353 1499; x_wconf 85' lang='lat' dir='ltr'><strong>infra</strong></span> 
     </span>
     <span class='ocr_line' id='line_1_11' title="bbox 150 1529 1353 1612; baseline 0.005 -16"><span class='ocrx_word' id='word_1_97' title='bbox 150 1531 276 1598; x_wconf 88' lang='lat' dir='ltr'><strong>dicitis:</strong></span> <span class='ocrx_word' id='word_1_98' title='bbox 312 1532 386 1612; x_wconf 86' lang='lat' dir='ltr'><strong>,sed</strong></span> <span class='ocrx_word' id='word_1_99' title='bbox 424 1537 545 1597; x_wconf 87' lang='lat' dir='ltr'><strong>statuta</strong></span> <span class='ocrx_word' id='word_1_100' title='bbox 576 1531 705 1595; x_wconf 87' lang='lat' dir='ltr'><strong>inventa</strong></span> <span class='ocrx_word' id='word_1_101' title='bbox 733 1548 752 1594; x_wconf 89' lang='lat' dir='ltr'><strong>a</strong></span> <span class='ocrx_word' id='word_1_102' title='bbox 785 1531 871 1596; x_wconf 87' lang='lat' dir='ltr'><strong>clero</strong></span> <span class='ocrx_word' id='word_1_103' title='bbox 904 1529 1063 1611; x_wconf 86' lang='lat' dir='ltr'><strong>superbo“</strong></span> <span class='ocrx_word' id='word_1_104' title='bbox 1097 1547 1137 1596; x_wconf 77' lang='lat' dir='ltr'><strong>sc.</strong></span> <span class='ocrx_word' id='word_1_105' title='bbox 1182 1533 1262 1612; x_wconf 82' lang='lat' dir='ltr'><strong>Quis</strong></span> <span class='ocrx_word' id='word_1_106' title='bbox 1295 1554 1353 1602; x_wconf 90' lang='lat' dir='ltr'><strong>vos</strong></span> 
     </span>
     <span class='ocr_line' id='line_1_12' title="bbox 149 1630 1353 1721; baseline 0.006 -23"><span class='ocrx_word' id='word_1_107' title='bbox 149 1634 228 1701; x_wconf 87' lang='lat' dir='ltr'><strong>fecit</strong></span> <span class='ocrx_word' id='word_1_108' title='bbox 259 1635 403 1700; x_wconf 88' lang='lat' dir='ltr'><strong>cordium</strong></span> <span class='ocrx_word' id='word_1_109' title='bbox 425 1632 658 1699; x_wconf 79' lang='lat' dir='ltr'><strong>scrutatorem?</strong></span> <span class='ocrx_word' id='word_1_110' title='bbox 684 1651 724 1697; x_wconf 91' lang='lat' dir='ltr'><strong>an</strong></span> <span class='ocrx_word' id='word_1_111' title='bbox 746 1630 887 1710; x_wconf 88' lang='lat' dir='ltr'><strong>nescitis,</strong></span> <span class='ocrx_word' id='word_1_112' title='bbox 910 1631 1070 1696; x_wconf 91' lang='lat' dir='ltr'><strong>interdum</strong></span> <span class='ocrx_word' id='word_1_113' title='bbox 1091 1634 1151 1699; x_wconf 89' lang='lat' dir='ltr'><strong>sub</strong></span> <span class='ocrx_word' id='word_1_114' title='bbox 1174 1636 1228 1701; x_wconf 89' lang='lat' dir='ltr'><strong>vili</strong></span> <span class='ocrx_word' id='word_1_115' title='bbox 1252 1657 1353 1721; x_wconf 83' lang='lat' dir='ltr'><strong>cappa</strong></span> 
     </span>
     <span class='ocr_line' id='line_1_13' title="bbox 156 1732 1351 1821; baseline 0.003 -20"><span class='ocrx_word' id='word_1_116' title='bbox 156 1735 258 1817; x_wconf 85' lang='lat' dir='ltr'><strong>major</strong></span> <span class='ocrx_word' id='word_1_117' title='bbox 285 1742 334 1801; x_wconf 87' lang='lat' dir='ltr'><strong>est</strong></span> <span class='ocrx_word' id='word_1_118' title='bbox 362 1736 521 1818; x_wconf 88' lang='lat' dir='ltr'><strong>snperbia,</strong></span> <span class='ocrx_word' id='word_1_119' title='bbox 551 1752 643 1815; x_wconf 90' lang='lat' dir='ltr'><strong>quam</strong></span> <span class='ocrx_word' id='word_1_120' title='bbox 666 1732 725 1797; x_wconf 91' lang='lat' dir='ltr'><strong>sub</strong></span> <span class='ocrx_word' id='word_1_121' title='bbox 748 1737 837 1796; x_wconf 87' lang='lat' dir='ltr'><strong>veste</strong></span> <span class='ocrx_word' id='word_1_122' title='bbox 859 1733 984 1798; x_wconf 88' lang='lat' dir='ltr'><strong>sericea</strong></span> <span class='ocrx_word' id='word_1_123' title='bbox 1004 1734 1136 1800; x_wconf 89' lang='lat' dir='ltr'><strong>multum</strong></span> <span class='ocrx_word' id='word_1_124' title='bbox 1159 1737 1258 1803; x_wconf 89' lang='lat' dir='ltr'><strong>etiam</strong></span> <span class='ocrx_word' id='word_1_125' title='bbox 1279 1757 1351 1821; x_wconf 88' lang='lat' dir='ltr'><strong>pre·</strong></span> 
     </span>
     <span class='ocr_line' id='line_1_14' title="bbox 155 1836 1351 1918; baseline 0.003 -14"><span class='ocrx_word' id='word_1_126' title='bbox 155 1838 258 1904; x_wconf 82' lang='lat' dir='ltr'><strong>tiosa?</strong></span> <span class='ocrx_word' id='word_1_127' title='bbox 290 1837 395 1916; x_wconf 83' lang='lat' dir='ltr'><strong>Quare</strong></span> <span class='ocrx_word' id='word_1_128' title='bbox 417 1837 531 1916; x_wconf 88' lang='lat' dir='ltr'><strong>facitis,</strong></span> <span class='ocrx_word' id='word_1_129' title='bbox 553 1836 639 1917; x_wconf 88' lang='lat' dir='ltr'><strong>quod</strong></span> <span class='ocrx_word' id='word_1_130' title='bbox 661 1837 694 1899; x_wconf 93' lang='lat' dir='ltr'><strong>in</strong></span> <span class='ocrx_word' id='word_1_131' title='bbox 714 1853 766 1900; x_wconf 93' lang='lat' dir='ltr'><strong>me</strong></span> <span class='ocrx_word' id='word_1_132' title='bbox 781 1836 1043 1918; x_wconf 82' lang='lat' dir='ltr'><strong>reprehenditis?</strong></span> <span class='ocrx_word' id='word_1_133' title='bbox 1064 1837 1181 1905; x_wconf 89' lang='lat' dir='ltr'><strong>videtis</strong></span> <span class='ocrx_word' id='word_1_134' title='bbox 1196 1841 1351 1909; x_wconf 83' lang='lat' dir='ltr'><strong>festucam</strong></span> 
     </span>
     <span class='ocr_line' id='line_1_15' title="bbox 154 1937 1350 2024; baseline 0.003 -18"><span class='ocrx_word' id='word_1_135' title='bbox 154 1940 187 2006; x_wconf 94' lang='lat' dir='ltr'><strong>in</strong></span> <span class='ocrx_word' id='word_1_136' title='bbox 214 1941 305 2006; x_wconf 84' lang='lat' dir='ltr'><strong>oevrlo</strong></span> <span class='ocrx_word' id='word_1_137' title='bbox 332 1958 412 2017; x_wconf 86' lang='lat' dir='ltr'><strong>meo,</strong></span> <span class='ocrx_word' id='word_1_138' title='bbox 435 1946 469 2005; x_wconf 89' lang='lat' dir='ltr'><strong>et</strong></span> <span class='ocrx_word' id='word_1_139' title='bbox 496 1940 618 2006; x_wconf 87' lang='lat' dir='ltr'><strong>trabem</strong></span> <span class='ocrx_word' id='word_1_140' title='bbox 640 1939 673 2003; x_wconf 92' lang='lat' dir='ltr'><strong>in</strong></span> <span class='ocrx_word' id='word_1_141' title='bbox 696 1945 804 2004; x_wconf 90' lang='lat' dir='ltr'><strong>vestro</strong></span> <span class='ocrx_word' id='word_1_142' title='bbox 825 1958 890 2005; x_wconf 91' lang='lat' dir='ltr'><strong>nou</strong></span> <span class='ocrx_word' id='word_1_143' title='bbox 912 1940 1039 2018; x_wconf 86' lang='lat' dir='ltr'><strong>videtis,</strong></span> <span class='ocrx_word' id='word_1_144' title='bbox 1062 1947 1096 2004; x_wconf 91' lang='lat' dir='ltr'><strong>et</strong></span> <span class='ocrx_word' id='word_1_145' title='bbox 1116 1937 1225 2007; x_wconf 83' lang='lat' dir='ltr'><strong>dicitis</strong></span> <span class='ocrx_word' id='word_1_146' title='bbox 1250 1943 1350 2024; x_wconf 84' lang='lat' dir='ltr'><strong>,forte</strong></span> 
     </span>
     <span class='ocr_line' id='line_1_16' title="bbox 153 2035 1350 2124; baseline 0.003 -17"><span class='ocrx_word' id='word_1_147' title='bbox 153 2035 317 2124; x_wconf 87' lang='lat' dir='ltr'><strong>trepidans</strong></span> <span class='ocrx_word' id='word_1_148' title='bbox 340 2041 462 2119; x_wconf 85' lang='lat' dir='ltr'><strong>timore,</strong></span> <span class='ocrx_word' id='word_1_149' title='bbox 486 2041 539 2105; x_wconf 93' lang='lat' dir='ltr'><strong>ubi</strong></span> <span class='ocrx_word' id='word_1_150' title='bbox 562 2060 625 2106; x_wconf 90' lang='lat' dir='ltr'><strong>nou</strong></span> <span class='ocrx_word' id='word_1_151' title='bbox 649 2047 699 2105; x_wconf 91' lang='lat' dir='ltr'><strong>est</strong></span> <span class='ocrx_word' id='word_1_152' title='bbox 720 2041 834 2105; x_wconf 87' lang='lat' dir='ltr'><strong>timor“</strong></span> <span class='ocrx_word' id='word_1_153' title='bbox 858 2058 897 2106; x_wconf 78' lang='lat' dir='ltr'><strong>rc.</strong></span> <span class='ocrx_word' id='word_1_154' title='bbox 940 2042 1012 2108; x_wconf 88' lang='lat' dir='ltr'><strong>Scio</strong></span> <span class='ocrx_word' id='word_1_155' title='bbox 1034 2041 1118 2107; x_wconf 85' lang='lat' dir='ltr'><strong>forte</strong></span> <span class='ocrx_word' id='word_1_156' title='bbox 1143 2062 1217 2109; x_wconf 89' lang='lat' dir='ltr'><strong>esse</strong></span> <span class='ocrx_word' id='word_1_157' title='bbox 1238 2044 1350 2111; x_wconf 85' lang='lat' dir='ltr'><strong>adver·</strong></span> 
     </span>
    </p>
   </div>
   <div class='ocr_carea' id='block_1_3' title="bbox 38 2142 1349 2225">
    <p class='ocr_par' dir='ltr' id='par_1_3' title="bbox 38 2142 1349 2225">
     <span class='ocr_line' id='line_1_17' title="bbox 38 2142 1349 2225; baseline 0.005 -20"><span class='ocrx_word' id='word_1_158' title='bbox 38 2201 40 2205; x_wconf 87' lang='lat'>.</span> <span class='ocrx_word' id='word_1_159' title='bbox 151 2144 237 2209; x_wconf 93' lang='lat' dir='ltr'><strong>bium</strong></span> <span class='ocrx_word' id='word_1_160' title='bbox 259 2143 434 2223; x_wconf 85' lang='lat' dir='ltr'><strong>dubitandi,</strong></span> <span class='ocrx_word' id='word_1_161' title='bbox 458 2143 515 2208; x_wconf 91' lang='lat' dir='ltr'><strong>sed</strong></span> <span class='ocrx_word' id='word_1_162' title='bbox 536 2145 567 2208; x_wconf 92' lang='lat' dir='ltr'><strong>in</strong></span> <span class='ocrx_word' id='word_1_163' title='bbox 591 2142 696 2207; x_wconf 91' lang='lat' dir='ltr'><strong>dubiis</strong></span> <span class='ocrx_word' id='word_1_164' title='bbox 719 2144 821 2208; x_wconf 87' lang='lat' dir='ltr'><strong>tutior</strong></span> <span class='ocrx_word' id='word_1_165' title='bbox 842 2160 918 2225; x_wconf 88' lang='lat' dir='ltr'><strong>pars</strong></span> <span class='ocrx_word' id='word_1_166' title='bbox 940 2150 990 2209; x_wconf 91' lang='lat' dir='ltr'><strong>est</strong></span> <span class='ocrx_word' id='word_1_167' title='bbox 1020 2143 1177 2223; x_wconf 82' lang='lat' dir='ltr'><strong>eligenda.</strong></span> <span class='ocrx_word' id='word_1_168' title='bbox 1223 2144 1349 2212; x_wconf 78' lang='lat' dir='ltr'><strong>Gentius</strong></span> 
     </span>
    </p>
   </div>
   <div class='ocr_carea' id='block_1_4' title="bbox 57 2242 1349 4545">
    <p class='ocr_par' dir='ltr' id='par_1_4' title="bbox 57 2242 1349 4545">
     <span class='ocr_line' id='line_1_18' title="bbox 151 2242 1348 2326; baseline 0.003 -16"><span class='ocrx_word' id='word_1_169' title='bbox 151 2251 183 2311; x_wconf 90' lang='lat' dir='ltr'><strong>et</strong></span> <span class='ocrx_word' id='word_1_170' title='bbox 204 2246 318 2310; x_wconf 91' lang='lat' dir='ltr'><strong>melius</strong></span> <span class='ocrx_word' id='word_1_171' title='bbox 352 2252 402 2324; x_wconf 88' lang='lat' dir='ltr'><strong>est</strong></span> <span class='ocrx_word' id='word_1_172' title='bbox 434 2245 653 2326; x_wconf 88' lang='lat' dir='ltr'><strong>superioribus</strong></span> <span class='ocrx_word' id='word_1_173' title='bbox 683 2242 823 2321; x_wconf 85' lang='lat' dir='ltr'><strong>obedire,</strong></span> <span class='ocrx_word' id='word_1_174' title='bbox 855 2261 947 2325; x_wconf 89' lang='lat' dir='ltr'><strong>quam</strong></span> <span class='ocrx_word' id='word_1_175' title='bbox 971 2244 1090 2310; x_wconf 89' lang='lat' dir='ltr'><strong>eisdem</strong></span> <span class='ocrx_word' id='word_1_176' title='bbox 1120 2247 1348 2315; x_wconf 85' lang='lat' dir='ltr'><strong>contumaciter</strong></span> 
     </span>
     <span class='ocr_line' id='line_1_19' title="bbox 152 2345 1349 2432; baseline 0.003 -20"><span class='ocrx_word' id='word_1_177' title='bbox 152 2348 342 2430; x_wconf 83' lang='lat' dir='ltr'><strong>protervire.</strong></span> <span class='ocrx_word' id='word_1_178' title='bbox 385 2345 467 2410; x_wconf 90' lang='lat' dir='ltr'><strong>Illud</strong></span> <span class='ocrx_word' id='word_1_179' title='bbox 499 2353 640 2411; x_wconf 89' lang='lat' dir='ltr'><strong>vestrum</strong></span> <span class='ocrx_word' id='word_1_180' title='bbox 672 2345 874 2426; x_wconf 88' lang='lat' dir='ltr'><strong>potissimum</strong></span> <span class='ocrx_word' id='word_1_181' title='bbox 907 2345 1142 2411; x_wconf 82' lang='lat' dir='ltr'><strong>tundamentum</strong></span> <span class='ocrx_word' id='word_1_182' title='bbox 1175 2355 1244 2428; x_wconf 89' lang='lat' dir='ltr'><strong>est,</strong></span> <span class='ocrx_word' id='word_1_183' title='bbox 1278 2350 1349 2432; x_wconf 87' lang='lat' dir='ltr'><strong>qnia</strong></span> 
     </span>
     <span class='ocr_line' id='line_1_20' title="bbox 151 2446 1346 2534; baseline 0.003 -19"><span class='ocrx_word' id='word_1_184' title='bbox 151 2469 234 2532; x_wconf 92' lang='lat' dir='ltr'><strong>papa</strong></span> <span class='ocrx_word' id='word_1_185' title='bbox 255 2448 405 2530; x_wconf 90' lang='lat' dir='ltr'><strong>prohibet</strong></span> <span class='ocrx_word' id='word_1_186' title='bbox 425 2446 551 2527; x_wconf 90' lang='lat' dir='ltr'><strong>bonum,</strong></span> <span class='ocrx_word' id='word_1_187' title='bbox 575 2447 724 2529; x_wconf 88' lang='lat' dir='ltr'><strong>prohibet</strong></span> <span class='ocrx_word' id='word_1_188' title='bbox 745 2447 949 2528; x_wconf 86' lang='lat' dir='ltr'><strong>praedicure;</strong></span> <span class='ocrx_word' id='word_1_189' title='bbox 972 2448 1078 2514; x_wconf 92' lang='lat' dir='ltr'><strong>dicitis</strong></span> <span class='ocrx_word' id='word_1_190' title='bbox 1101 2467 1189 2532; x_wconf 86' lang='lat' dir='ltr'><strong>ergo,</strong></span> <span class='ocrx_word' id='word_1_191' title='bbox 1213 2452 1346 2534; x_wconf 80' lang='lat' dir='ltr'><strong>quindei</strong></span> 
     </span>
     <span class='ocr_line' id='line_1_21' title="bbox 151 2546 1346 2629; baseline 0.004 -15"><span class='ocrx_word' id='word_1_192' title='bbox 151 2569 214 2615; x_wconf 91' lang='lat' dir='ltr'><strong>uon</strong></span> <span class='ocrx_word' id='word_1_193' title='bbox 241 2551 284 2615; x_wconf 88' lang='lat' dir='ltr'><strong>sit</strong></span> <span class='ocrx_word' id='word_1_194' title='bbox 313 2550 344 2613; x_wconf 95' lang='lat' dir='ltr'><strong>iu</strong></span> <span class='ocrx_word' id='word_1_195' title='bbox 367 2548 427 2612; x_wconf 92' lang='lat' dir='ltr'><strong>hoc</strong></span> <span class='ocrx_word' id='word_1_196' title='bbox 448 2547 669 2613; x_wconf 88' lang='lat' dir='ltr'><strong>obediendum.</strong></span> <span class='ocrx_word' id='word_1_197' title='bbox 713 2546 745 2612; x_wconf 82' lang='lat' dir='ltr'><strong>Si</strong></span> <span class='ocrx_word' id='word_1_198' title='bbox 768 2547 894 2612; x_wconf 87' lang='lat' dir='ltr'><strong>velletis</strong></span> <span class='ocrx_word' id='word_1_199' title='bbox 915 2547 1181 2629; x_wconf 88' lang='lat' dir='ltr'><strong>animadvertere,</strong></span> <span class='ocrx_word' id='word_1_200' title='bbox 1204 2570 1265 2619; x_wconf 89' lang='lat' dir='ltr'><strong>nec</strong></span> <span class='ocrx_word' id='word_1_201' title='bbox 1287 2572 1346 2619; x_wconf 88' lang='lat' dir='ltr'><strong>nou</strong></span> 
     </span>
     <span class='ocr_line' id='line_1_22' title="bbox 149 2649 1345 2734; baseline 0.003 -18"><span class='ocrx_word' id='word_1_202' title='bbox 149 2671 169 2716; x_wconf 88' lang='lat' dir='ltr'><strong>a</strong></span> <span class='ocrx_word' id='word_1_203' title='bbox 195 2670 245 2718; x_wconf 91' lang='lat' dir='ltr'><strong>me</strong></span> <span class='ocrx_word' id='word_1_204' title='bbox 271 2651 346 2715; x_wconf 89' lang='lat' dir='ltr'><strong>licet</strong></span> <span class='ocrx_word' id='word_1_205' title='bbox 376 2649 507 2731; x_wconf 86' lang='lat' dir='ltr'><strong>parvulo</strong></span> <span class='ocrx_word' id='word_1_206' title='bbox 542 2650 623 2713; x_wconf 90' lang='lat' dir='ltr'><strong>bene</strong></span> <span class='ocrx_word' id='word_1_207' title='bbox 657 2650 821 2730; x_wconf 91' lang='lat' dir='ltr'><strong>suscipere</strong></span> <span class='ocrx_word' id='word_1_208' title='bbox 854 2649 1083 2731; x_wconf 87' lang='lat' dir='ltr'><strong>obedientiam,</strong></span> <span class='ocrx_word' id='word_1_209' title='bbox 1114 2651 1162 2717; x_wconf 87' lang='lat' dir='ltr'><strong>ait</strong></span> <span class='ocrx_word' id='word_1_210' title='bbox 1194 2653 1345 2734; x_wconf 87' lang='lat' dir='ltr'><strong>dominus,</strong></span> 
     </span>
     <span class='ocr_line' id='line_1_23' title="bbox 57 2751 1346 2842; baseline -0.001 -23"><span class='ocrx_word' id='word_1_211' title='bbox 57 2826 66 2842; x_wconf 39' lang='grc' dir='ltr'><strong><em>Ι</em></strong></span> <span class='ocrx_word' id='word_1_212' title='bbox 150 2755 232 2819; x_wconf 89' lang='lat' dir='ltr'><strong>malo</strong></span> <span class='ocrx_word' id='word_1_213' title='bbox 266 2754 339 2835; x_wconf 95' lang='lat' dir='ltr'><strong>plus</strong></span> <span class='ocrx_word' id='word_1_214' title='bbox 372 2770 464 2832; x_wconf 90' lang='lat' dir='ltr'><strong>quam</strong></span> <span class='ocrx_word' id='word_1_215' title='bbox 498 2751 691 2829; x_wconf 85' lang='lat' dir='ltr'><strong>holocausta,</strong></span> <span class='ocrx_word' id='word_1_216' title='bbox 722 2753 840 2816; x_wconf 93' lang='lat' dir='ltr'><strong>bonum</strong></span> <span class='ocrx_word' id='word_1_217' title='bbox 872 2752 1103 2831; x_wconf 88' lang='lat' dir='ltr'><strong>holocaustum,</strong></span> <span class='ocrx_word' id='word_1_218' title='bbox 1136 2754 1242 2820; x_wconf 90' lang='lat' dir='ltr'><strong>bonae</strong></span> <span class='ocrx_word' id='word_1_219' title='bbox 1275 2760 1346 2820; x_wconf 92' lang='lat' dir='ltr'><strong>snut</strong></span> 
     </span>
     <span class='ocr_line' id='line_1_24' title="bbox 150 2852 1345 2935; baseline 0.003 -17"><span class='ocrx_word' id='word_1_220' title='bbox 150 2856 312 2933; x_wconf 75' lang='lat' dir='ltr'><strong>victimae:</strong></span> <span class='ocrx_word' id='word_1_221' title='bbox 336 2861 440 2919; x_wconf 87' lang='lat' dir='ltr'><strong>tamen</strong></span> <span class='ocrx_word' id='word_1_222' title='bbox 456 2853 569 2917; x_wconf 90' lang='lat' dir='ltr'><strong>melius</strong></span> <span class='ocrx_word' id='word_1_223' title='bbox 585 2852 714 2918; x_wconf 87' lang='lat' dir='ltr'><strong>lecisset</strong></span> <span class='ocrx_word' id='word_1_224' title='bbox 729 2852 803 2917; x_wconf 89' lang='lat' dir='ltr'><strong>Saul</strong></span> <span class='ocrx_word' id='word_1_225' title='bbox 825 2852 1013 2930; x_wconf 88' lang='lat' dir='ltr'><strong>obediendo,</strong></span> <span class='ocrx_word' id='word_1_226' title='bbox 1031 2872 1124 2935; x_wconf 74' lang='lat' dir='ltr'><strong>quiam</strong></span> <span class='ocrx_word' id='word_1_227' title='bbox 1139 2856 1345 2932; x_wconf 70' lang='lat' dir='ltr'><strong>victimanda:</strong></span> 
     </span>
     <span class='ocr_line' id='line_1_25' title="bbox 150 2953 1344 3039; baseline -0.002 -16"><span class='ocrx_word' id='word_1_228' title='bbox 150 2958 256 3039; x_wconf 89' lang='lat' dir='ltr'><strong>potuit</strong></span> <span class='ocrx_word' id='word_1_229' title='bbox 272 2956 379 3021; x_wconf 87' lang='lat' dir='ltr'><strong>dicere</strong></span> <span class='ocrx_word' id='word_1_230' title='bbox 396 2962 506 3021; x_wconf 88' lang='lat' dir='ltr'><strong>contra</strong></span> <span class='ocrx_word' id='word_1_231' title='bbox 522 2955 714 3020; x_wconf 88' lang='lat' dir='ltr'><strong>Samuelem:</strong></span> <span class='ocrx_word' id='word_1_232' title='bbox 739 2953 784 3031; x_wconf 89' lang='lat'><strong>„0</strong></span> <span class='ocrx_word' id='word_1_233' title='bbox 805 2954 940 3032; x_wconf 86' lang='lat' dir='ltr'><strong>Samuel,</strong></span> <span class='ocrx_word' id='word_1_234' title='bbox 963 2954 1034 3036; x_wconf 88' lang='lat' dir='ltr'><strong>plus</strong></span> <span class='ocrx_word' id='word_1_235' title='bbox 1064 2960 1197 3037; x_wconf 88' lang='lat' dir='ltr'><strong>oportet</strong></span> <span class='ocrx_word' id='word_1_236' title='bbox 1219 2955 1344 3021; x_wconf 80' lang='lat' dir='ltr'><strong>obedire</strong></span> 
     </span>
     <span class='ocr_line' id='line_1_26' title="bbox 149 3055 1344 3139; baseline 0 -18"><span class='ocrx_word' id='word_1_237' title='bbox 149 3057 219 3136; x_wconf 86' lang='lat' dir='ltr'><strong>deo,</strong></span> <span class='ocrx_word' id='word_1_238' title='bbox 246 3077 339 3139; x_wconf 89' lang='lat' dir='ltr'><strong>quam</strong></span> <span class='ocrx_word' id='word_1_239' title='bbox 369 3056 576 3121; x_wconf 82' lang='lat' dir='ltr'><strong>lioruiuibus.“</strong></span> <span class='ocrx_word' id='word_1_240' title='bbox 621 3057 790 3137; x_wconf 89' lang='lat' dir='ltr'><strong>Praecepit</strong></span> <span class='ocrx_word' id='word_1_241' title='bbox 817 3055 904 3127; x_wconf 80' lang='lat' dir='ltr'><strong>detis,</strong></span> <span class='ocrx_word' id='word_1_242' title='bbox 935 3074 998 3120; x_wconf 91' lang='lat' dir='ltr'><strong>uon</strong></span> <span class='ocrx_word' id='word_1_243' title='bbox 1022 3056 1157 3135; x_wconf 88' lang='lat' dir='ltr'><strong>occides,</strong></span> <span class='ocrx_word' id='word_1_244' title='bbox 1180 3063 1216 3122; x_wconf 94' lang='lat' dir='ltr'><strong>tu</strong></span> <span class='ocrx_word' id='word_1_245' title='bbox 1243 3064 1344 3123; x_wconf 89' lang='lat' dir='ltr'><strong>antem</strong></span> 
     </span>
     <span class='ocr_line' id='line_1_27' title="bbox 149 3155 1344 3241; baseline 0 -19"><span class='ocrx_word' id='word_1_246' title='bbox 149 3177 246 3241; x_wconf 89' lang='lat' dir='ltr'><strong>snper</strong></span> <span class='ocrx_word' id='word_1_247' title='bbox 267 3160 378 3239; x_wconf 83' lang='lat' dir='ltr'><strong>Aggag</strong></span> <span class='ocrx_word' id='word_1_248' title='bbox 400 3158 488 3236; x_wconf 86' lang='lat' dir='ltr'><strong>dicis,</strong></span> <span class='ocrx_word' id='word_1_249' title='bbox 512 3155 645 3235; x_wconf 91' lang='lat' dir='ltr'><strong>occides,</strong></span> <span class='ocrx_word' id='word_1_250' title='bbox 668 3176 731 3222; x_wconf 92' lang='lat' dir='ltr'><strong>non</strong></span> <span class='ocrx_word' id='word_1_251' title='bbox 745 3175 869 3237; x_wconf 86' lang='lat' dir='ltr'><strong>parces3</strong></span> <span class='ocrx_word' id='word_1_252' title='bbox 895 3157 1088 3222; x_wconf 85' lang='lat' dir='ltr'><strong>contrarium</strong></span> <span class='ocrx_word' id='word_1_253' title='bbox 1107 3157 1168 3224; x_wconf 88' lang='lat' dir='ltr'><strong>deo</strong></span> <span class='ocrx_word' id='word_1_254' title='bbox 1183 3158 1292 3239; x_wconf 77' lang='lat' dir='ltr'><strong>jubes:</strong></span> <span class='ocrx_word' id='word_1_255' title='bbox 1314 3164 1344 3223; x_wconf 90' lang='lat' dir='ltr'><strong>et</strong></span> 
     </span>
     <span class='ocr_line' id='line_1_28' title="bbox 149 3257 1342 3339; baseline 0.002 -15"><span class='ocrx_word' id='word_1_256' title='bbox 149 3265 255 3325; x_wconf 89' lang='lat' dir='ltr'><strong>tamen</strong></span> <span class='ocrx_word' id='word_1_257' title='bbox 282 3260 367 3338; x_wconf 86' lang='lat' dir='ltr'><strong>juste</strong></span> <span class='ocrx_word' id='word_1_258' title='bbox 395 3260 561 3324; x_wconf 86' lang='lat' dir='ltr'><strong>damnatus</strong></span> <span class='ocrx_word' id='word_1_259' title='bbox 588 3265 639 3322; x_wconf 86' lang='lat' dir='ltr'><strong>est</strong></span> <span class='ocrx_word' id='word_1_260' title='bbox 660 3257 744 3335; x_wconf 85' lang='lat' dir='ltr'><strong>Saul,</strong></span> <span class='ocrx_word' id='word_1_261' title='bbox 774 3259 848 3339; x_wconf 88' lang='lat' dir='ltr'><strong>quia</strong></span> <span class='ocrx_word' id='word_1_262' title='bbox 875 3275 937 3321; x_wconf 90' lang='lat' dir='ltr'><strong>nou</strong></span> <span class='ocrx_word' id='word_1_263' title='bbox 967 3257 1107 3322; x_wconf 88' lang='lat' dir='ltr'><strong>obedivit</strong></span> <span class='ocrx_word' id='word_1_264' title='bbox 1136 3260 1209 3324; x_wconf 88' lang='lat' dir='ltr'><strong>voci</strong></span> <span class='ocrx_word' id='word_1_265' title='bbox 1231 3259 1342 3325; x_wconf 89' lang='lat' dir='ltr'><strong>domini</strong></span> 
     </span>
     <span class='ocr_line' id='line_1_29' title="bbox 149 3358 1344 3444; baseline -0.001 -18"><span class='ocrx_word' id='word_1_266' title='bbox 149 3380 208 3444; x_wconf 90' lang='lat' dir='ltr'><strong>per</strong></span> <span class='ocrx_word' id='word_1_267' title='bbox 229 3360 415 3426; x_wconf 86' lang='lat' dir='ltr'><strong>Samuelem.</strong></span> <span class='ocrx_word' id='word_1_268' title='bbox 458 3360 501 3423; x_wconf 85' lang='lat' dir='ltr'><strong>Et</strong></span> <span class='ocrx_word' id='word_1_269' title='bbox 530 3360 651 3442; x_wconf 87' lang='lat' dir='ltr'><strong>parcite</strong></span> <span class='ocrx_word' id='word_1_270' title='bbox 678 3358 767 3439; x_wconf 86' lang='lat' dir='ltr'><strong>mibi,</strong></span> <span class='ocrx_word' id='word_1_271' title='bbox 798 3359 1024 3441; x_wconf 89' lang='lat' dir='ltr'><strong>patienterque</strong></span> <span class='ocrx_word' id='word_1_272' title='bbox 1053 3358 1227 3441; x_wconf 85' lang='lat' dir='ltr'><strong>suscipite:</strong></span> <span class='ocrx_word' id='word_1_273' title='bbox 1257 3360 1303 3425; x_wconf 91' lang='lat' dir='ltr'><strong>sic</strong></span> <span class='ocrx_word' id='word_1_274' title='bbox 1327 3379 1344 3425; x_wconf 91' lang='lat' dir='ltr'><strong>a</strong></span> 
     </span>
     <span class='ocr_line' id='line_1_30' title="bbox 149 3458 1342 3540; baseline -0.003 -14"><span class='ocrx_word' id='word_1_275' title='bbox 149 3462 242 3526; x_wconf 91' lang='lat' dir='ltr'><strong>simili</strong></span> <span class='ocrx_word' id='word_1_276' title='bbox 273 3478 382 3526; x_wconf 86' lang='lat' dir='ltr'><strong>omnes</strong></span> <span class='ocrx_word' id='word_1_277' title='bbox 411 3461 563 3525; x_wconf 86' lang='lat' dir='ltr'><strong>baeretici</strong></span> <span class='ocrx_word' id='word_1_278' title='bbox 593 3465 725 3540; x_wconf 88' lang='lat' dir='ltr'><strong>possent</strong></span> <span class='ocrx_word' id='word_1_279' title='bbox 755 3459 912 3535; x_wconf 82' lang='lat' dir='ltr'><strong>excusari3</strong></span> <span class='ocrx_word' id='word_1_280' title='bbox 936 3461 964 3524; x_wconf 93' lang='lat' dir='ltr'><strong>si</strong></span> <span class='ocrx_word' id='word_1_281' title='bbox 986 3458 1071 3523; x_wconf 91' lang='lat' dir='ltr'><strong>enim</strong></span> <span class='ocrx_word' id='word_1_282' title='bbox 1093 3477 1177 3540; x_wconf 89' lang='lat' dir='ltr'><strong>papa</strong></span> <span class='ocrx_word' id='word_1_283' title='bbox 1200 3460 1252 3525; x_wconf 87' lang='lat' dir='ltr'><strong>vel</strong></span> <span class='ocrx_word' id='word_1_284' title='bbox 1273 3477 1342 3525; x_wconf 89' lang='lat' dir='ltr'><strong>con·</strong></span> 
     </span>
     <span class='ocr_line' id='line_1_31' title="bbox 149 3558 1341 3641; baseline -0.003 -14"><span class='ocrx_word' id='word_1_285' title='bbox 149 3563 256 3627; x_wconf 89' lang='lat' dir='ltr'><strong>cilium</strong></span> <span class='ocrx_word' id='word_1_286' title='bbox 288 3560 462 3636; x_wconf 84' lang='lat' dir='ltr'><strong>mandaret,</strong></span> <span class='ocrx_word' id='word_1_287' title='bbox 498 3566 533 3624; x_wconf 92' lang='lat' dir='ltr'><strong>ut</strong></span> <span class='ocrx_word' id='word_1_288' title='bbox 562 3578 625 3624; x_wconf 89' lang='lat' dir='ltr'><strong>non</strong></span> <span class='ocrx_word' id='word_1_289' title='bbox 655 3560 819 3641; x_wconf 87' lang='lat' dir='ltr'><strong>praedicet</strong></span> <span class='ocrx_word' id='word_1_290' title='bbox 850 3559 1051 3637; x_wconf 87' lang='lat' dir='ltr'><strong>haereticus,</strong></span> <span class='ocrx_word' id='word_1_291' title='bbox 1085 3558 1224 3625; x_wconf 87' lang='lat' dir='ltr'><strong>diceret:</strong></span> <span class='ocrx_word' id='word_1_292' title='bbox 1246 3558 1341 3625; x_wconf 81' lang='lat' dir='ltr'><strong>Aliud</strong></span> 
     </span>
     <span class='ocr_line' id='line_1_32' title="bbox 149 3659 1341 3744; baseline -0.005 -16"><span class='ocrx_word' id='word_1_293' title='bbox 149 3663 229 3728; x_wconf 80' lang='lat' dir='ltr'><strong>deris</strong></span> <span class='ocrx_word' id='word_1_294' title='bbox 251 3664 424 3744; x_wconf 88' lang='lat' dir='ltr'><strong>praecepit,</strong></span> <span class='ocrx_word' id='word_1_295' title='bbox 447 3662 494 3726; x_wconf 94' lang='lat' dir='ltr'><strong>illi</strong></span> <span class='ocrx_word' id='word_1_296' title='bbox 515 3662 616 3742; x_wconf 83' lang='lat' dir='ltr'><strong>magis</strong></span> <span class='ocrx_word' id='word_1_297' title='bbox 639 3668 753 3726; x_wconf 88' lang='lat' dir='ltr'><strong>teneor</strong></span> <span class='ocrx_word' id='word_1_298' title='bbox 775 3661 915 3728; x_wconf 90' lang='lat' dir='ltr'><strong>obedire.</strong></span> <span class='ocrx_word' id='word_1_299' title='bbox 944 3660 997 3726; x_wconf 84' lang='lat' dir='ltr'><strong>Sic</strong></span> <span class='ocrx_word' id='word_1_300' title='bbox 1019 3665 1052 3725; x_wconf 91' lang='lat' dir='ltr'><strong>et</strong></span> <span class='ocrx_word' id='word_1_301' title='bbox 1075 3677 1131 3725; x_wconf 91' lang='lat' dir='ltr'><strong>vos</strong></span> <span class='ocrx_word' id='word_1_302' title='bbox 1155 3661 1220 3724; x_wconf 88' lang='lat' dir='ltr'><strong>beu</strong></span> <span class='ocrx_word' id='word_1_303' title='bbox 1243 3659 1341 3726; x_wconf 79' lang='lat' dir='ltr'><strong>tacitis</strong></span> 
     </span>
     <span class='ocr_line' id='line_1_33' title="bbox 149 3759 1340 3845; baseline -0.003 -17"><span class='ocrx_word' id='word_1_304' title='bbox 149 3771 182 3829; x_wconf 92' lang='lat' dir='ltr'><strong>et</strong></span> <span class='ocrx_word' id='word_1_305' title='bbox 203 3765 319 3828; x_wconf 86' lang='lat' dir='ltr'><strong>multos</strong></span> <span class='ocrx_word' id='word_1_306' title='bbox 347 3764 507 3828; x_wconf 90' lang='lat' dir='ltr'><strong>vobiscum</strong></span> <span class='ocrx_word' id='word_1_307' title='bbox 535 3762 569 3825; x_wconf 92' lang='lat' dir='ltr'><strong>in</strong></span> <span class='ocrx_word' id='word_1_308' title='bbox 600 3762 821 3845; x_wconf 88' lang='lat' dir='ltr'><strong>praecipitium</strong></span> <span class='ocrx_word' id='word_1_309' title='bbox 852 3761 976 3841; x_wconf 85' lang='lat' dir='ltr'><strong>ducitis,</strong></span> <span class='ocrx_word' id='word_1_310' title='bbox 999 3759 1136 3839; x_wconf 70' lang='lat' dir='ltr'><strong>inflatos</strong></span> <span class='ocrx_word' id='word_1_311' title='bbox 1158 3765 1340 3843; x_wconf 83' lang='lat' dir='ltr'><strong>arrogantes</strong></span> 
     </span>
     <span class='ocr_line' id='line_1_34' title="bbox 149 3860 1339 3946; baseline -0.004 -18"><span class='ocrx_word' id='word_1_312' title='bbox 149 3862 363 3946; x_wconf 74' lang='lat' dir='ltr'><strong>philosophos</strong></span> <span class='ocrx_word' id='word_1_313' title='bbox 395 3869 428 3928; x_wconf 90' lang='lat' dir='ltr'><strong>et</strong></span> <span class='ocrx_word' id='word_1_314' title='bbox 456 3863 495 3928; x_wconf 92' lang='lat' dir='ltr'><strong>de</strong></span> <span class='ocrx_word' id='word_1_315' title='bbox 524 3881 585 3944; x_wconf 89' lang='lat' dir='ltr'><strong>quo</strong></span> <span class='ocrx_word' id='word_1_316' title='bbox 614 3863 685 3943; x_wconf 87' lang='lat' dir='ltr'><strong>plus</strong></span> <span class='ocrx_word' id='word_1_317' title='bbox 707 3862 877 3926; x_wconf 89' lang='lat' dir='ltr'><strong>dolendum</strong></span> <span class='ocrx_word' id='word_1_318' title='bbox 901 3868 959 3940; x_wconf 86' lang='lat' dir='ltr'><strong>est,</strong></span> <span class='ocrx_word' id='word_1_319' title='bbox 983 3878 1143 3944; x_wconf 89' lang='lat' dir='ltr'><strong>pauperes</strong></span> <span class='ocrx_word' id='word_1_320' title='bbox 1165 3861 1209 3925; x_wconf 92' lang='lat' dir='ltr'><strong>de</strong></span> <span class='ocrx_word' id='word_1_321' title='bbox 1230 3860 1339 3944; x_wconf 89' lang='lat' dir='ltr'><strong>populo</strong></span> 
     </span>
     <span class='ocr_line' id='line_1_35' title="bbox 150 3960 1338 4044; baseline -0.003 -15"><span class='ocrx_word' id='word_1_322' title='bbox 150 3970 183 4029; x_wconf 90' lang='lat' dir='ltr'><strong>et</strong></span> <span class='ocrx_word' id='word_1_323' title='bbox 210 3965 337 4030; x_wconf 86' lang='lat' dir='ltr'><strong>idiotas.</strong></span> <span class='ocrx_word' id='word_1_324' title='bbox 380 3964 423 4027; x_wconf 88' lang='lat' dir='ltr'><strong>Et</strong></span> <span class='ocrx_word' id='word_1_325' title='bbox 448 3962 481 4027; x_wconf 94' lang='lat' dir='ltr'><strong>in</strong></span> <span class='ocrx_word' id='word_1_326' title='bbox 507 3961 571 4028; x_wconf 88' lang='lat' dir='ltr'><strong>fine</strong></span> <span class='ocrx_word' id='word_1_327' title='bbox 592 3963 706 4028; x_wconf 89' lang='lat' dir='ltr'><strong>literae</strong></span> <span class='ocrx_word' id='word_1_328' title='bbox 727 3970 854 4029; x_wconf 87' lang='lat' dir='ltr'><strong>vestrae</strong></span> <span class='ocrx_word' id='word_1_329' title='bbox 877 3963 1074 4035; x_wconf 87' lang='lat' dir='ltr'><strong>concluditis,</strong></span> <span class='ocrx_word' id='word_1_330' title='bbox 1096 3962 1184 4044; x_wconf 90' lang='lat' dir='ltr'><strong>quod</strong></span> <span class='ocrx_word' id='word_1_331' title='bbox 1204 3962 1246 4028; x_wconf 89' lang='lat' dir='ltr'><strong>ad</strong></span> <span class='ocrx_word' id='word_1_332' title='bbox 1266 3960 1338 4027; x_wconf 82' lang='lat' dir='ltr'><strong>sinn</strong></span> 
     </span>
     <span class='ocr_line' id='line_1_36' title="bbox 148 4060 1337 4146; baseline 0.002 -20"><span class='ocrx_word' id='word_1_333' title='bbox 148 4065 293 4131; x_wconf 87' lang='lat' dir='ltr'><strong>veritatis</strong></span> <span class='ocrx_word' id='word_1_334' title='bbox 317 4065 433 4146; x_wconf 91' lang='lat' dir='ltr'><strong>cupitis</strong></span> <span class='ocrx_word' id='word_1_335' title='bbox 456 4083 506 4129; x_wconf 92' lang='lat' dir='ltr'><strong>me</strong></span> <span class='ocrx_word' id='word_1_336' title='bbox 527 4081 689 4129; x_wconf 89' lang='lat' dir='ltr'><strong>revocare.</strong></span> <span class='ocrx_word' id='word_1_337' title='bbox 719 4064 755 4129; x_wconf 93' lang='lat' dir='ltr'><strong>In</strong></span> <span class='ocrx_word' id='word_1_338' title='bbox 777 4065 828 4128; x_wconf 90' lang='lat' dir='ltr'><strong>via</strong></span> <span class='ocrx_word' id='word_1_339' title='bbox 850 4064 997 4129; x_wconf 86' lang='lat' dir='ltr'><strong>veritatis</strong></span> <span class='ocrx_word' id='word_1_340' title='bbox 1012 4069 1081 4130; x_wconf 89' lang='lat' dir='ltr'><strong>toto</strong></span> <span class='ocrx_word' id='word_1_341' title='bbox 1098 4061 1207 4128; x_wconf 90' lang='lat' dir='ltr'><strong>cordis</strong></span> <span class='ocrx_word' id='word_1_342' title='bbox 1232 4060 1337 4128; x_wconf 75' lang='lat' dir='ltr'><strong>meru</strong></span> 
     </span>
     <span class='ocr_line' id='line_1_37' title="bbox 149 4159 1336 4246; baseline -0.003 -17"><span class='ocrx_word' id='word_1_343' title='bbox 149 4164 242 4245; x_wconf 88' lang='lat' dir='ltr'><strong>cupio</strong></span> <span class='ocrx_word' id='word_1_344' title='bbox 270 4165 441 4237; x_wconf 86' lang='lat' dir='ltr'><strong>ambulare,</strong></span> <span class='ocrx_word' id='word_1_345' title='bbox 470 4165 526 4230; x_wconf 91' lang='lat' dir='ltr'><strong>sed</strong></span> <span class='ocrx_word' id='word_1_346' title='bbox 553 4182 648 4246; x_wconf 92' lang='lat' dir='ltr'><strong>spero</strong></span> <span class='ocrx_word' id='word_1_347' title='bbox 675 4166 706 4227; x_wconf 88' lang='lat' dir='ltr'><strong>iu</strong></span> <span class='ocrx_word' id='word_1_348' title='bbox 735 4164 794 4229; x_wconf 93' lang='lat' dir='ltr'><strong>deo</strong></span> <span class='ocrx_word' id='word_1_349' title='bbox 824 4165 1052 4244; x_wconf 87' lang='lat' dir='ltr'><strong>omnipotente,</strong></span> <span class='ocrx_word' id='word_1_350' title='bbox 1082 4162 1167 4246; x_wconf 92' lang='lat' dir='ltr'><strong>quod</strong></span> <span class='ocrx_word' id='word_1_351' title='bbox 1196 4161 1239 4227; x_wconf 89' lang='lat' dir='ltr'><strong>ad</strong></span> <span class='ocrx_word' id='word_1_352' title='bbox 1266 4159 1336 4225; x_wconf 83' lang='lat' dir='ltr'><strong>viam</strong></span> 
     </span>
     <span class='ocr_line' id='line_1_38' title="bbox 149 4260 1335 4345; baseline -0.003 -19"><span class='ocrx_word' id='word_1_353' title='bbox 149 4263 271 4343; x_wconf 84' lang='lat' dir='ltr'><strong>Wiclel,</strong></span> <span class='ocrx_word' id='word_1_354' title='bbox 301 4283 393 4345; x_wconf 86' lang='lat' dir='ltr'><strong>quarn</strong></span> <span class='ocrx_word' id='word_1_355' title='bbox 422 4263 473 4327; x_wconf 93' lang='lat' dir='ltr'><strong>diu</strong></span> <span class='ocrx_word' id='word_1_356' title='bbox 504 4265 622 4337; x_wconf 84' lang='lat' dir='ltr'><strong>vixero,</strong></span> <span class='ocrx_word' id='word_1_357' title='bbox 653 4282 703 4326; x_wconf 91' lang='lat' dir='ltr'><strong>me</strong></span> <span class='ocrx_word' id='word_1_358' title='bbox 730 4282 793 4328; x_wconf 92' lang='lat' dir='ltr'><strong>nou</strong></span> <span class='ocrx_word' id='word_1_359' title='bbox 822 4264 990 4328; x_wconf 79' lang='lat' dir='ltr'><strong>inducetis¹</strong></span> <span class='ocrx_word' id='word_1_360' title='bbox 1034 4263 1077 4328; x_wconf 82' lang='lat' dir='ltr'><strong>m</strong></span> <span class='ocrx_word' id='word_1_361' title='bbox 1106 4268 1142 4327; x_wconf 90' lang='lat' dir='ltr'><strong>ut</strong></span> <span class='ocrx_word' id='word_1_362' title='bbox 1173 4260 1335 4345; x_wconf 84' lang='lat' dir='ltr'><strong>praemissu</strong></span> 
     </span>
     <span class='ocr_line' id='line_1_39' title="bbox 148 4358 1332 4442; baseline -0.007 -14"><span class='ocrx_word' id='word_1_363' title='bbox 148 4363 238 4428; x_wconf 90' lang='lat' dir='ltr'><strong>brevi</strong></span> <span class='ocrx_word' id='word_1_364' title='bbox 260 4381 406 4429; x_wconf 89' lang='lat' dir='ltr'><strong>sermone</strong></span> <span class='ocrx_word' id='word_1_365' title='bbox 429 4363 621 4441; x_wconf 90' lang='lat' dir='ltr'><strong>concludam,</strong></span> <span class='ocrx_word' id='word_1_366' title='bbox 645 4363 758 4426; x_wconf 86' lang='lat' dir='ltr'><strong>saltem</strong></span> <span class='ocrx_word' id='word_1_367' title='bbox 773 4361 851 4426; x_wconf 89' lang='lat' dir='ltr'><strong>illud</strong></span> <span class='ocrx_word' id='word_1_368' title='bbox 867 4361 1120 4440; x_wconf 87' lang='lat' dir='ltr'><strong>animadvertite,</strong></span> <span class='ocrx_word' id='word_1_369' title='bbox 1144 4360 1231 4442; x_wconf 87' lang='lat' dir='ltr'><strong>quod</strong></span> <span class='ocrx_word' id='word_1_370' title='bbox 1244 4358 1332 4425; x_wconf 65' lang='lat' dir='ltr'><strong>mirus</strong></span> 
     </span>
     <span class='ocr_line' id='line_1_40' title="bbox 151 4461 833 4545; baseline -0.007 -18"><span class='ocrx_word' id='word_1_371' title='bbox 151 4462 301 4528; x_wconf 88' lang='lat' dir='ltr'><strong>sedentes</strong></span> <span class='ocrx_word' id='word_1_372' title='bbox 322 4464 355 4527; x_wconf 91' lang='lat' dir='ltr'><strong>iu</strong></span> <span class='ocrx_word' id='word_1_373' title='bbox 378 4464 509 4545; x_wconf 88' lang='lat' dir='ltr'><strong>pulvere</strong></span> <span class='ocrx_word' id='word_1_374' title='bbox 532 4468 639 4527; x_wconf 88' lang='lat' dir='ltr'><strong>terrae</strong></span> <span class='ocrx_word' id='word_1_375' title='bbox 661 4461 833 4527; x_wconf 89' lang='lat' dir='ltr'><strong>didicistis:</strong></span> 
     </span>
    </p>
   </div>
   <div class='ocr_carea' id='block_1_5' title="bbox 351 4577 1083 4737">
    <p class='ocr_par' dir='ltr' id='par_1_5' title="bbox 351 4577 1083 4737">
     <span class='ocr_line' id='line_1_41' title="bbox 351 4577 1083 4646; baseline -0.003 -14"><span class='ocrx_word' id='word_1_376' title='bbox 351 4578 502 4646; x_wconf 79' lang='lat' dir='ltr'><strong>„iudicium</strong></span> <span class='ocrx_word' id='word_1_377' title='bbox 520 4577 613 4646; x_wconf 90' lang='lat' dir='ltr'><strong>populi</strong></span> <span class='ocrx_word' id='word_1_378' title='bbox 631 4591 776 4644; x_wconf 89' lang='lat' dir='ltr'><strong>numquam</strong></span> <span class='ocrx_word' id='word_1_379' title='bbox 794 4577 986 4644; x_wconf 88' lang='lat' dir='ltr'><strong>contempseris</strong></span> <span class='ocrx_word' id='word_1_380' title='bbox 1006 4592 1083 4638; x_wconf 82' lang='lat' dir='ltr'><strong>unus,</strong></span> 
     </span>
     <span class='ocr_line' id='line_1_42' title="bbox 351 4659 1068 4737; baseline 0 -21"><span class='ocrx_word' id='word_1_381' title='bbox 351 4676 384 4721; x_wconf 86' lang='lat' dir='ltr'><strong>ue</strong></span> <span class='ocrx_word' id='word_1_382' title='bbox 402 4662 496 4731; x_wconf 89' lang='lat' dir='ltr'><strong>plures</strong></span> <span class='ocrx_word' id='word_1_383' title='bbox 513 4661 624 4730; x_wconf 86' lang='lat' dir='ltr'><strong>culpent</strong></span> <span class='ocrx_word' id='word_1_384' title='bbox 641 4660 677 4729; x_wconf 93' lang='lat' dir='ltr'><strong>id,</strong></span> <span class='ocrx_word' id='word_1_385' title='bbox 698 4659 770 4729; x_wconf 89' lang='lat' dir='ltr'><strong>qnod</strong></span> <span class='ocrx_word' id='word_1_386' title='bbox 788 4660 836 4714; x_wconf 91' lang='lat' dir='ltr'><strong>tibi</strong></span> <span class='ocrx_word' id='word_1_387' title='bbox 855 4659 980 4737; x_wconf 86' lang='lat' dir='ltr'><strong>displicet</strong></span> <span class='ocrx_word' id='word_1_388' title='bbox 995 4659 1068 4717; x_wconf 83' lang='lat' dir='ltr'><strong>uni.“</strong></span> 
     </span>
    </p>
   </div>
   <div class='ocr_carea' id='block_1_6' title="bbox 649 4795 849 4809">
    <p class='ocr_par' dir='ltr' id='par_1_6' title="bbox 649 4795 849 4809">
     <span class='ocr_line' id='line_1_43' title="bbox 649 4795 849 4809; baseline -0.005 -2"><span class='ocrx_word' id='word_1_389' title='bbox 649 4795 849 4809; x_wconf 63' lang='grc' dir='ltr'>...ια-ι.-</span> 
     </span>
    </p>
   </div>
   <div class='ocr_carea' id='block_1_7' title="bbox 0 0 1500 5258">
    <p class='ocr_par' dir='ltr' id='par_1_7' title="bbox 0 0 1500 5258">
     <span class='ocr_line' id='line_1_44' title="bbox 0 0 1500 5258; baseline 0 2"><span class='ocrx_word' id='word_1_390' title='bbox 0 0 1500 5258; x_wconf 95' lang='lat' dir='ltr'><strong> </strong></span> 
     </span>
    </p>
   </div>
  </div>
 </body>
</html>
