2992 5258
439 417 485 470 IV.
504 417 545 471 lle
562 417 602 473 ht.
619 418 646 473 J.
663 418 723 473 Iius
740 418 879 475 audientia
896 418 939 473 die
956 421 980 473 8.
998 419 1080 475 lunii.
1292 426 1355 488 293

165 628 268 686 tarnem
284 619 445 684 deberetis
463 619 557 699 jnxta
579 620 769 699 exigentiam
791 621 987 686 audientium
1008 638 1170 685 sermones
1192 621 1354 702 adaptare.

165 722 246 797 Quid
266 738 344 801 ergo
367 720 579 802 praedicando
603 720 642 785 ad
664 721 815 801 populum
836 739 967 785 necesse
989 720 1050 785 fuit
1070 721 1120 784 rel
1143 721 1221 785 utile
1243 729 1356 786 eontra

163 821 339 886 cardinales
360 820 563 902 praedicare,
586 839 656 885 eum
684 821 809 885 illorum
839 821 944 885 nullus
972 821 1017 885 ibi
1037 819 1180 900 affuerit,
1212 840 1283 886 cum
1305 822 1356 886 bie

161 922 267 1004 potius
289 922 321 985 in
344 928 515 1002 conspectu
531 922 672 1001 ipsorum
695 928 728 985 et
742 939 805 986 nou
826 939 931 986 coram
946 920 1035 986 laicis
1049 921 1083 985 in
1097 921 1279 986 scandalum
1293 921 1355 986 diei

161 1022 316 1086 deberent
333 1026 367 1085 et
381 1020 583 1101 praedicari?
605 1020 654 1083 Et
674 1021 740 1100 ipae
754 1021 926 1095 respondit:
949 1022 1046 1085 Pater
1066 1021 1257 1086 reverende!
1281 1021 1356 1102 quia

159 1121 359 1186 sermonibus
388 1121 466 1183 meis
492 1119 707 1183 interfuerunt
728 1119 913 1185 sacerdotes
935 1129 969 1185 et
990 1120 1044 1184 alii
1065 1119 1152 1187 docti
1173 1121 1250 1197 viri,
1281 1120 1354 1185 ideo

161 1239 219 1301 ego
241 1220 325 1285 mori
347 1219 432 1297 talia,
454 1226 491 1283 ut
504 1219 551 1283 illi
567 1219 627 1282 sibi
643 1220 745 1283 sciant
760 1238 953 1300 praecavere
975 1228 1162 1302 praesentes
1184 1221 1235 1285 vel
1256 1220 1356 1285 futuri

160 1319 353 1385 sacerdotes.
395 1319 443 1381 Et
471 1319 555 1380 dente
584 1320 780 1382 amimalia:
825 1320 890 1384 Vos
919 1320 1002 1384 male
1030 1321 1149 1400 tacitis,
1184 1320 1269 1402 quod
1297 1339 1355 1402 per

160 1421 239 1485 tales
261 1420 518 1502 praedicationes
539 1425 657 1485 statum
678 1421 831 1485 ecclcsiae
853 1420 949 1484 vultis
971 1420 1118 1501 dejicere.

259 1625 306 1680 18.
330 1620 467 1699 „Nullam
480 1621 650 1682 damtione
664 1621 753 1682 altro
767 1641 932 1683 caramerum
947 1621 1184 1684 eeclesiasticam
1198 1628 1242 1682 est
1252 1621 1353 1685 relin-

157 1720 296 1800 quendus
310 1720 434 1802 judicio
455 1718 589 1807 seculari
609 1727 709 1780 morte
730 1722 871 1800 eorporis
887 1721 1097 1801 promendus.“

256 1853 323 1918 Ista
354 1853 530 1935 propositio
562 1871 626 1917 nou
659 1858 723 1917 stat
755 1852 787 1916 in
820 1854 920 1931 libro,
956 1853 1012 1916 sed
1040 1852 1264 1918 confinxerunt
1290 1852 1352 1917 sibi

159 1953 299 2030 candem,
322 1953 379 2017 scd
401 1954 447 2017 sic
469 1958 533 2017 stat
554 1954 587 2016 in
608 1953 703 2016 libro:

256 2072 458 2131 verecundari
488 2072 631 2131 deberent
663 2072 700 2130 de
727 2088 780 2130 sua
809 2072 914 2131 simiali
946 2080 976 2131 et
1009 2072 1121 2132 crudeli
1153 2073 1352 2142 similitudine,

159 2173 325 2243 specialiter
346 2190 409 2230 cum
442 2171 576 2230 Christus
599 2173 731 2230 domiuus
760 2173 911 2244 utriusque
940 2174 1107 2231 testamenti
1141 2172 1272 2244 pontifex
1298 2188 1353 2230 nee

160 2272 251 2331 roluit
271 2272 399 2330 civiliter
416 2274 561 2345 iudicare,
583 2290 638 2333 nee
652 2274 869 2333 inobedientem
892 2281 984 2333 morte
1001 2275 1133 2345 eorporis
1149 2275 1352 2333 condemnare.

161 2375 232 2433 Nam
255 2373 354 2445 quoad
386 2373 508 2444 primum
536 2374 609 2432 dixit
630 2375 728 2432 Lucae
753 2370 822 2432 12⁰:
856 2374 1002 2444 omnm,
1034 2375 1098 2446 (puis
1127 2391 1173 2432 me
1202 2374 1353 2433 constituit

156 2474 284 2545 jndicem
318 2480 369 2530 aut
395 2473 550 2531 divisorem
580 2490 669 2544 super
698 2474 771 2532 ros?
822 2474 925 2544 Quoad
958 2475 1116 2533 secundum
1145 2475 1218 2533 dixit
1239 2473 1353 2531 mulieri

160 2574 325 2641 adulterae,
357 2589 443 2645 quarn
464 2573 617 2631 Pharisaei
646 2574 782 2632 dicebant
815 2591 894 2632 ream
927 2576 1030 2633 mortis
1065 2574 1224 2632 seeundum
1257 2574 1351 2645 legem

161 2672 224 2731 loh.
247 2670 347 2730 Vlss0:
381 2672 443 2731 Nec
476 2688 530 2745 ego
563 2679 592 2731 te
626 2674 824 2732 condemnabo
848 2690 882 2732 sc.
912 2674 971 2731 Sed
1002 2674 1069 2746 quia
1099 2673 1173 2735 forte
1204 2675 1352 2733 diceretur

160 2788 178 2829 a
197 2772 381 2831 doctoribus:
403 2773 483 2830 istud
505 2790 564 2830 non
587 2781 633 2831 est
655 2772 692 2830 ad
707 2774 898 2844 propositum,
922 2774 988 2846 quia
1009 2774 1057 2831 lex
1074 2774 1157 2834 dicit:
1181 2775 1229 2848 qui
1245 2791 1347 2847 super·

158 2870 256 2941 bierit,
289 2872 393 2928 nolens
427 2872 548 2935 obedire
584 2872 747 2930 sacerdotis
780 2873 902 2944 imperio
925 2889 960 2932 ae.
1004 2873 1083 2933 Ecce
1106 2874 1192 2932 datur
1213 2890 1298 2933 casus
1320 2876 1350 2932 iu

161 2972 257 3041 forma,
279 2986 345 3029 nam
375 2971 484 3030 dicitur
507 2973 548 3029 pp
577 2975 628 3029 18:
666 2973 696 3031 Si
718 2973 884 3042 peccaverit
904 2973 935 3031 iu
964 2981 992 3031 te
1022 2973 1113 3031 irater
1142 2981 1227 3043 tuus,
1259 2990 1350 3047 argue

158 3072 308 3131 eumiutor
322 3080 350 3129 te
364 3080 395 3130 et
415 3074 518 3145 ipsum,
542 3073 619 3144 quod
636 3072 660 3130 si
682 3080 711 3130 te
734 3089 792 3130 non
815 3073 949 3144 audierit,
971 3073 1078 3131 adhibe
1100 3080 1195 3132 lecum
1212 3091 1299 3132 unum
1313 3091 1349 3134 oc.

158 3172 194 3231 Et
214 3173 360 3245 sequitur:
394 3172 426 3231 Si
458 3179 554 3230 autem
577 3173 733 3230 eeclesiam
769 3190 827 3231 uon
849 3171 983 3241 audierit,
1017 3175 1055 3231 sit
1076 3174 1129 3232 tibi
1156 3175 1230 3233 sicut
1256 3174 1349 3232 ethui-

158 3289 205 3331 aus
225 3282 258 3331 et
278 3273 461 3344 publicanus.
505 3275 582 3332 Ecce
607 3273 652 3331 cui
675 3273 748 3330 dixit
776 3289 904 3330 summus
931 3273 1065 3331 domitius
1092 3274 1166 3346 legis
1195 3280 1225 3331 et
1252 3275 1349 3345 ponti·

157 3372 222 3432 lex?
244 3382 324 3434 certe
339 3374 429 3432 Petro
452 3371 548 3430 futuro
570 3379 639 3443 post
658 3388 690 3431 se
713 3370 844 3442 pontifici
865 3373 1011 3441 Romano,
1034 3373 1111 3444 ‹prrod
1133 3380 1278 3432 errantem
1301 3375 1349 3444 pie

158 3474 327 3546 corrigeret,
348 3471 565 3530 inobedientem
578 3487 674 3529 coram
688 3471 812 3529 testibus
825 3480 977 3543 argueret,
987 3473 1194 3543 perdurantem
1205 3475 1237 3531 iu
1247 3474 1349 3533 inobe-

160 3573 267 3632 dientia
288 3573 433 3632 eeclesiae
456 3571 619 3644 publicaret
642 3579 671 3630 et
693 3573 871 3643 pertinacem
897 3591 956 3631 uon
988 3574 1175 3633 obedientem
1204 3574 1348 3633 eeclesiae

158 3689 212 3732 nou
235 3673 430 3744 corporaliter
452 3671 608 3742 occideret,
631 3673 683 3729 sed
706 3679 850 3744 tanlquam
872 3673 1056 3745 publicanum
1080 3679 1110 3733 et
1131 3673 1275 3733 ethnicum
1297 3674 1347 3732 de·

156 3775 259 3834 vitaret
280 3792 316 3837 ac.
339 3775 368 3832 iu
391 3773 476 3833 libro,

250 3921 418 4003 Illofiailo
432 3928 460 3981 ct
475 3919 560 3991 aliia,
575 3920 726 3999 creagristcr
742 3921 842 3982 dicit:
864 3921 931 4002 Ego
947 3921 1027 4001 dieb,
1050 3922 1134 4002 quod
1154 3923 1346 4002 hacreticus,

155 4023 205 4102 qui
233 4023 307 4086 talis
334 4029 428 4097 esset,
460 4022 561 4102 primo
588 4020 723 4085 deberet
744 4021 884 4100 pulchre
907 4022 969 4102 pie,
992 4021 1155 4086 humiliter
1177 4025 1345 4103 scripturis

153 4124 252 4189 saeris
284 4130 318 4187 et
350 4122 527 4186 rationibus
561 4142 600 4185 ex
631 4121 694 4184 illis
728 4122 898 4185 elaboratis
932 4122 1064 4198 instrui,
1093 4123 1175 4186 sicut
1202 4124 1346 4187 iecerunt

150 4224 252 4289 sancti
285 4223 481 4301 hrrgustiuus
512 4232 545 4286 ct
571 4222 624 4285 alii
652 4241 722 4284 cum
751 4222 921 4286 haereticis
953 4221 1161 4302 disputantes.
1204 4223 1236 4286 Si
1269 4240 1346 4287 rere

152 4322 332 4388 nullomodo
355 4323 451 4387 vellet
480 4322 635 4386 desistere
665 4324 706 4386 ab
735 4323 911 4400 erroribus,
940 4322 1115 4403 praemissa
1135 4321 1345 4387 instructione

153 4425 216 4503 tali,
241 4440 300 4503 ego
323 4440 387 4487 nou
411 4422 490 4500 dico,
515 4422 598 4501 quod
622 4423 695 4487 talis
717 4440 780 4485 nem
803 4422 937 4487 deberet
957 4421 1064 4502 puniri
1086 4422 1182 4485 ctiam
1197 4438 1345 4503 corpora-

144 4524 232 4603 liter,
256 4522 315 4588 sed
337 4541 464 4604 semper
487 4522 566 4600 dico,
590 4522 674 4604 <ruod
696 4521 792 4586 debet
813 4523 1005 4604 praecedere
1028 4521 1195 4586 instructio
1217 4522 1290 4587 talis
1306 4541 1345 4586 ex

148 4624 319 4706 scripturis
347 4641 385 4688 aa.
428 4625 497 4686 llic
517 4625 588 4704 J'ru't
616 4644 757 4685 merrtem·
783 4632 811 4685 et
842 4623 1001 4686 tretradius.
1044 4622 1175 4687 Interim
1197 4623 1345 4701 legerunt
