2992 5258
729 1428 761 1502 L

167 1656 349 1741 Articuli
380 1659 506 1766 primi
537 1685 563 1738 a
595 1656 707 1739 clero
741 1659 954 1764 propositi
985 1657 1311 1765 archiepiscopo

484 1790 693 1902 Pragensi
724 1818 837 1873 anno
873 1792 997 1874 1408.

244 2114 415 2169 Rustici.
426 2115 566 2167 uocaus.
585 2113 674 2183 Prap.
688 2114 748 2175 ΙΙΙ,
768 2114 802 2167 G
822 2111 858 2166 16
876 2114 938 2183 (sol.
922 2110 1011 2168 l6'9-
1014 2113 1064 2167 71
1063 2114 1126 2180 )It
1139 2112 1221 2168 MSS.
1240 2112 1335 2167 Vienn

151 2194 678 2269 4483.f176-9er4512s16

645 2337 844 2348 ——.-......—..

330 2476 519 2544 „querimonia
539 2475 604 2530 cleri
622 2477 825 2545 archiepiscopo
842 2477 971 2544 Pragensi
990 2483 1085 2532 contra
1102 2477 1140 2530 M.
1159 2477 1236 2531 Jocn.
1256 2477 1339 2531 Hus.“

247 2646 525 2712 Reverendissime
542 2649 648 2728 pater!
673 2646 721 2711 Ad
743 2649 933 2713 instantivus
961 2665 1074 2730 preces
1107 2646 1185 2712 cleri
1214 2650 1340 2712 vestrae

149 2749 283 2813 civitatis
306 2753 340 2812 et
371 2746 508 2812 diocesis
538 2746 708 2828 pragensis
735 2766 824 2813 more
852 2749 895 2830 pii
922 2749 1023 2831 patris
1046 2767 1085 2812 ex
1107 2745 1211 2813 officio
1233 2753 1340 2812 vestro

148 2848 316 2929 dignemini
346 2848 512 2912 considere
543 2855 578 2913 et
599 2847 702 2913 eidem
730 2850 916 2930 providere,
953 2869 994 2915 ne
1016 2848 1165 2914 scandala
1186 2847 1341 2913 oriantur.

148 2947 222 3012 Nam
245 2964 309 3012 non
332 2946 385 3011 din
408 2949 493 3013 circa
515 2957 746 3014 sacramentum
775 2951 918 3032 corporis
942 2949 1059 3015 Christi
1082 2949 1264 3014 scandalum
1287 2968 1341 3013 ex·

147 3046 210 3112 titit
240 3054 396 3121 exortum,
429 3046 513 3130 quod
541 3050 574 3114 in
605 3049 694 3115 curia
715 3051 855 3116 Romana
887 3059 921 3116 et
949 3057 1040 3116 extra
1061 3051 1148 3115 natio
1172 3049 1342 3113 Bohemica

148 3155 278 3231 propter
299 3165 451 3213 erroneos
474 3154 508 3213 et
522 3147 714 3215 Wiclefistas
738 3151 900 3216 haeretica
922 3156 972 3215 est
993 3150 1161 3233 appellata,
1190 3149 1235 3214 sic
1257 3149 1342 3229 quod

148 3248 217 3313 boni
229 3255 365 3331 propter
375 3249 474 3314 malos
487 3248 689 3315 diffamantur
706 3258 739 3317 et
754 3259 829 3316 snnt
841 3251 994 3316 diffamati
1008 3250 1205 3331 temporibus
1223 3250 1339 3313 vestris

148 3348 210 3415 Hoc
230 3348 314 3414 malo
334 3348 472 3414 nondum
488 3350 595 3415 deleto
610 3371 670 3416 nec
693 3353 841 3429 extincto,
858 3356 1113 3437 supervenerunt
1134 3349 1338 3417 scandalosae

148 3449 399 3530 praedicationes
415 3455 448 3514 et
465 3449 603 3529 odiosae,
620 3470 700 3532 quae
716 3452 785 3534 pias
799 3459 922 3517 mentes
937 3451 1088 3530 lacerant,
1105 3452 1271 3516 caritatem
1287 3468 1340 3515 ex-

149 3551 292 3633 tinguunt
307 3557 341 3615 et
356 3550 475 3629 clerum
491 3549 632 3615 reddunt
646 3552 765 3633 populo
781 3552 932 3631 odiosum;
949 3571 1091 3617 murmur
1106 3552 1223 3633 populo
1239 3551 1340 3616 solum

148 3658 295 3730 remanet
319 3658 353 3717 et
368 3651 469 3717 omnis
485 3652 601 3717 caritas
616 3651 783 3717 laudabilis
799 3653 1037 3719 consuetudinis
1057 3672 1116 3735 per
1138 3652 1340 3718 scandalosas

84 3790 87 3797 ·
149 3750 400 3832 praedicationes
432 3752 624 3834 semiplenas
657 3753 742 3818 clero
764 3759 873 3817 vestro
905 3754 984 3818 alias
1015 3753 1133 3819 afflicto
1163 3753 1286 3818 tollitur
1307 3753 1339 3816 in

149 3852 267 3920 effectu.
311 3853 354 3918 Et
375 3852 437 3917 nisi
459 3853 514 3915 Vr*
536 3854 602 3919 Pat
628 3854 732 3920 Revm
754 3854 839 3920 clero
862 3862 970 3919 vestro
985 3855 1195 3936 prospexerit
1218 3853 1338 3932 ignicu-

149 3953 206 4018 lum
221 3952 428 4019 scandalosae
444 3953 690 4034 praedicationis
706 3955 930 4036 extinguendo,
953 3956 1049 4019 timor
1063 3955 1155 4032 soret,
1177 3971 1218 4016 ne
1234 3954 1339 4017 clerus

150 4071 182 4118 er
194 4052 376 4137 hujusmodi
389 4053 554 4134 puncturis
577 4053 732 4119 obviando
755 4055 860 4134 ignem
875 4055 1069 4120 flammarum
1090 4055 1211 4120 faceret
1232 4054 1338 4135 copio-

150 4172 221 4220 sum.
264 4155 337 4219 Non
361 4154 444 4218 enim
460 4174 498 4219 ex
520 4154 629 4219 radice
651 4155 803 4233 caritatis,
827 4156 883 4221 sed
906 4174 944 4220 ex
974 4155 1083 4221 odiosa
1109 4154 1228 4219 malitis
1252 4153 1339 4218 falsi·

150 4256 218 4319 stis
241 4254 414 4335 corrigitur
436 4254 539 4320 clerus
561 4255 646 4320 nitra
667 4274 795 4335 morem,
826 4256 872 4321 sic
894 4256 978 4336 quod
1000 4255 1074 4320 boni
1097 4261 1130 4319 et
1151 4256 1337 4319 innocentes

150 4361 277 4437 propter
304 4354 403 4419 malos
430 4361 463 4419 et
492 4361 645 4420 nocentes
673 4356 865 4438 plectuntur·
884 4355 1137 4421 correctionibus
1158 4353 1336 4418 indefessis.

150 4454 205 4519 Pro
228 4472 276 4534 eo,
299 4455 394 4519 Pater
421 4455 531 4533 never,
555 4455 623 4517 ΨΜ
649 4455 727 4520 Patr
748 4455 891 4520 defectus
919 4455 1112 4537 infrascripti
1136 4461 1338 4535 exponuntur

151 4572 215 4619 cum
237 4554 378 4635 querela.
