2992 5258
149 378 212 442 618
395 378 600 441 Commoversiae
617 378 651 433 de
667 380 798 447 religione
816 372 843 433 iu
860 379 1002 434 Bohemia:
1022 382 1094 434 1416.

249 578 337 643 Haec
369 580 476 660 itaque
499 580 623 645 Vestris
654 581 879 648 Nobilitatibrs
910 600 968 663 pro
1000 581 1223 648 informatione
1255 600 1335 648 sum·

150 679 248 743 maria
273 679 463 760 scripsimus,
497 686 532 745 ut
557 680 597 745 de
623 683 813 763 supradictis
834 683 929 748 ahter
950 681 1156 748 referentium
1189 701 1246 749 vos
1268 683 1336 750 red-

150 780 258 844 damus
290 780 522 861 praemunitos,
556 782 588 846 in
624 782 749 848 domiuo
782 783 972 849 unanimiter
1004 784 1138 849 sinceris
1171 782 1336 851 affectibus

150 887 301 960 qnantum
322 880 474 945 debemus
496 888 528 946 et
543 899 724 964 possumus,
748 889 780 949 et
802 903 860 964 per
881 885 1004 950 viscera
1024 883 1263 951 misericordiae
1284 886 1337 951 do-

150 983 224 1046 mini
247 983 348 1046 nostri
362 982 440 1047 Jesu
462 981 580 1047 Christi
597 982 796 1063 requirentes
823 991 856 1048 et
877 989 1027 1063 rogantes
1050 986 1157 1065 verbo,
1181 992 1338 1067 quatenns

150 1100 205 1147 vos
228 1082 355 1147 virtutis
377 1082 461 1146 viros
483 1083 515 1146 in
541 1082 714 1148 catholicae
729 1081 801 1148 fidei
824 1086 964 1166 puritate
986 1083 1167 1166 flagrantes,
1189 1085 1338 1167 quemad·

150 1182 275 1248 modum
305 1182 483 1247 indubitata
496 1183 548 1247 ab
579 1183 723 1249 omnibus
751 1182 865 1251 fiducia
885 1186 1040 1251 hactenus
1068 1186 1339 1268 commendemini,

149 1283 181 1347 in
204 1285 263 1349 hoc
285 1285 486 1349 necessitatis
515 1285 648 1349 articulo
670 1285 845 1351 manifestis
868 1287 1019 1368 operibus
1042 1294 1075 1352 ct
1096 1284 1273 1367 magnificis
1283 1305 1338 1355 vos

151 1384 316 1450 effectibus
340 1385 505 1464 exhibere,
528 1393 561 1449 et
583 1402 691 1451 omnes
715 1387 893 1467 hujusmodi
915 1387 1010 1453 falsas
1032 1388 1181 1467 insanias,
1203 1388 1340 1470 psendo-

150 1485 306 1565 doctores
330 1491 503 1551 sectatores
527 1504 637 1553 corum
662 1489 809 1552 avestris
832 1486 946 1552 finibus
971 1489 1182 1554 exterminare
1203 1489 1339 1556 viriliter

152 1593 184 1650 et
206 1587 290 1652 circa
311 1587 389 1652 alios
412 1588 684 1668 consanguinitate
706 1588 807 1653 aliove
830 1587 959 1653 loedere
982 1587 1140 1653 amicitiae
1163 1589 1255 1654 vobis
1267 1591 1338 1672 J'un-

151 1691 231 1765 ctoS,
250 1706 287 1751 ac
308 1688 444 1753 vasallos
467 1687 595 1753 ditionis
624 1694 750 1754 vestrae
773 1696 805 1753 et
826 1688 971 1756 subditos
993 1690 1160 1754 universos
1182 1689 1338 1755 studeatis

150 1788 308 1868 sagaciter
330 1795 362 1854 et
391 1787 563 1855 efficaciter
594 1789 777 1878 providere,
811 1790 894 1871 quod
922 1797 956 1854 et
975 1789 1038 1871 ipsi
1060 1790 1185 1854 ratione
1206 1792 1339 1873 periculi

150 1887 269 1951 nullum
301 1889 480 1975 hujusmodi
502 1891 662 1973 pestiferis
690 1890 942 1960 hominihusdei
973 1895 1006 1955 et
1028 1889 1181 1955 ecclesiae
1204 1891 1337 1958 inimicis
1352 1944 1359 1959 ..

150 1989 291 2054 auditum
312 1992 533 2073 accomodant,
566 1993 685 2057 nullum
709 1990 754 2055 eis
777 1991 952 2072 praebeant
973 1990 1138 2070 anutium,
1174 1991 1337 2058 consilium

151 2091 200 2155 vel
222 2090 375 2169 favorem,
409 2093 550 2158 seduna
578 2093 742 2157 uobiscum
764 2098 859 2172 atque
887 2091 1049 2155 vobiscum
1070 2090 1247 2156 adsimilis
1269 2110 1337 2175 per·

150 2193 322 2256 secutionis
344 2200 377 2257 et
399 2194 671 2260 exterminationis
701 2211 780 2275 opus
802 2193 997 2270 animentur,
1024 2200 1058 2256 et
1079 2191 1130 2255 dei
1153 2193 1286 2272 gloriam
1306 2193 1335 2258 in

149 2292 286 2358 hostium
308 2311 437 2358 suorum
459 2295 645 2361 exterminio
674 2292 846 2359 efficaciter
860 2297 1104 2374 prosequantur,
1127 2310 1187 2357 nec
1210 2311 1273 2359 uon
1287 2311 1334 2358 ve·

149 2394 284 2460 uerabili
306 2395 396 2459 fratri
408 2395 523 2460 Joauni
552 2396 700 2477 episcopo
723 2393 964 2475 Lutomyslensi‚
987 2389 1060 2456 fidei
1082 2393 1257 2460 catholicae
1278 2395 1334 2461 ier·

150 2496 238 2560 venti
252 2495 422 2574 defensori,
445 2515 537 2577 quem
559 2498 637 2562 alias
659 2496 757 2561 veluti
780 2515 818 2560 ex
840 2493 977 2559 millibus
994 2493 1128 2559 electum
1144 2495 1185 2560 ad
1207 2513 1334 2578 regnum

149 2595 318 2660 Bohemiae
352 2604 385 2660 et
415 2596 663 2662 marchionatum
702 2596 864 2661 Moraviae
896 2593 1076 2675 hujusmodi
1104 2601 1240 2677 propter
1260 2613 1334 2680 opus

149 2697 234 2762 istud
256 2696 391 2774 salubre,
427 2697 453 2760 si
476 2698 563 2763 etin
586 2702 738 2778 quantum
760 2695 820 2761 deo
842 2695 947 2776 placet
968 2695 1000 2759 iu
1022 2694 1084 2759 illis
1106 2696 1254 2777 partibus
1276 2697 1333 2763 uti·

149 2798 223 2863 liter
238 2796 461 2878 peragendum,
487 2799 625 2879 legatum
647 2804 791 2863 nostrum
806 2795 1042 2875 destinavimus,
1057 2795 1089 2859 iu
1111 2795 1252 2864 favorem
1267 2796 1334 2863 fidei

149 2896 303 2979 gratcsl.)
325 2905 357 2962 et
373 2915 501 2979 operam
515 2899 704 2981 impendatis
720 2897 901 2976 efficaciter,
924 2906 957 2962 et
972 2904 1123 2978 qnantum
1135 2899 1226 2964 vobis
1241 2898 1333 2965 luerit

150 3000 315 3081 possibile,
349 3000 375 3064 si
397 2999 572 3064 necessitas
605 2999 771 3080 ingruerit,
793 3000 826 3064 in
849 2997 905 3063 tali
927 3014 1026 3079 opere
1048 2997 1181 3063 salutari
1199 2996 1335 3065 ¹fideliter

149 3104 181 3164 et
211 3102 393 3165 constanter
425 3101 582 3166 assistatis
610 3102 729 3167 viribus
759 3101 846 3167 vobis
875 3099 1008 3164 coelitus
1052 3099 1253 3164 ministratis.
1298 3099 1334 3164 Et

150 3201 223 3281 quia
244 3197 490 3280 consideramus
523 3207 619 3284 prout
641 3202 736 3268 etiam
757 3201 915 3267 credimus
938 3200 1002 3265 Vm
1024 3199 1129 3264 Noua
1150 3217 1215 3264 non
1228 3201 1332 3277 latere,

150 3299 233 3381 quod
261 3300 443 3365 eorumdem
468 3318 690 3381 perversorum
722 3302 853 3366 audacia
881 3308 914 3365 et
946 3317 1096 3364 uumerus
1129 3301 1162 3364 in
1186 3301 1331 3384 praelatis

150 3418 248 3482 regno
270 3408 303 3466 et
325 3401 542 3466 marchionatu
563 3400 748 3482 frequenter
769 3408 919 3482 augetur,
942 3407 974 3466 et
995 3401 1162 3482 impiorum
1185 3400 1334 3468 effrenata

150 3501 298 3584 snperbia
330 3510 363 3566 et
389 3501 534 3582 impietas
563 3503 646 3566 vires
680 3501 831 3566 sumendo
854 3501 1027 3584 prohdolor
1049 3520 1175 3584 semper
1196 3502 1331 3568 ascendit

151 3602 247 3680 adeo,
280 3603 364 3684 quod
385 3602 451 3668 illic
487 3609 660 3684 propterea
694 3602 921 3667 ecclesiastica·
936 3602 1119 3668 dissolvitur
1149 3620 1285 3668 censura
1304 3607 1331 3667 ct

151 3704 322 3769 canonicae
338 3703 515 3768 sententiae
530 3703 703 3767 auctoritas
730 3707 909 3781 enervatur,
933 3703 975 3767 ihi
998 3703 1092 3767 etiam
1114 3702 1222 3768 divina
1237 3701 1331 3769 officia

152 3803 328 3887 postposito
358 3805 471 3868 timore
500 3802 551 3867 dei
580 3803 786 3885 profanantur
813 3822 850 3868 ac
877 3802 976 3868 multo
1004 3803 1066 3868 alia
1086 3803 1211 3870 nefaria
1232 3812 1265 3870 et
1284 3801 1331 3868 ab·

150 3905 248 3969 surda
262 3902 335 3969 fidei
350 3904 523 3969 catholicae
543 3905 755 3986 repugnantia
768 3905 800 3968 in
816 3903 910 3968 deum
924 3922 961 3968 ac
983 3910 1110 3968 sanctos
1133 3911 1329 3985 sanctamque

151 4012 283 4071 matrem
317 4004 496 4083 ecclesiam,
530 4013 565 4069 ut
586 4004 667 4070 fama
699 4004 827 4086 vulgata
860 4002 1040 4082 didicimus,
1069 4022 1148 4069 ausu
1170 4000 1329 4070 damnabili

150 4107 274 4189 publice
297 4105 530 4187 praedicantur,
561 4107 743 4171 sacerdotes
765 4104 906 4185 religiosi
929 4109 961 4169 et
983 4105 1144 4170 seculares
1167 4104 1330 4170 crudehter

151 4208 337 4289 spoliantur,
359 4225 379 4271 a
400 4207 464 4270 suis
487 4204 647 4270 beneficiis
669 4205 876 4286 repelluntur,
898 4205 1130 4286 percutiuntur,
1153 4204 1330 4271 occiduntur

153 4313 186 4372 et
200 4308 378 4372 immaniter
393 4312 571 4371 tractantur
593 4314 706 4371 contra
727 4306 972 4371 ecclesiasticam
988 4304 1179 4382 libertatem,
1203 4311 1235 4370 et
1256 4306 1330 4385 ipso·

152 4425 221 4470 rum
243 4408 402 4472 consortia
423 4407 582 4486 fugientes
604 4407 653 4470 vel
677 4406 723 4469 eis
745 4405 920 4470 adhaerere
942 4405 1086 4469 uolentes
1109 4405 1240 4472 crebras
1260 4405 1331 4486 inju-

151 4507 214 4571 rias
236 4507 276 4571 alt
305 4507 382 4588 ipsis
409 4508 567 4571 sustinent
594 4513 626 4570 et
648 4504 797 4570 offensas:
829 4523 886 4571 nos
918 4511 1023 4570 tantas
1057 4504 1107 4569 dei
1129 4512 1163 4571 ct
1186 4505 1330 4573 ecclesiae

152 4613 281 4679 mactae
297 4606 428 4690 injurias
451 4607 649 4673 dissimulare
671 4613 869 4689 nequeuntes
891 4605 1034 4703 amplius,
1058 4612 1170 4685 contra
1190 4606 1332 4690 plurimos
