2992 5258
149 425 211 489 700
605 416 831 475 addimentum
847 420 869 477 Ι.

150 626 215 684 solo
238 625 380 693 venerari,
402 631 432 684 et
453 625 531 697 qnod
553 624 669 697 dignum
691 630 722 684 et
739 627 849 698 justum
870 632 924 696 est
953 625 1032 685 dicto
1054 641 1128 695 meo,
1149 640 1249 684 coram
1270 626 1333 683 ima

149 726 265 800 ginibus
288 724 405 786 flectere
428 741 523 799 genua
545 731 575 784 et
597 725 735 785 candelas
747 741 887 785 accensas
908 732 1080 797 annectere;
1103 732 1133 785 et
1155 726 1234 801 quod
1256 725 1334 783 mira·

150 827 222 898 culo,
245 843 318 900 quae
340 825 413 885 fiunt
441 827 647 885 venerantibus
676 827 828 902 imagines,
851 825 898 899 pie
928 826 1106 885 credendum
1129 831 1176 885 est
1196 822 1262 885 fieri
1283 825 1334 885 vir·

149 934 210 988 tute
233 928 338 987 divina.
366 927 406 987 Et
434 929 630 1001 cujuscunque
660 928 763 986 horum
791 927 967 987 contrarium
989 927 1057 998 dixi,
1082 943 1142 985 non
1171 932 1253 986 recte
1274 926 1338 1004 dixi,

151 1027 327 1100 etamplius
348 1027 416 1086 nolo
439 1034 539 1087 tenere
561 1028 608 1086 vel
630 1028 737 1099 dicere,
756 1029 817 1100 jam
837 1027 941 1086 melius
963 1026 1145 1086 informatus.

250 1129 277 1186 3.
306 1127 379 1187 Item
401 1127 438 1186 de
462 1129 571 1188 sanctis
593 1128 622 1186 in
645 1129 692 1186 via
714 1128 794 1186 etin
816 1128 913 1200 petrin
939 1128 996 1186 hoc
1017 1135 1105 1186 tenso
1128 1134 1159 1187 et
1186 1126 1339 1188 tenendum

151 1231 227 1303 dico,
249 1228 327 1302 quod
357 1228 450 1287 sancti
471 1228 501 1287 in
529 1229 631 1301 patria,
661 1236 690 1287 et
717 1244 843 1301 corpora
864 1245 898 1289 ac
920 1245 990 1289 ossa
1016 1245 1125 1298 ecmm,
1148 1228 1341 1300 aliaqnoque

151 1336 253 1390 saneta
273 1328 320 1387 vel
342 1329 515 1400 sanctuaria,
539 1329 614 1388 sicut
627 1334 724 1388 vestes
748 1336 779 1389 et
800 1329 935 1390 clenodia
949 1329 1067 1400 Christi,
1088 1330 1196 1388 beatae
1224 1330 1342 1403 virginis

152 1436 183 1489 et
210 1435 385 1499 sanctorum,
412 1428 460 1487 hic
487 1430 517 1488 in
545 1434 625 1488 terra
653 1436 722 1490 sunt
749 1430 926 1505 veneranda,
960 1435 990 1490 et
1012 1431 1089 1504 quod
1109 1430 1169 1502 ipsi
1196 1430 1290 1487 saneti
1315 1430 1342 1488 in

151 1531 248 1603 patria
268 1529 334 1605 plus
357 1536 481 1601 prosunt
494 1537 525 1589 et
544 1531 689 1602 prodesse
705 1536 829 1601 possunt
850 1529 946 1604 nobis,
969 1531 1082 1590 meritis
1104 1535 1136 1590 et
1155 1530 1341 1589 intercessio·

152 1631 238 1690 nibus
261 1630 332 1703 suis,
353 1647 436 1704 qnam
460 1631 554 1690 sancti
576 1632 736 1689 existentes
757 1630 787 1688 in
809 1632 865 1690 via.
898 1630 986 1690 Etsi
1007 1630 1071 1704 quis
1094 1631 1239 1691 dictorum
1262 1647 1342 1690 occa·

152 1731 233 1790 sione
255 1747 385 1790 meorum
407 1732 543 1790 crederet
564 1731 743 1789 eontrarium
765 1730 888 1804 alicuius
916 1731 1144 1804 praedictorum,
1171 1737 1295 1800 erraret,
1316 1736 1343 1789 et

153 1831 314 1906 quicunque
338 1846 402 1889 enm
425 1831 463 1888 ad
484 1831 651 1904 hujusmodi
674 1846 803 1890 errorem
824 1832 977 1890 induceret
998 1830 1045 1889 rel
1066 1832 1240 1891 induxisset

252 1934 282 1995 4.
317 1933 351 1996 It.
386 1931 452 1991 dico
470 1938 517 2017 et
552 1931 658 2007 credo,
691 1931 768 2004 qnod
799 1932 906 2002 bomo,
938 1932 1078 1991 sumendo
1111 1932 1200 2006 digne
1240 1948 1342 2004 corpm

153 2033 271 2111 Christi,
293 2030 326 2092 tit
346 2022 496 2107 mysticum
519 2032 678 2091 membrum
693 2031 821 2114 cbristi3
843 2038 873 2092 et
894 2048 931 2092 ex
953 2020 1090 2091 booron
1112 2037 1161 2093 est
1181 2033 1342 2101 dicendum,

153 2135 230 2210 quod
251 2150 362 2203 menne,
389 2133 511 2206 pessel
544 2134 646 2193 oculus
668 2134 714 2192 vel
736 2134 927 2208 quodcunque
949 2134 1109 2193 membrum
1141 2133 1279 2204 bominis,
1299 2130 1345 2192 fist

154 2251 263 2306 munus,
289 2252 343 2307 pes
365 2236 411 2293 rel
433 2235 548 2294 oculus·
566 2240 616 2294 aut
639 2234 718 2294 alind
748 2235 898 2309 mysticum
925 2235 1085 2320 membrum
1109 2234 1231 2295 Christi.
1264 2232 1345 2293 Etsi

153 2336 263 2410 aliquid
292 2336 362 2407 dixi,
390 2336 467 2409 quod
496 2335 671 2394 contrarium
700 2334 746 2394 bis
776 2342 902 2406 sonaret
932 2352 991 2395 non
1020 2344 1108 2396 teneo
1138 2343 1168 2395 et
1198 2336 1265 2394 dico
1291 2349 1344 2392 nou

153 2439 319 2497 tenendum.
857 2418 861 2427 ’

255 2539 282 2597 5.
304 2539 339 2601 lt.
362 2538 436 2609 dieo,
463 2538 541 2612 quod
561 2538 703 2610 homines,
734 2546 764 2597 et
790 2537 964 2610 praesertim
985 2537 1067 2609 laici,
1096 2554 1155 2598 non
1179 2543 1248 2596 sunt
1268 2536 1345 2595 indu·-

155 2640 240 2700 eendi
261 2639 308 2698 vel
322 2638 459 2698 hortandi
481 2639 518 2698 ad
535 2639 732 2712 quotidianam
752 2625 984 2698 communionem
1006 2638 1144 2699 dominici
1166 2635 1345 2698 sacramenb'.

154 2742 236 2811 Item,
258 2741 335 2816 qnod
358 2755 416 2799 non
439 2739 562 2814 quilibet
583 2741 740 2811 poenitens
769 2740 914 2812 incipiens
936 2755 1003 2798 mox
1025 2738 1209 2799 inducendus
1231 2744 1293 2813 est,
1318 2741 1346 2795 ut

155 2843 328 2902 adsueram
357 2841 587 2900 communionem
620 2841 749 2900 accedat
791 2840 879 2911 Item,
908 2841 987 2914 qnod
1008 2857 1066 2899 non
1089 2839 1214 2914 quilibet
1234 2837 1344 2897 inditie·

155 2948 257 3002 tenter
271 2942 469 3002 admittendus
492 2947 538 3003 est
559 2941 596 3000 ad
618 2941 815 3015 quotidianam
832 2941 1061 3000 communionem
1083 2941 1220 3013 corporis
1235 2936 1346 2999 Christi.

157 3045 197 3103 Et
218 3046 418 3124 cujuscunque
436 3044 539 3102 horum
561 3043 736 3103 contrarium
759 3041 815 3102 ieci
836 3042 883 3101 vel
904 3040 980 3112 dixi,
993 3040 1062 3101 'boc
1089 3040 1127 3101 de
1156 3046 1257 3101 cetero
1283 3038 1346 3099 nolo

156 3142 254 3203 iecere
276 3160 331 3204 nec
352 3143 461 3221 dicere,
484 3145 537 3203 sed
558 3144 655 3216 potius
678 3144 778 3203 vitare.

292 3224 301 3245 ⁰
355 3241 576 3324 suspendatur
597 3262 617 3302 o
643 3241 881 3323 praedications
902 3247 930 3302 et
958 3242 998 3304 ab
1019 3240 1185 3304 auditione
1205 3237 1347 3320 consessi-

440 3343 509 3405 onis
534 3350 563 3405 et
585 3343 820 3405 ministratione
846 3342 1055 3405 mamertina
1081 3348 1175 3404 cotra
1196 3340 1347 3404 ecclesiam

438 3465 531 3508 esrom
546 3444 765 3526 parochialem
786 3442 830 3506 ud
853 3442 1023 3506 dimidium
1043 3461 1176 3505 annum.

478 3662 528 3740 B)
564 3662 694 3728 Articuli
717 3662 826 3728 iacobi
849 3660 1035 3746 presbyteri.

260 3847 409 3907 Noveritis
432 3847 559 3907 universi
581 3847 693 3919 fideles,
716 3850 794 3922 quod
811 3865 865 3923 ego
884 3848 1014 3910 Jacobns
1035 3847 1104 3907 talis
1126 3863 1162 3908 st.
1185 3842 1258 3926 (sic)
1272 3861 1349 3921 prae·

160 3950 255 4011 dicavi
276 3948 374 4020 aliqua
396 3965 455 4007 uon
477 3950 689 4022 praedicanda:
712 3951 789 4008 inter
812 3965 885 4025 quae
907 3953 976 4009 sunt
996 3948 1095 4022 aliqua
1115 3947 1280 4018 bamtioo,
1300 3945 1349 4005 ali·

160 4066 217 4124 qua
236 4048 358 4121 sapiunt
377 4048 649 4127 baeresim‚·aliqna
671 4056 739 4109 sunt
760 4066 890 4121 moneo,
913 4049 1095 4120 scandalosa,
1119 4055 1350 4123 praesumtuose,

160 4149 240 4210 latua
262 4155 292 4209 et
313 4149 395 4208 salsa.

263 4249 468 4311 illecebra
490 4256 558 4311 sunt
585 4250 669 4312 talia:
686 4251 824 4322 primum,
849 4251 926 4324 qnod
955 4251 1041 4310 beata
1069 4251 1150 4325 virgo
1181 4267 1240 4310 non
1262 4248 1351 4323 possit

160 4351 245 4411 nobis
266 4352 296 4409 in
318 4352 415 4426 aliquo
439 4351 796 4425 submurmurantem,
818 4353 896 4425 qnod
919 4353 1012 4412 sancti
1033 4352 1064 4410 in
1087 4352 1184 4425 patria
1204 4368 1263 4412 non
1285 4365 1348 4423 pos-

161 4459 229 4510 sunt
243 4452 327 4511 nobis
341 4455 499 4526 prodesse3
521 4454 638 4513 testitum
660 4454 736 4527 quod
753 4452 897 4526 suffragia,
919 4451 998 4512 iacta
1011 4469 1066 4525 pro
1082 4452 1213 4523 mortuis,
1236 4453 1279 4512 eis
1295 4465 1349 4509 nou

160 4560 291 4624 prosunt.
314 4554 394 4615 Haec
415 4555 480 4627 tria,
503 4556 572 4628 quia
591 4556 742 4615 haeretice
764 4561 838 4625 sunt,
860 4554 926 4614 ideo
950 4572 985 4615 ca
1006 4569 1122 4623 revoco,
1145 4555 1257 4627 etjam
1277 4552 1348 4610 bene

160 4652 332 4714 informatus
354 4657 531 4721 contrarium
553 4657 642 4716 credo
666 4664 695 4718 et
709 4656 885 4717 credendum
907 4656 991 4716 dico:
1016 4658 1043 4719 1.
1065 4654 1165 4726 credo,
1186 4652 1265 4728 quod
1284 4651 1348 4709 bea·
