<?xml version="1.0" encoding="UTF-8"?>
<!DOCTYPE html PUBLIC "-//W3C//DTD XHTML 1.0 Transitional//EN"
    "http://www.w3.org/TR/xhtml1/DTD/xhtml1-transitional.dtd">
<html xmlns="http://www.w3.org/1999/xhtml" xml:lang="en" lang="en">
 <head>
  <title>
</title>
<meta http-equiv="Content-Type" content="text/html;charset=utf-8" />
  <meta name='ocr-system' content='tesseract 3.04.00' />
  <meta name='ocr-capabilities' content='ocr_page ocr_carea ocr_par ocr_line ocrx_word'/>
</head>
<body>
  <div class='ocr_page' id='page_1' title='image "./documentamagjoa00palagoog_0546.png"; bbox 0 0 2992 5258; ppageno 0'>
   <div class='ocr_carea' id='block_1_1' title="bbox 325 404 1345 478">
    <p class='ocr_par' dir='ltr' id='par_1_1' title="bbox 325 404 1345 478">
     <span class='ocr_line' id='line_1_1' title="bbox 325 404 1345 478; baseline 0.004 -19"><span class='ocrx_word' id='word_1_1' title='bbox 325 407 366 460; x_wconf 80' lang='grc'><strong>59.</strong></span> <span class='ocrx_word' id='word_1_2' title='bbox 402 404 429 460; x_wconf 84' lang='lat' dir='ltr'><strong>J.</strong></span> <span class='ocrx_word' id='word_1_3' title='bbox 447 407 480 457; x_wconf 88' lang='lat' dir='ltr'><strong>de</strong></span> <span class='ocrx_word' id='word_1_4' title='bbox 498 407 621 459; x_wconf 88' lang='lat' dir='ltr'><strong>Gersouo</strong></span> <span class='ocrx_word' id='word_1_5' title='bbox 640 405 793 461; x_wconf 89' lang='lat' dir='ltr'><strong>Conradum</strong></span> <span class='ocrx_word' id='word_1_6' title='bbox 812 408 937 462; x_wconf 83' lang='lat' dir='ltr'><strong>hortatur</strong></span> <span class='ocrx_word' id='word_1_7' title='bbox 954 408 989 463; x_wconf 88' lang='lat' dir='ltr'><strong>ad</strong></span> <span class='ocrx_word' id='word_1_8' title='bbox 1007 409 1081 463; x_wconf 87' lang='lat' dir='ltr'><strong>haer.</strong></span> <span class='ocrx_word' id='word_1_9' title='bbox 1100 416 1167 463; x_wconf 84' lang='lat' dir='ltr'><strong>exat.</strong></span> <span class='ocrx_word' id='word_1_10' title='bbox 1284 416 1345 478; x_wconf 82' lang='lat'><strong>525</strong></span> 
     </span>
    </p>
   </div>
   <div class='ocr_carea' id='block_1_2' title="bbox 146 604 1353 4728">
    <p class='ocr_par' dir='ltr' id='par_1_2' title="bbox 148 604 1348 2098">
     <span class='ocr_line' id='line_1_2' title="bbox 149 604 1346 696; baseline 0.008 -25"><span class='ocrx_word' id='word_1_11' title='bbox 149 604 196 671; x_wconf 83' lang='lat' dir='ltr'><strong>las</strong></span> <span class='ocrx_word' id='word_1_12' title='bbox 219 613 285 687; x_wconf 90' lang='lat' dir='ltr'><strong>est,</strong></span> <span class='ocrx_word' id='word_1_13' title='bbox 309 615 343 672; x_wconf 92' lang='lat' dir='ltr'><strong>ut</strong></span> <span class='ocrx_word' id='word_1_14' title='bbox 365 608 405 673; x_wconf 91' lang='lat' dir='ltr'><strong>ad</strong></span> <span class='ocrx_word' id='word_1_15' title='bbox 432 609 524 675; x_wconf 90' lang='lat' dir='ltr'><strong>fidem</strong></span> <span class='ocrx_word' id='word_1_16' title='bbox 551 615 692 675; x_wconf 89' lang='lat' dir='ltr'><strong>nostram</strong></span> <span class='ocrx_word' id='word_1_17' title='bbox 729 616 886 693; x_wconf 85' lang='lat' dir='ltr'><strong>tamquam</strong></span> <span class='ocrx_word' id='word_1_18' title='bbox 923 613 1077 678; x_wconf 83' lang='lat' dir='ltr'>novellam</span> <span class='ocrx_word' id='word_1_19' title='bbox 1106 633 1164 696; x_wconf 92' lang='lat' dir='ltr'><strong>per</strong></span> <span class='ocrx_word' id='word_1_20' title='bbox 1195 615 1346 680; x_wconf 87' lang='lat' dir='ltr'><strong>miracula</strong></span> 
     </span>
     <span class='ocr_line' id='line_1_3' title="bbox 149 707 1343 798; baseline 0.004 -25"><span class='ocrx_word' id='word_1_21' title='bbox 149 707 395 775; x_wconf 87' lang='lat' dir='ltr'><strong>confirmandam</strong></span> <span class='ocrx_word' id='word_1_22' title='bbox 427 729 511 775; x_wconf 93' lang='lat' dir='ltr'><strong>nunc</strong></span> <span class='ocrx_word' id='word_1_23' title='bbox 534 717 677 777; x_wconf 88' lang='lat' dir='ltr'><strong>tentetur</strong></span> <span class='ocrx_word' id='word_1_24' title='bbox 700 711 786 777; x_wconf 89' lang='lat' dir='ltr'><strong>deus.</strong></span> <span class='ocrx_word' id='word_1_25' title='bbox 830 713 959 778; x_wconf 78' lang='lat' dir='ltr'>Habent</span> <span class='ocrx_word' id='word_1_26' title='bbox 980 714 1041 795; x_wconf 91' lang='lat' dir='ltr'><strong>ipsi</strong></span> <span class='ocrx_word' id='word_1_27' title='bbox 1064 715 1178 779; x_wconf 90' lang='lat' dir='ltr'><strong>nedum</strong></span> <span class='ocrx_word' id='word_1_28' title='bbox 1201 715 1343 798; x_wconf 83' lang='lat' dir='ltr'><strong>hloysem</strong></span> 
     </span>
     <span class='ocr_line' id='line_1_4' title="bbox 149 810 1345 895; baseline 0.008 -22"><span class='ocrx_word' id='word_1_29' title='bbox 149 816 183 873; x_wconf 90' lang='lat' dir='ltr'><strong>et</strong></span> <span class='ocrx_word' id='word_1_30' title='bbox 204 810 387 891; x_wconf 90' lang='lat' dir='ltr'><strong>prophetas,</strong></span> <span class='ocrx_word' id='word_1_31' title='bbox 411 811 469 876; x_wconf 90' lang='lat' dir='ltr'><strong>sed</strong></span> <span class='ocrx_word' id='word_1_32' title='bbox 484 811 646 893; x_wconf 86' lang='lat' dir='ltr'><strong>apostolos</strong></span> <span class='ocrx_word' id='word_1_33' title='bbox 669 818 702 877; x_wconf 89' lang='lat' dir='ltr'><strong>et</strong></span> <span class='ocrx_word' id='word_1_34' title='bbox 716 811 865 878; x_wconf 89' lang='lat' dir='ltr'><strong>doctores</strong></span> <span class='ocrx_word' id='word_1_35' title='bbox 887 815 1035 895; x_wconf 88' lang='lat' dir='ltr'><strong>antiquos</strong></span> <span class='ocrx_word' id='word_1_36' title='bbox 1057 835 1127 881; x_wconf 91' lang='lat' dir='ltr'><strong>cum</strong></span> <span class='ocrx_word' id='word_1_37' title='bbox 1149 817 1249 882; x_wconf 89' lang='lat' dir='ltr'><strong>sacris</strong></span> <span class='ocrx_word' id='word_1_38' title='bbox 1271 836 1345 882; x_wconf 92' lang='lat' dir='ltr'><strong>con-</strong></span> 
     </span>
     <span class='ocr_line' id='line_1_5' title="bbox 148 909 1346 999; baseline 0.008 -25"><span class='ocrx_word' id='word_1_39' title='bbox 148 909 247 987; x_wconf 91' lang='lat' dir='ltr'><strong>ciliis;</strong></span> <span class='ocrx_word' id='word_1_40' title='bbox 270 911 388 975; x_wconf 88' lang='lat' dir='ltr'><strong>habent</strong></span> <span class='ocrx_word' id='word_1_41' title='bbox 402 918 436 975; x_wconf 91' lang='lat' dir='ltr'><strong>et</strong></span> <span class='ocrx_word' id='word_1_42' title='bbox 449 930 548 977; x_wconf 90' lang='lat' dir='ltr'><strong>novos</strong></span> <span class='ocrx_word' id='word_1_43' title='bbox 563 912 711 978; x_wconf 89' lang='lat' dir='ltr'><strong>doctores</strong></span> <span class='ocrx_word' id='word_1_44' title='bbox 738 913 889 978; x_wconf 87' lang='lat' dir='ltr'><strong>collectos</strong></span> <span class='ocrx_word' id='word_1_45' title='bbox 904 915 936 977; x_wconf 92' lang='lat' dir='ltr'><strong>in</strong></span> <span class='ocrx_word' id='word_1_46' title='bbox 960 915 1231 997; x_wconf 85' lang='lat' dir='ltr'><strong>universitatibus,</strong></span> <span class='ocrx_word' id='word_1_47' title='bbox 1254 937 1346 999; x_wconf 91' lang='lat' dir='ltr'><strong>prae·</strong></span> 
     </span>
     <span class='ocr_line' id='line_1_6' title="bbox 149 1009 1345 1099; baseline 0.007 -25"><span class='ocrx_word' id='word_1_48' title='bbox 149 1009 261 1075; x_wconf 90' lang='lat' dir='ltr'><strong>sertim</strong></span> <span class='ocrx_word' id='word_1_49' title='bbox 297 1011 329 1074; x_wconf 93' lang='lat' dir='ltr'><strong>in</strong></span> <span class='ocrx_word' id='word_1_50' title='bbox 353 1013 423 1093; x_wconf 90' lang='lat' dir='ltr'><strong>ipsa</strong></span> <span class='ocrx_word' id='word_1_51' title='bbox 444 1020 544 1077; x_wconf 89' lang='lat' dir='ltr'><strong>matre</strong></span> <span class='ocrx_word' id='word_1_52' title='bbox 578 1013 771 1092; x_wconf 91' lang='lat' dir='ltr'><strong>studiorum,</strong></span> <span class='ocrx_word' id='word_1_53' title='bbox 809 1015 1019 1080; x_wconf 82' lang='lat' dir='ltr'><strong>universitate</strong></span> <span class='ocrx_word' id='word_1_54' title='bbox 1041 1016 1231 1096; x_wconf 86' lang='lat' dir='ltr'><strong>Parisiensi,</strong></span> <span class='ocrx_word' id='word_1_55' title='bbox 1264 1037 1345 1099; x_wconf 90' lang='lat' dir='ltr'><strong>quae</strong></span> 
     </span>
     <span class='ocr_line' id='line_1_7' title="bbox 149 1110 1347 1198; baseline 0.008 -25"><span class='ocrx_word' id='word_1_56' title='bbox 149 1110 304 1176; x_wconf 88' lang='lat' dir='ltr'><strong>hactenus</strong></span> <span class='ocrx_word' id='word_1_57' title='bbox 327 1112 492 1178; x_wconf 83' lang='lat' dir='ltr'><strong>haeresum</strong></span> <span class='ocrx_word' id='word_1_58' title='bbox 514 1121 656 1179; x_wconf 88' lang='lat' dir='ltr'><strong>monstro</strong></span> <span class='ocrx_word' id='word_1_59' title='bbox 679 1115 800 1193; x_wconf 91' lang='lat' dir='ltr'><strong>caruit,</strong></span> <span class='ocrx_word' id='word_1_60' title='bbox 824 1117 906 1179; x_wconf 91' lang='lat' dir='ltr'><strong>sieut</strong></span> <span class='ocrx_word' id='word_1_61' title='bbox 928 1116 1052 1197; x_wconf 89' lang='lat' dir='ltr'><strong>etipsa</strong></span> <span class='ocrx_word' id='word_1_62' title='bbox 1075 1136 1167 1198; x_wconf 87' lang='lat' dir='ltr'><strong>quam</strong></span> <span class='ocrx_word' id='word_1_63' title='bbox 1189 1118 1347 1183; x_wconf 90' lang='lat' dir='ltr'><strong>inhabitat</strong></span> 
     </span>
     <span class='ocr_line' id='line_1_8' title="bbox 148 1210 1345 1297; baseline 0.005 -21"><span class='ocrx_word' id='word_1_64' title='bbox 148 1210 261 1290; x_wconf 86' lang='lat' dir='ltr'><strong>Gallia,</strong></span> <span class='ocrx_word' id='word_1_65' title='bbox 284 1218 368 1277; x_wconf 88' lang='lat' dir='ltr'><strong>teste</strong></span> <span class='ocrx_word' id='word_1_66' title='bbox 391 1213 601 1296; x_wconf 85' lang='lat' dir='ltr'><strong>Hieronymo,</strong></span> <span class='ocrx_word' id='word_1_67' title='bbox 625 1215 728 1279; x_wconf 88' lang='lat' dir='ltr'><strong>caruit</strong></span> <span class='ocrx_word' id='word_1_68' title='bbox 749 1220 782 1280; x_wconf 86' lang='lat' dir='ltr'><strong>et</strong></span> <span class='ocrx_word' id='word_1_69' title='bbox 804 1214 931 1279; x_wconf 92' lang='lat' dir='ltr'><strong>domino</strong></span> <span class='ocrx_word' id='word_1_70' title='bbox 954 1224 1144 1297; x_wconf 83' lang='lat' dir='ltr'><strong>protegente</strong></span> <span class='ocrx_word' id='word_1_71' title='bbox 1167 1219 1292 1285; x_wconf 85' lang='lat' dir='ltr'><strong>carebit</strong></span> <span class='ocrx_word' id='word_1_72' title='bbox 1313 1220 1345 1283; x_wconf 90' lang='lat' dir='ltr'><strong>in</strong></span> 
     </span>
     <span class='ocr_line' id='line_1_9' title="bbox 148 1313 1346 1401; baseline 0.006 -25"><span class='ocrx_word' id='word_1_73' title='bbox 148 1329 276 1390; x_wconf 81' lang='lat' dir='ltr'><strong>aevum3</strong></span> <span class='ocrx_word' id='word_1_74' title='bbox 299 1313 417 1379; x_wconf 90' lang='lat' dir='ltr'><strong>habeut</strong></span> <span class='ocrx_word' id='word_1_75' title='bbox 439 1333 572 1396; x_wconf 89' lang='lat' dir='ltr'><strong>prorsus</strong></span> <span class='ocrx_word' id='word_1_76' title='bbox 595 1313 808 1393; x_wconf 90' lang='lat' dir='ltr'><strong>haecomnia,</strong></span> <span class='ocrx_word' id='word_1_77' title='bbox 832 1315 964 1382; x_wconf 88' lang='lat' dir='ltr'><strong>credaut</strong></span> <span class='ocrx_word' id='word_1_78' title='bbox 985 1319 1042 1381; x_wconf 88' lang='lat' dir='ltr'><strong>eis.</strong></span> <span class='ocrx_word' id='word_1_79' title='bbox 1073 1318 1221 1400; x_wconf 79' lang='lat' dir='ltr'><strong>Alioquin</strong></span> <span class='ocrx_word' id='word_1_80' title='bbox 1242 1338 1346 1401; x_wconf 88' lang='lat' dir='ltr'><strong>neque</strong></span> 
     </span>
     <span class='ocr_line' id='line_1_10' title="bbox 148 1413 1346 1503; baseline 0.005 -26"><span class='ocrx_word' id='word_1_81' title='bbox 148 1413 174 1477; x_wconf 91' lang='lat' dir='ltr'><strong>si</strong></span> <span class='ocrx_word' id='word_1_82' title='bbox 200 1414 271 1493; x_wconf 92' lang='lat' dir='ltr'><strong>quis</strong></span> <span class='ocrx_word' id='word_1_83' title='bbox 293 1416 507 1480; x_wconf 83' lang='lat' dir='ltr'><strong>resurrexerit</strong></span> <span class='ocrx_word' id='word_1_84' title='bbox 528 1435 567 1479; x_wconf 92' lang='lat' dir='ltr'><strong>ex</strong></span> <span class='ocrx_word' id='word_1_85' title='bbox 582 1417 732 1495; x_wconf 79' lang='lat' dir='ltr'><strong>mortuis,</strong></span> <span class='ocrx_word' id='word_1_86' title='bbox 761 1416 901 1495; x_wconf 89' lang='lat' dir='ltr'><strong>credent,</strong></span> <span class='ocrx_word' id='word_1_87' title='bbox 926 1436 1029 1498; x_wconf 92' lang='lat' dir='ltr'><strong>neque</strong></span> <span class='ocrx_word' id='word_1_88' title='bbox 1052 1438 1162 1485; x_wconf 91' lang='lat' dir='ltr'><strong>rursus</strong></span> <span class='ocrx_word' id='word_1_89' title='bbox 1184 1421 1217 1484; x_wconf 91' lang='lat' dir='ltr'><strong>in</strong></span> <span class='ocrx_word' id='word_1_90' title='bbox 1240 1421 1346 1503; x_wconf 89' lang='lat' dir='ltr'><strong>dispu-</strong></span> 
     </span>
     <span class='ocr_line' id='line_1_11' title="bbox 149 1514 1347 1596; baseline 0.004 -18"><span class='ocrx_word' id='word_1_91' title='bbox 149 1515 247 1578; x_wconf 91' lang='lat' dir='ltr'><strong>tando</strong></span> <span class='ocrx_word' id='word_1_92' title='bbox 268 1514 353 1596; x_wconf 89' lang='lat' dir='ltr'><strong>apud</strong></span> <span class='ocrx_word' id='word_1_93' title='bbox 376 1515 457 1579; x_wconf 90' lang='lat' dir='ltr'><strong>tales</strong></span> <span class='ocrx_word' id='word_1_94' title='bbox 472 1516 629 1596; x_wconf 89' lang='lat' dir='ltr'><strong>pertinaci</strong></span> <span class='ocrx_word' id='word_1_95' title='bbox 643 1515 845 1580; x_wconf 80' lang='lat' dir='ltr'><strong>animositate</strong></span> <span class='ocrx_word' id='word_1_96' title='bbox 866 1516 1098 1581; x_wconf 85' lang='lat' dir='ltr'><strong>contendentes</strong></span> <span class='ocrx_word' id='word_1_97' title='bbox 1120 1524 1153 1582; x_wconf 89' lang='lat' dir='ltr'><strong>et</strong></span> <span class='ocrx_word' id='word_1_98' title='bbox 1173 1519 1347 1583; x_wconf 89' lang='lat' dir='ltr'><strong>innitentes</strong></span> 
     </span>
     <span class='ocr_line' id='line_1_12' title="bbox 148 1614 1348 1699; baseline 0.003 -22"><span class='ocrx_word' id='word_1_99' title='bbox 148 1614 300 1696; x_wconf 87' lang='lat' dir='ltr'><strong>propriae</strong></span> <span class='ocrx_word' id='word_1_100' title='bbox 322 1614 528 1696; x_wconf 73' lang='lat' dir='ltr'><strong>prudentiae,</strong></span> <span class='ocrx_word' id='word_1_101' title='bbox 561 1616 643 1680; x_wconf 94' lang='lat' dir='ltr'><strong>ullus</strong></span> <span class='ocrx_word' id='word_1_102' title='bbox 666 1634 811 1697; x_wconf 89' lang='lat' dir='ltr'><strong>umquam</strong></span> <span class='ocrx_word' id='word_1_103' title='bbox 835 1616 896 1680; x_wconf 89' lang='lat' dir='ltr'><strong>erit</strong></span> <span class='ocrx_word' id='word_1_104' title='bbox 919 1616 1004 1680; x_wconf 91' lang='lat' dir='ltr'><strong>linis:</strong></span> <span class='ocrx_word' id='word_1_105' title='bbox 1028 1617 1103 1697; x_wconf 94' lang='lat' dir='ltr'><strong>quin</strong></span> <span class='ocrx_word' id='word_1_106' title='bbox 1127 1619 1232 1699; x_wconf 92' lang='lat' dir='ltr'><strong>potius</strong></span> <span class='ocrx_word' id='word_1_107' title='bbox 1255 1620 1348 1684; x_wconf 90' lang='lat' dir='ltr'><strong>nimis</strong></span> 
     </span>
     <span class='ocr_line' id='line_1_13' title="bbox 148 1714 1348 1798; baseline 0.003 -19"><span class='ocrx_word' id='word_1_108' title='bbox 148 1714 348 1792; x_wconf 87' lang='lat' dir='ltr'><strong>altercando,</strong></span> <span class='ocrx_word' id='word_1_109' title='bbox 367 1717 459 1797; x_wconf 92' lang='lat' dir='ltr'><strong>juxta</strong></span> <span class='ocrx_word' id='word_1_110' title='bbox 482 1716 613 1780; x_wconf 90' lang='lat' dir='ltr'><strong>verbum</strong></span> <span class='ocrx_word' id='word_1_111' title='bbox 635 1716 791 1796; x_wconf 82' lang='lat' dir='ltr'><strong>Senecae,</strong></span> <span class='ocrx_word' id='word_1_112' title='bbox 814 1716 1010 1798; x_wconf 89' lang='lat' dir='ltr'><strong>deperdetur</strong></span> <span class='ocrx_word' id='word_1_113' title='bbox 1033 1719 1168 1795; x_wconf 76' lang='lat' dir='ltr'><strong>veritaS,</strong></span> <span class='ocrx_word' id='word_1_114' title='bbox 1193 1719 1348 1783; x_wconf 89' lang='lat' dir='ltr'><strong>scandali·</strong></span> 
     </span>
     <span class='ocr_line' id='line_1_14' title="bbox 148 1816 1348 1899; baseline 0.002 -19"><span class='ocrx_word' id='word_1_115' title='bbox 148 1816 273 1881; x_wconf 88' lang='lat' dir='ltr'><strong>sabitur</strong></span> <span class='ocrx_word' id='word_1_116' title='bbox 294 1816 425 1898; x_wconf 92' lang='lat' dir='ltr'><strong>insuper</strong></span> <span class='ocrx_word' id='word_1_117' title='bbox 459 1818 603 1898; x_wconf 89' lang='lat' dir='ltr'><strong>populus,</strong></span> <span class='ocrx_word' id='word_1_118' title='bbox 625 1818 772 1882; x_wconf 88' lang='lat' dir='ltr'><strong>laedetur</strong></span> <span class='ocrx_word' id='word_1_119' title='bbox 797 1835 922 1899; x_wconf 90' lang='lat' dir='ltr'><strong>quoque</strong></span> <span class='ocrx_word' id='word_1_120' title='bbox 945 1817 1087 1883; x_wconf 81' lang='lat' dir='ltr'><strong>heterna</strong></span> <span class='ocrx_word' id='word_1_121' title='bbox 1102 1819 1233 1899; x_wconf 87' lang='lat' dir='ltr'><strong>caritas;</strong></span> <span class='ocrx_word' id='word_1_122' title='bbox 1260 1818 1348 1884; x_wconf 91' lang='lat' dir='ltr'><strong>deui-</strong></span> 
     </span>
     <span class='ocr_line' id='line_1_15' title="bbox 148 1917 1348 2000; baseline 0.003 -21"><span class='ocrx_word' id='word_1_123' title='bbox 148 1934 210 1997; x_wconf 93' lang='lat' dir='ltr'><strong>que</strong></span> <span class='ocrx_word' id='word_1_124' title='bbox 228 1917 300 1982; x_wconf 88' lang='lat' dir='ltr'><strong>talis</strong></span> <span class='ocrx_word' id='word_1_125' title='bbox 315 1918 547 1982; x_wconf 80' lang='lat' dir='ltr'><strong>obstinatorum</strong></span> <span class='ocrx_word' id='word_1_126' title='bbox 564 1919 756 2000; x_wconf 81' lang='lat' dir='ltr'><strong>protervitas</strong></span> <span class='ocrx_word' id='word_1_127' title='bbox 779 1918 898 1982; x_wconf 88' lang='lat' dir='ltr'><strong>incidet</strong></span> <span class='ocrx_word' id='word_1_128' title='bbox 920 1919 952 1980; x_wconf 93' lang='lat' dir='ltr'><strong>in</strong></span> <span class='ocrx_word' id='word_1_129' title='bbox 967 1919 1045 1983; x_wconf 91' lang='lat' dir='ltr'><strong>illud</strong></span> <span class='ocrx_word' id='word_1_130' title='bbox 1069 1927 1197 1999; x_wconf 88' lang='lat' dir='ltr'><strong>poetae:</strong></span> <span class='ocrx_word' id='word_1_131' title='bbox 1220 1938 1348 2000; x_wconf 80' lang='lat' dir='ltr'><strong>aegres-</strong></span> 
     </span>
     <span class='ocr_line' id='line_1_16' title="bbox 149 2016 444 2098; baseline 0.01 -18"><span class='ocrx_word' id='word_1_132' title='bbox 149 2016 257 2098; x_wconf 90' lang='lat' dir='ltr'><strong>citque</strong></span> <span class='ocrx_word' id='word_1_133' title='bbox 279 2018 444 2083; x_wconf 88' lang='lat' dir='ltr'><strong>medendo.</strong></span> 
     </span>
    </p>

    <p class='ocr_par' dir='ltr' id='par_1_3' title="bbox 146 2119 1353 4728">
     <span class='ocr_line' id='line_1_17' title="bbox 250 2119 1348 2201; baseline 0.002 -19"><span class='ocrx_word' id='word_1_134' title='bbox 250 2119 404 2200; x_wconf 84' lang='lat' dir='ltr'><strong>Superest</strong></span> <span class='ocrx_word' id='word_1_135' title='bbox 427 2120 537 2199; x_wconf 78' lang='lat' dir='ltr'><strong>igitur,</strong></span> <span class='ocrx_word' id='word_1_136' title='bbox 561 2121 587 2184; x_wconf 91' lang='lat' dir='ltr'><strong>si</strong></span> <span class='ocrx_word' id='word_1_137' title='bbox 611 2121 858 2201; x_wconf 86' lang='lat' dir='ltr'><strong>praemissorum</strong></span> <span class='ocrx_word' id='word_1_138' title='bbox 880 2121 959 2184; x_wconf 86' lang='lat' dir='ltr'><strong>nihil</strong></span> <span class='ocrx_word' id='word_1_139' title='bbox 982 2121 1099 2201; x_wconf 88' lang='lat' dir='ltr'><strong>prosit,</strong></span> <span class='ocrx_word' id='word_1_140' title='bbox 1129 2120 1214 2201; x_wconf 92' lang='lat' dir='ltr'><strong>quod</strong></span> <span class='ocrx_word' id='word_1_141' title='bbox 1236 2120 1275 2185; x_wconf 88' lang='lat' dir='ltr'><strong>ad</strong></span> <span class='ocrx_word' id='word_1_142' title='bbox 1299 2141 1348 2185; x_wconf 89' lang='lat' dir='ltr'><strong>ra-</strong></span> 
     </span>
     <span class='ocr_line' id='line_1_18' title="bbox 148 2219 1346 2303; baseline 0 -19"><span class='ocrx_word' id='word_1_143' title='bbox 148 2219 251 2285; x_wconf 89' lang='lat' dir='ltr'><strong>dicem</strong></span> <span class='ocrx_word' id='word_1_144' title='bbox 267 2221 493 2300; x_wconf 83' lang='lat' dir='ltr'><strong>infructuosae,</strong></span> <span class='ocrx_word' id='word_1_145' title='bbox 513 2222 574 2286; x_wconf 93' lang='lat' dir='ltr'><strong>imo</strong></span> <span class='ocrx_word' id='word_1_146' title='bbox 591 2222 751 2286; x_wconf 83' lang='lat' dir='ltr'><strong>maledicae</strong></span> <span class='ocrx_word' id='word_1_147' title='bbox 777 2221 911 2299; x_wconf 80' lang='lat' dir='ltr'><strong>arboria,</strong></span> <span class='ocrx_word' id='word_1_148' title='bbox 934 2227 1072 2303; x_wconf 89' lang='lat' dir='ltr'><strong>ponatur</strong></span> <span class='ocrx_word' id='word_1_149' title='bbox 1088 2222 1208 2285; x_wconf 88' lang='lat' dir='ltr'><strong>securis</strong></span> <span class='ocrx_word' id='word_1_150' title='bbox 1226 2222 1346 2287; x_wconf 93' lang='lat' dir='ltr'><strong>brachii</strong></span> 
     </span>
     <span class='ocr_line' id='line_1_19' title="bbox 149 2320 1349 2398; baseline 0.002 -14"><span class='ocrx_word' id='word_1_151' title='bbox 149 2320 313 2386; x_wconf 86' lang='lat' dir='ltr'><strong>secularia.</strong></span> <span class='ocrx_word' id='word_1_152' title='bbox 337 2322 438 2398; x_wconf 81' lang='lat' dir='ltr'><strong>Quale</strong></span> <span class='ocrx_word' id='word_1_153' title='bbox 462 2340 518 2387; x_wconf 88' lang='lat' dir='ltr'><strong>vos</strong></span> <span class='ocrx_word' id='word_1_154' title='bbox 542 2322 704 2387; x_wconf 87' lang='lat' dir='ltr'><strong>brachium</strong></span> <span class='ocrx_word' id='word_1_155' title='bbox 727 2323 875 2387; x_wconf 91' lang='lat' dir='ltr'><strong>invocare</strong></span> <span class='ocrx_word' id='word_1_156' title='bbox 894 2323 952 2386; x_wconf 91' lang='lat' dir='ltr'><strong>viis</strong></span> <span class='ocrx_word' id='word_1_157' title='bbox 976 2323 1121 2386; x_wconf 89' lang='lat' dir='ltr'><strong>omnibus</strong></span> <span class='ocrx_word' id='word_1_158' title='bbox 1145 2323 1294 2387; x_wconf 81' lang='lat' dir='ltr'><strong>convenit</strong></span> <span class='ocrx_word' id='word_1_159' title='bbox 1316 2330 1349 2388; x_wconf 90' lang='lat' dir='ltr'><strong>et</strong></span> 
     </span>
     <span class='ocr_line' id='line_1_20' title="bbox 150 2420 1347 2503; baseline 0.003 -20"><span class='ocrx_word' id='word_1_160' title='bbox 150 2420 280 2502; x_wconf 89' lang='lat' dir='ltr'><strong>expedit</strong></span> <span class='ocrx_word' id='word_1_161' title='bbox 302 2421 341 2486; x_wconf 89' lang='lat' dir='ltr'><strong>ad</strong></span> <span class='ocrx_word' id='word_1_162' title='bbox 364 2422 570 2487; x_wconf 88' lang='lat' dir='ltr'><strong>salvationem</strong></span> <span class='ocrx_word' id='word_1_163' title='bbox 598 2423 701 2487; x_wconf 94' lang='lat' dir='ltr'><strong>ovium</strong></span> <span class='ocrx_word' id='word_1_164' title='bbox 734 2423 821 2486; x_wconf 83' lang='lat' dir='ltr'><strong>vohis</strong></span> <span class='ocrx_word' id='word_1_165' title='bbox 844 2423 1047 2502; x_wconf 88' lang='lat' dir='ltr'><strong>creditarum,</strong></span> <span class='ocrx_word' id='word_1_166' title='bbox 1071 2442 1110 2486; x_wconf 93' lang='lat' dir='ltr'><strong>ue</strong></span> <span class='ocrx_word' id='word_1_167' title='bbox 1134 2441 1247 2503; x_wconf 90' lang='lat' dir='ltr'><strong>pascae</strong></span> <span class='ocrx_word' id='word_1_168' title='bbox 1278 2425 1347 2503; x_wconf 84' lang='lat' dir='ltr'><strong>(eie)</strong></span> 
     </span>
     <span class='ocr_line' id='line_1_21' title="bbox 149 2521 1350 2604; baseline 0.002 -18"><span class='ocrx_word' id='word_1_169' title='bbox 149 2521 285 2587; x_wconf 88' lang='lat' dir='ltr'><strong>letiferis</strong></span> <span class='ocrx_word' id='word_1_170' title='bbox 315 2523 511 2602; x_wconf 79' lang='lat' dir='ltr'><strong>geruviuibus</strong></span> <span class='ocrx_word' id='word_1_171' title='bbox 542 2524 699 2589; x_wconf 80' lang='lat' dir='ltr'><strong>toxicatae</strong></span> <span class='ocrx_word' id='word_1_172' title='bbox 722 2523 887 2588; x_wconf 91' lang='lat' dir='ltr'><strong>doctrinae</strong></span> <span class='ocrx_word' id='word_1_173' title='bbox 916 2524 1003 2604; x_wconf 87' lang='lat' dir='ltr'><strong>ipsae</strong></span> <span class='ocrx_word' id='word_1_174' title='bbox 1034 2542 1092 2604; x_wconf 92' lang='lat' dir='ltr'><strong>pro</strong></span> <span class='ocrx_word' id='word_1_175' title='bbox 1115 2523 1179 2587; x_wconf 89' lang='lat' dir='ltr'><strong>vita</strong></span> <span class='ocrx_word' id='word_1_176' title='bbox 1201 2523 1350 2589; x_wconf 86' lang='lat' dir='ltr'><strong>hauriant</strong></span> 
     </span>
     <span class='ocr_line' id='line_1_22' title="bbox 149 2623 1348 2706; baseline 0.002 -20"><span class='ocrx_word' id='word_1_177' title='bbox 149 2630 293 2688; x_wconf 90' lang='lat' dir='ltr'><strong>mortem.</strong></span> <span class='ocrx_word' id='word_1_178' title='bbox 337 2623 379 2689; x_wconf 85' lang='lat' dir='ltr'><strong>Et</strong></span> <span class='ocrx_word' id='word_1_179' title='bbox 401 2642 419 2689; x_wconf 90' lang='lat' dir='ltr'><strong>o</strong></span> <span class='ocrx_word' id='word_1_180' title='bbox 441 2626 524 2688; x_wconf 89' lang='lat' dir='ltr'><strong>bone</strong></span> <span class='ocrx_word' id='word_1_181' title='bbox 546 2625 639 2689; x_wconf 88' lang='lat' dir='ltr'><strong>Jesul</strong></span> <span class='ocrx_word' id='word_1_182' title='bbox 664 2624 739 2706; x_wconf 93' lang='lat' dir='ltr'><strong>quid</strong></span> <span class='ocrx_word' id='word_1_183' title='bbox 762 2623 1028 2705; x_wconf 84' lang='lat' dir='ltr'><strong>respondebitur,</strong></span> <span class='ocrx_word' id='word_1_184' title='bbox 1052 2643 1121 2688; x_wconf 90' lang='lat' dir='ltr'><strong>curn</strong></span> <span class='ocrx_word' id='word_1_185' title='bbox 1144 2623 1184 2688; x_wconf 88' lang='lat' dir='ltr'><strong>ad</strong></span> <span class='ocrx_word' id='word_1_186' title='bbox 1207 2624 1348 2688; x_wconf 91' lang='lat' dir='ltr'><strong>dinume·</strong></span> 
     </span>
     <span class='ocr_line' id='line_1_23' title="bbox 150 2723 1348 2806; baseline 0.002 -20"><span class='ocrx_word' id='word_1_187' title='bbox 150 2724 283 2788; x_wconf 91' lang='lat' dir='ltr'><strong>randum</strong></span> <span class='ocrx_word' id='word_1_188' title='bbox 301 2725 426 2788; x_wconf 90' lang='lat' dir='ltr'><strong>veneris</strong></span> <span class='ocrx_word' id='word_1_189' title='bbox 443 2733 475 2788; x_wconf 86' lang='lat' dir='ltr'><strong>tu</strong></span> <span class='ocrx_word' id='word_1_190' title='bbox 499 2726 567 2806; x_wconf 91' lang='lat' dir='ltr'><strong>ipse</strong></span> <span class='ocrx_word' id='word_1_191' title='bbox 592 2744 758 2806; x_wconf 86' lang='lat' dir='ltr'><strong>supremus</strong></span> <span class='ocrx_word' id='word_1_192' title='bbox 781 2730 900 2806; x_wconf 88' lang='lat' dir='ltr'><strong>pastor,</strong></span> <span class='ocrx_word' id='word_1_193' title='bbox 924 2725 976 2804; x_wconf 91' lang='lat' dir='ltr'><strong>qni</strong></span> <span class='ocrx_word' id='word_1_194' title='bbox 993 2723 1219 2788; x_wconf 91' lang='lat' dir='ltr'><strong>committendo</strong></span> <span class='ocrx_word' id='word_1_195' title='bbox 1242 2723 1348 2804; x_wconf 82' lang='lat' dir='ltr'><strong>gregis</strong></span> 
     </span>
     <span class='ocr_line' id='line_1_24' title="bbox 151 2823 1348 2906; baseline 0 -18"><span class='ocrx_word' id='word_1_196' title='bbox 151 2825 196 2888; x_wconf 87' lang='lat' dir='ltr'><strong>tui</strong></span> <span class='ocrx_word' id='word_1_197' title='bbox 219 2843 327 2890; x_wconf 91' lang='lat' dir='ltr'><strong>curam</strong></span> <span class='ocrx_word' id='word_1_198' title='bbox 352 2827 445 2889; x_wconf 84' lang='lat' dir='ltr'><strong>l&#39;etro</strong></span> <span class='ocrx_word' id='word_1_199' title='bbox 466 2825 581 2905; x_wconf 86' lang='lat' dir='ltr'><strong>jubens</strong></span> <span class='ocrx_word' id='word_1_200' title='bbox 604 2824 729 2888; x_wconf 87' lang='lat' dir='ltr'><strong>dixisti:</strong></span> <span class='ocrx_word' id='word_1_201' title='bbox 757 2843 851 2906; x_wconf 86' lang='lat' dir='ltr'><strong>pasce</strong></span> <span class='ocrx_word' id='word_1_202' title='bbox 874 2842 950 2888; x_wconf 93' lang='lat' dir='ltr'><strong>oves</strong></span> <span class='ocrx_word' id='word_1_203' title='bbox 973 2824 1076 2887; x_wconf 90' lang='lat' dir='ltr'><strong>meas!</strong></span> <span class='ocrx_word' id='word_1_204' title='bbox 1102 2825 1209 2902; x_wconf 86' lang='lat' dir='ltr'><strong>l&#39;asce,</strong></span> <span class='ocrx_word' id='word_1_205' title='bbox 1231 2823 1348 2903; x_wconf 89' lang='lat' dir='ltr'><strong>dixisti,</strong></span> 
     </span>
     <span class='ocr_line' id='line_1_25' title="bbox 150 2924 1349 3005; baseline -0.001 -17"><span class='ocrx_word' id='word_1_206' title='bbox 150 2942 214 2989; x_wconf 92' lang='lat' dir='ltr'><strong>non</strong></span> <span class='ocrx_word' id='word_1_207' title='bbox 237 2925 329 2990; x_wconf 90' lang='lat' dir='ltr'><strong>inlice</strong></span> <span class='ocrx_word' id='word_1_208' title='bbox 352 2927 401 2991; x_wconf 92' lang='lat' dir='ltr'><strong>vel</strong></span> <span class='ocrx_word' id='word_1_209' title='bbox 423 2927 577 2990; x_wconf 90' lang='lat' dir='ltr'><strong>iutcrtice.</strong></span> <span class='ocrx_word' id='word_1_210' title='bbox 602 2925 735 2990; x_wconf 87' lang='lat' dir='ltr'><strong>llabetis</strong></span> <span class='ocrx_word' id='word_1_211' title='bbox 751 2936 856 2990; x_wconf 87' lang='lat' dir='ltr'><strong>arrtem</strong></span> <span class='ocrx_word' id='word_1_212' title='bbox 880 2924 1042 2988; x_wconf 92' lang='lat' dir='ltr'><strong>brachium</strong></span> <span class='ocrx_word' id='word_1_213' title='bbox 1066 2926 1236 3005; x_wconf 87' lang='lat' dir='ltr'><strong>potcstatis</strong></span> <span class='ocrx_word' id='word_1_214' title='bbox 1259 2944 1349 2988; x_wconf 91' lang='lat' dir='ltr'><strong>secu-</strong></span> 
     </span>
     <span class='ocr_line' id='line_1_26' title="bbox 150 3024 1348 3108; baseline -0.001 -18"><span class='ocrx_word' id='word_1_215' title='bbox 150 3026 226 3092; x_wconf 89' lang='lat' dir='ltr'><strong>laris</strong></span> <span class='ocrx_word' id='word_1_216' title='bbox 253 3026 509 3108; x_wconf 89' lang='lat' dir='ltr'><strong>potentissimum</strong></span> <span class='ocrx_word' id='word_1_217' title='bbox 543 3032 671 3107; x_wconf 89' lang='lat' dir='ltr'><strong>praesto</strong></span> <span class='ocrx_word' id='word_1_218' title='bbox 702 3031 923 3105; x_wconf 88' lang='lat' dir='ltr'><strong>paratumque:</strong></span> <span class='ocrx_word' id='word_1_219' title='bbox 946 3034 1057 3090; x_wconf 85' lang='lat' dir='ltr'><strong>ser¹¹¹¹¹¹¹¹</strong></span> <span class='ocrx_word' id='word_1_220' title='bbox 1080 3024 1149 3088; x_wconf 91' lang='lat' dir='ltr'><strong>scil.</strong></span> <span class='ocrx_word' id='word_1_221' title='bbox 1173 3025 1348 3107; x_wconf 91' lang='lat' dir='ltr'><strong>principem</strong></span> 
     </span>
     <span class='ocr_line' id='line_1_27' title="bbox 151 3126 1349 3207; baseline 0.002 -17"><span class='ocrx_word' id='word_1_222' title='bbox 151 3126 189 3190; x_wconf 92' lang='grc' dir='ltr'><strong>Ι).</strong></span> <span class='ocrx_word' id='word_1_223' title='bbox 206 3126 427 3192; x_wconf 88' lang='lat' dir='ltr'><strong>chceslaum</strong></span> <span class='ocrx_word' id='word_1_224' title='bbox 444 3129 654 3191; x_wconf 84' lang='lat' dir='ltr'><strong>Rornanorum</strong></span> <span class='ocrx_word' id='word_1_225' title='bbox 671 3146 777 3205; x_wconf 72' lang='lat' dir='ltr'><strong>regem</strong></span> <span class='ocrx_word' id='word_1_226' title='bbox 800 3144 927 3207; x_wconf 89' lang='lat' dir='ltr'><strong>semper</strong></span> <span class='ocrx_word' id='word_1_227' title='bbox 944 3129 1120 3206; x_wconf 78' lang='lat' dir='ltr'><strong>hugrrstum</strong></span> <span class='ocrx_word' id='word_1_228' title='bbox 1135 3133 1168 3190; x_wconf 92' lang='lat' dir='ltr'><strong>et</strong></span> <span class='ocrx_word' id='word_1_229' title='bbox 1180 3126 1349 3192; x_wconf 89' lang='lat' dir='ltr'><strong>Bohemiae</strong></span> 
     </span>
     <span class='ocr_line' id='line_1_28' title="bbox 152 3225 1349 3308; baseline -0.001 -17"><span class='ocrx_word' id='word_1_230' title='bbox 152 3246 269 3308; x_wconf 84' lang='lat' dir='ltr'><strong>regem,</strong></span> <span class='ocrx_word' id='word_1_231' title='bbox 293 3228 343 3292; x_wconf 92' lang='lat' dir='ltr'><strong>eui</strong></span> <span class='ocrx_word' id='word_1_232' title='bbox 366 3228 534 3308; x_wconf 84' lang='lat' dir='ltr'><strong>displicere</strong></span> <span class='ocrx_word' id='word_1_233' title='bbox 551 3227 710 3308; x_wconf 81' lang='lat' dir='ltr'><strong>praelatos</strong></span> <span class='ocrx_word' id='word_1_234' title='bbox 724 3228 851 3292; x_wconf 89' lang='lat' dir='ltr'><strong>eirorcs</strong></span> <span class='ocrx_word' id='word_1_235' title='bbox 873 3225 990 3290; x_wconf 90' lang='lat' dir='ltr'><strong>dudum</strong></span> <span class='ocrx_word' id='word_1_236' title='bbox 1006 3226 1091 3307; x_wconf 90' lang='lat' dir='ltr'><strong>apud</strong></span> <span class='ocrx_word' id='word_1_237' title='bbox 1107 3245 1165 3290; x_wconf 90' lang='lat' dir='ltr'><strong>uos</strong></span> <span class='ocrx_word' id='word_1_238' title='bbox 1187 3227 1349 3305; x_wconf 76' lang='lat' dir='ltr'><strong>vulgatum</strong></span> 
     </span>
     <span class='ocr_line' id='line_1_29' title="bbox 152 3325 1349 3411; baseline -0.003 -18"><span class='ocrx_word' id='word_1_239' title='bbox 152 3335 217 3408; x_wconf 90' lang='lat' dir='ltr'><strong>est;</strong></span> <span class='ocrx_word' id='word_1_240' title='bbox 239 3349 299 3394; x_wconf 90' lang='lat' dir='ltr'><strong>nec</strong></span> <span class='ocrx_word' id='word_1_241' title='bbox 331 3329 502 3406; x_wconf 88' lang='lat' dir='ltr'><strong>immerito,</strong></span> <span class='ocrx_word' id='word_1_242' title='bbox 526 3330 552 3393; x_wconf 90' lang='lat' dir='ltr'><strong>si</strong></span> <span class='ocrx_word' id='word_1_243' title='bbox 576 3329 757 3411; x_wconf 88' lang='lat' dir='ltr'><strong>displicent,</strong></span> <span class='ocrx_word' id='word_1_244' title='bbox 784 3330 840 3393; x_wconf 89' lang='lat' dir='ltr'><strong>sed</strong></span> <span class='ocrx_word' id='word_1_245' title='bbox 873 3329 1092 3392; x_wconf 88' lang='lat' dir='ltr'><strong>executionem</strong></span> <span class='ocrx_word' id='word_1_246' title='bbox 1126 3347 1177 3391; x_wconf 88' lang='lat' dir='ltr'><strong>res</strong></span> <span class='ocrx_word' id='word_1_247' title='bbox 1201 3325 1349 3409; x_wconf 81' lang='lat' dir='ltr'><strong>requirit.</strong></span> 
     </span>
     <span class='ocr_line' id='line_1_30' title="bbox 153 3428 1351 3510; baseline -0.005 -14"><span class='ocrx_word' id='word_1_248' title='bbox 153 3431 304 3496; x_wconf 80' lang='lat' dir='ltr'><strong>Vestrum</strong></span> <span class='ocrx_word' id='word_1_249' title='bbox 337 3429 434 3510; x_wconf 78' lang='lat' dir='ltr'><strong>igitur</strong></span> <span class='ocrx_word' id='word_1_250' title='bbox 457 3429 532 3509; x_wconf 85' lang='lat' dir='ltr'><strong>erit,</strong></span> <span class='ocrx_word' id='word_1_251' title='bbox 570 3449 699 3494; x_wconf 89' lang='lat' dir='ltr'><strong>monere</strong></span> <span class='ocrx_word' id='word_1_252' title='bbox 719 3429 904 3509; x_wconf 76' lang='lat' dir='ltr'><strong>diligenter,</strong></span> <span class='ocrx_word' id='word_1_253' title='bbox 942 3428 1076 3492; x_wconf 88' lang='lat' dir='ltr'><strong>suadere</strong></span> <span class='ocrx_word' id='word_1_254' title='bbox 1099 3429 1270 3510; x_wconf 86' lang='lat' dir='ltr'><strong>sapienter,</strong></span> <span class='ocrx_word' id='word_1_255' title='bbox 1294 3446 1351 3510; x_wconf 90' lang='lat' dir='ltr'><strong>op·</strong></span> 
     </span>
     <span class='ocr_line' id='line_1_31' title="bbox 150 3529 1349 3615; baseline -0.005 -18"><span class='ocrx_word' id='word_1_256' title='bbox 150 3537 288 3615; x_wconf 92' lang='lat' dir='ltr'><strong>portnne</strong></span> <span class='ocrx_word' id='word_1_257' title='bbox 321 3536 354 3595; x_wconf 91' lang='lat' dir='ltr'><strong>et</strong></span> <span class='ocrx_word' id='word_1_258' title='bbox 376 3531 571 3611; x_wconf 89' lang='lat' dir='ltr'><strong>importune:</strong></span> <span class='ocrx_word' id='word_1_259' title='bbox 597 3550 687 3594; x_wconf 89' lang='lat' dir='ltr'><strong>sumn</strong></span> <span class='ocrx_word' id='word_1_260' title='bbox 719 3548 793 3595; x_wconf 92' lang='lat' dir='ltr'><strong>vero</strong></span> <span class='ocrx_word' id='word_1_261' title='bbox 816 3531 928 3608; x_wconf 88' lang='lat' dir='ltr'><strong>lirerit,</strong></span> <span class='ocrx_word' id='word_1_262' title='bbox 963 3548 1076 3611; x_wconf 90' lang='lat' dir='ltr'><strong>parere</strong></span> <span class='ocrx_word' id='word_1_263' title='bbox 1100 3530 1256 3608; x_wconf 89' lang='lat' dir='ltr'><strong>monenti,</strong></span> <span class='ocrx_word' id='word_1_264' title='bbox 1291 3529 1349 3607; x_wconf 90' lang='lat' dir='ltr'><strong>vel,</strong></span> 
     </span>
     <span class='ocr_line' id='line_1_32' title="bbox 148 3630 1349 3712; baseline -0.005 -15"><span class='ocrx_word' id='word_1_265' title='bbox 148 3632 175 3697; x_wconf 89' lang='lat' dir='ltr'><strong>si</strong></span> <span class='ocrx_word' id='word_1_266' title='bbox 202 3633 248 3697; x_wconf 93' lang='lat' dir='ltr'><strong>ita</strong></span> <span class='ocrx_word' id='word_1_267' title='bbox 271 3650 401 3696; x_wconf 87' lang='lat' dir='ltr'><strong>necesse</strong></span> <span class='ocrx_word' id='word_1_268' title='bbox 424 3632 537 3707; x_wconf 90' lang='lat' dir='ltr'><strong>luerit,</strong></span> <span class='ocrx_word' id='word_1_269' title='bbox 571 3632 764 3712; x_wconf 89' lang='lat' dir='ltr'><strong>requirenti,</strong></span> <span class='ocrx_word' id='word_1_270' title='bbox 801 3631 861 3694; x_wconf 93' lang='lat' dir='ltr'><strong>imo</strong></span> <span class='ocrx_word' id='word_1_271' title='bbox 886 3631 917 3694; x_wconf 89' lang='lat' dir='ltr'><strong>iu</strong></span> <span class='ocrx_word' id='word_1_272' title='bbox 944 3630 1062 3694; x_wconf 89' lang='lat' dir='ltr'><strong>virtute</strong></span> <span class='ocrx_word' id='word_1_273' title='bbox 1085 3630 1349 3695; x_wconf 89' lang='lat' dir='ltr'><strong>constitutionum</strong></span> 
     </span>
     <span class='ocr_line' id='line_1_33' title="bbox 149 3730 1351 3813; baseline -0.005 -14"><span class='ocrx_word' id='word_1_274' title='bbox 149 3741 214 3798; x_wconf 85' lang='lat' dir='ltr'><strong>tum</strong></span> <span class='ocrx_word' id='word_1_275' title='bbox 236 3733 523 3799; x_wconf 89' lang='lat' dir='ltr'><strong>ecclesiasticarum</strong></span> <span class='ocrx_word' id='word_1_276' title='bbox 547 3751 639 3813; x_wconf 91' lang='lat' dir='ltr'><strong>quam</strong></span> <span class='ocrx_word' id='word_1_277' title='bbox 662 3730 815 3810; x_wconf 89' lang='lat' dir='ltr'><strong>civilium,</strong></span> <span class='ocrx_word' id='word_1_278' title='bbox 850 3732 909 3795; x_wconf 92' lang='lat' dir='ltr'><strong>sub</strong></span> <span class='ocrx_word' id='word_1_279' title='bbox 931 3731 1140 3795; x_wconf 75' lang='lat' dir='ltr'><strong>armathematis</strong></span> <span class='ocrx_word' id='word_1_280' title='bbox 1166 3736 1198 3794; x_wconf 90' lang='lat' dir='ltr'><strong>ct</strong></span> <span class='ocrx_word' id='word_1_281' title='bbox 1218 3730 1351 3794; x_wconf 89' lang='lat' dir='ltr'><strong>aliarum</strong></span> 
     </span>
     <span class='ocr_line' id='line_1_34' title="bbox 149 3830 1351 3916; baseline -0.006 -17"><span class='ocrx_word' id='word_1_282' title='bbox 149 3853 324 3916; x_wconf 90' lang='lat' dir='ltr'><strong>poenarum</strong></span> <span class='ocrx_word' id='word_1_283' title='bbox 355 3833 613 3899; x_wconf 86' lang='lat' dir='ltr'><strong>interminatione</strong></span> <span class='ocrx_word' id='word_1_284' title='bbox 646 3832 800 3897; x_wconf 89' lang='lat' dir='ltr'><strong>adversus</strong></span> <span class='ocrx_word' id='word_1_285' title='bbox 826 3832 988 3913; x_wconf 88' lang='lat' dir='ltr'><strong>principes</strong></span> <span class='ocrx_word' id='word_1_286' title='bbox 1022 3832 1052 3895; x_wconf 93' lang='lat' dir='ltr'><strong>in</strong></span> <span class='ocrx_word' id='word_1_287' title='bbox 1087 3830 1351 3896; x_wconf 86' lang='lat' dir='ltr'><strong>exterminatione</strong></span> 
     </span>
     <span class='ocr_line' id='line_1_35' title="bbox 148 3933 1351 4015; baseline -0.007 -14"><span class='ocrx_word' id='word_1_288' title='bbox 148 3936 317 4001; x_wconf 88' lang='lat' dir='ltr'><strong>haeresmu</strong></span> <span class='ocrx_word' id='word_1_289' title='bbox 346 3934 473 3999; x_wconf 89' lang='lat' dir='ltr'><strong>desides</strong></span> <span class='ocrx_word' id='word_1_290' title='bbox 495 3934 669 4013; x_wconf 88' lang='lat' dir='ltr'><strong>editurum,</strong></span> <span class='ocrx_word' id='word_1_291' title='bbox 698 3934 835 4012; x_wconf 89' lang='lat' dir='ltr'><strong>jubenti.</strong></span> <span class='ocrx_word' id='word_1_292' title='bbox 879 3933 1051 4015; x_wconf 85' lang='lat' dir='ltr'><strong>Speraurus</strong></span> <span class='ocrx_word' id='word_1_293' title='bbox 1072 3940 1224 4003; x_wconf 88' lang='lat' dir='ltr'><strong>attamen,</strong></span> <span class='ocrx_word' id='word_1_294' title='bbox 1259 3939 1351 3994; x_wconf 82' lang='lat' dir='ltr'><strong>rev&#39;¹¹⁰</strong></span> 
     </span>
     <span class='ocr_line' id='line_1_36' title="bbox 148 4032 1349 4120; baseline -0.009 -17"><span class='ocrx_word' id='word_1_295' title='bbox 148 4037 255 4120; x_wconf 83' lang='lat' dir='ltr'><strong>pater!</strong></span> <span class='ocrx_word' id='word_1_296' title='bbox 278 4037 411 4101; x_wconf 88' lang='lat' dir='ltr'><strong>meliora</strong></span> <span class='ocrx_word' id='word_1_297' title='bbox 433 4035 648 4115; x_wconf 88' lang='lat' dir='ltr'><strong>vicinioraque</strong></span> <span class='ocrx_word' id='word_1_298' title='bbox 670 4033 784 4112; x_wconf 87' lang='lat' dir='ltr'><strong>saluti,</strong></span> <span class='ocrx_word' id='word_1_299' title='bbox 806 4052 877 4097; x_wconf 93' lang='lat' dir='ltr'><strong>cum</strong></span> <span class='ocrx_word' id='word_1_300' title='bbox 899 4039 948 4114; x_wconf 88' lang='lat' dir='ltr'><strong>et,</strong></span> <span class='ocrx_word' id='word_1_301' title='bbox 971 4033 999 4096; x_wconf 88' lang='lat' dir='ltr'><strong>si</strong></span> <span class='ocrx_word' id='word_1_302' title='bbox 1021 4032 1066 4097; x_wconf 93' lang='lat' dir='ltr'><strong>ita</strong></span> <span class='ocrx_word' id='word_1_303' title='bbox 1088 4032 1261 4113; x_wconf 91' lang='lat' dir='ltr'><strong>loquimur,</strong></span> <span class='ocrx_word' id='word_1_304' title='bbox 1284 4049 1349 4096; x_wconf 92' lang='lat' dir='ltr'><strong>nou</strong></span> 
     </span>
     <span class='ocr_line' id='line_1_37' title="bbox 148 4131 1345 4216; baseline -0.008 -11"><span class='ocrx_word' id='word_1_305' title='bbox 148 4137 322 4205; x_wconf 87' lang='lat' dir='ltr'><strong>confundat</strong></span> <span class='ocrx_word' id='word_1_306' title='bbox 343 4155 402 4202; x_wconf 91' lang='lat' dir='ltr'><strong>nos</strong></span> <span class='ocrx_word' id='word_1_307' title='bbox 424 4137 502 4200; x_wconf 88' lang='lat' dir='ltr'><strong>deus</strong></span> <span class='ocrx_word' id='word_1_308' title='bbox 525 4136 564 4200; x_wconf 89' lang='lat' dir='ltr'><strong>ab</strong></span> <span class='ocrx_word' id='word_1_309' title='bbox 581 4137 640 4201; x_wconf 92' lang='lat' dir='ltr'><strong>hac</strong></span> <span class='ocrx_word' id='word_1_310' title='bbox 663 4152 719 4216; x_wconf 90' lang='lat' dir='ltr'><strong>spe</strong></span> <span class='ocrx_word' id='word_1_311' title='bbox 747 4134 1069 4216; x_wconf 82' lang='lat' dir='ltr'><strong>velexspectationc.</strong></span> <span class='ocrx_word' id='word_1_312' title='bbox 1092 4133 1200 4198; x_wconf 84' lang='lat' dir='ltr'><strong>blittat</strong></span> <span class='ocrx_word' id='word_1_313' title='bbox 1222 4132 1291 4213; x_wconf 91' lang='lat' dir='ltr'><strong>ipse</strong></span> <span class='ocrx_word' id='word_1_314' title='bbox 1313 4131 1345 4195; x_wconf 93' lang='lat' dir='ltr'><strong>iu</strong></span> 
     </span>
     <span class='ocr_line' id='line_1_38' title="bbox 148 4232 1349 4322; baseline -0.009 -15"><span class='ocrx_word' id='word_1_315' title='bbox 148 4241 248 4307; x_wconf 90' lang='lat' dir='ltr'><strong>corda</strong></span> <span class='ocrx_word' id='word_1_316' title='bbox 261 4240 453 4322; x_wconf 88' lang='lat' dir='ltr'><strong>sapientium</strong></span> <span class='ocrx_word' id='word_1_317' title='bbox 468 4238 573 4316; x_wconf 88' lang='lat' dir='ltr'><strong>aliter,</strong></span> <span class='ocrx_word' id='word_1_318' title='bbox 597 4256 690 4318; x_wconf 88' lang='lat' dir='ltr'><strong>quam</strong></span> <span class='ocrx_word' id='word_1_319' title='bbox 713 4236 831 4300; x_wconf 88' lang='lat' dir='ltr'><strong>veritas</strong></span> <span class='ocrx_word' id='word_1_320' title='bbox 854 4255 888 4300; x_wconf 90' lang='lat' dir='ltr'><strong>se</strong></span> <span class='ocrx_word' id='word_1_321' title='bbox 904 4235 1030 4313; x_wconf 80' lang='lat' dir='ltr'><strong>habeat,</strong></span> <span class='ocrx_word' id='word_1_322' title='bbox 1055 4253 1116 4298; x_wconf 91' lang='lat' dir='ltr'><strong>nen</strong></span> <span class='ocrx_word' id='word_1_323' title='bbox 1132 4232 1204 4314; x_wconf 92' lang='lat' dir='ltr'><strong>plus</strong></span> <span class='ocrx_word' id='word_1_324' title='bbox 1225 4251 1349 4314; x_wconf 85' lang='lat' dir='ltr'><strong>sapere,</strong></span> 
     </span>
     <span class='ocr_line' id='line_1_39' title="bbox 148 4333 1353 4424; baseline -0.007 -18"><span class='ocrx_word' id='word_1_325' title='bbox 148 4350 244 4424; x_wconf 87' lang='lat' dir='ltr'><strong>quani</strong></span> <span class='ocrx_word' id='word_1_326' title='bbox 276 4346 420 4422; x_wconf 89' lang='lat' dir='ltr'><strong>oportet,</strong></span> <span class='ocrx_word' id='word_1_327' title='bbox 453 4339 510 4405; x_wconf 88' lang='lat' dir='ltr'><strong>sed</strong></span> <span class='ocrx_word' id='word_1_328' title='bbox 532 4358 647 4420; x_wconf 89' lang='lat' dir='ltr'><strong>sapere</strong></span> <span class='ocrx_word' id='word_1_329' title='bbox 681 4336 721 4403; x_wconf 90' lang='lat' dir='ltr'><strong>ad</strong></span> <span class='ocrx_word' id='word_1_330' title='bbox 743 4337 965 4414; x_wconf 80' lang='lat' dir='ltr'><strong>sobrietaten13</strong></span> <span class='ocrx_word' id='word_1_331' title='bbox 989 4335 1096 4401; x_wconf 90' lang='lat' dir='ltr'><strong>trahat</strong></span> <span class='ocrx_word' id='word_1_332' title='bbox 1118 4335 1187 4416; x_wconf 89' lang='lat' dir='ltr'><strong>ipsc</strong></span> <span class='ocrx_word' id='word_1_333' title='bbox 1210 4334 1290 4399; x_wconf 90' lang='lat' dir='ltr'><strong>tales</strong></span> <span class='ocrx_word' id='word_1_334' title='bbox 1311 4333 1353 4398; x_wconf 92' lang='lat' dir='ltr'><strong>ad</strong></span> 
     </span>
     <span class='ocr_line' id='line_1_40' title="bbox 148 4434 1352 4523; baseline -0.007 -14"><span class='ocrx_word' id='word_1_335' title='bbox 148 4462 201 4523; x_wconf 86' lang='lat' dir='ltr'><strong>se,</strong></span> <span class='ocrx_word' id='word_1_336' title='bbox 224 4441 388 4523; x_wconf 85' lang='lat' dir='ltr'><strong>captivans</strong></span> <span class='ocrx_word' id='word_1_337' title='bbox 411 4459 534 4505; x_wconf 89' lang='lat' dir='ltr'><strong>omnem</strong></span> <span class='ocrx_word' id='word_1_338' title='bbox 559 4439 758 4505; x_wconf 86' lang='lat' dir='ltr'><strong>intellectum</strong></span> <span class='ocrx_word' id='word_1_339' title='bbox 780 4436 821 4502; x_wconf 92' lang='lat' dir='ltr'><strong>ad</strong></span> <span class='ocrx_word' id='word_1_340' title='bbox 843 4436 1032 4518; x_wconf 88' lang='lat' dir='ltr'><strong>obsequium</strong></span> <span class='ocrx_word' id='word_1_341' title='bbox 1055 4434 1138 4514; x_wconf 90' lang='lat' dir='ltr'><strong>lidci,</strong></span> <span class='ocrx_word' id='word_1_342' title='bbox 1162 4441 1197 4499; x_wconf 86' lang='lat' dir='ltr'><strong>ut</strong></span> <span class='ocrx_word' id='word_1_343' title='bbox 1219 4435 1352 4500; x_wconf 89' lang='lat' dir='ltr'><strong>credaut</strong></span> 
     </span>
     <span class='ocr_line' id='line_1_41' title="bbox 146 4535 1350 4624; baseline -0.007 -14"><span class='ocrx_word' id='word_1_344' title='bbox 146 4543 219 4610; x_wconf 87' lang='lat' dir='ltr'><strong>aliis</strong></span> <span class='ocrx_word' id='word_1_345' title='bbox 241 4542 489 4624; x_wconf 88' lang='lat' dir='ltr'><strong>sapientioribus</strong></span> <span class='ocrx_word' id='word_1_346' title='bbox 511 4541 551 4606; x_wconf 91' lang='lat' dir='ltr'><strong>de</strong></span> <span class='ocrx_word' id='word_1_347' title='bbox 574 4539 725 4618; x_wconf 88' lang='lat' dir='ltr'><strong>ccclesia,</strong></span> <span class='ocrx_word' id='word_1_348' title='bbox 759 4557 839 4620; x_wconf 88' lang='lat' dir='ltr'><strong>quos</strong></span> <span class='ocrx_word' id='word_1_349' title='bbox 861 4555 926 4602; x_wconf 94' lang='lat' dir='ltr'><strong>non</strong></span> <span class='ocrx_word' id='word_1_350' title='bbox 952 4543 1001 4601; x_wconf 86' lang='lat' dir='ltr'><strong>est</strong></span> <span class='ocrx_word' id='word_1_351' title='bbox 1024 4535 1197 4618; x_wconf 89' lang='lat' dir='ltr'><strong>probabile,</strong></span> <span class='ocrx_word' id='word_1_352' title='bbox 1221 4535 1271 4600; x_wconf 93' lang='lat' dir='ltr'><strong>vel</strong></span> <span class='ocrx_word' id='word_1_353' title='bbox 1293 4535 1350 4601; x_wconf 90' lang='lat' dir='ltr'><strong>de-</strong></span> 
     </span>
     <span class='ocr_line' id='line_1_42' title="bbox 148 4636 1350 4728; baseline -0.007 -18"><span class='ocrx_word' id='word_1_354' title='bbox 148 4645 213 4728; x_wconf 84' lang='lat' dir='ltr'><strong>cipi</strong></span> <span class='ocrx_word' id='word_1_355' title='bbox 234 4661 331 4726; x_wconf 90' lang='lat' dir='ltr'><strong>posse</strong></span> <span class='ocrx_word' id='word_1_356' title='bbox 353 4643 386 4708; x_wconf 94' lang='lat' dir='ltr'><strong>iu</strong></span> <span class='ocrx_word' id='word_1_357' title='bbox 407 4648 497 4709; x_wconf 87' lang='lat' dir='ltr'><strong>tanta</strong></span> <span class='ocrx_word' id='word_1_358' title='bbox 518 4642 588 4706; x_wconf 89' lang='lat' dir='ltr'><strong>lucc</strong></span> <span class='ocrx_word' id='word_1_359' title='bbox 611 4640 684 4705; x_wconf 90' lang='lat' dir='ltr'><strong>fidoi</strong></span> <span class='ocrx_word' id='word_1_360' title='bbox 709 4658 746 4706; x_wconf 86' lang='lat' dir='ltr'><strong>ac</strong></span> <span class='ocrx_word' id='word_1_361' title='bbox 768 4639 933 4705; x_wconf 86' lang='lat' dir='ltr'><strong>doctrinae</strong></span> <span class='ocrx_word' id='word_1_362' title='bbox 955 4638 1093 4719; x_wconf 90' lang='lat' dir='ltr'><strong>positos,</strong></span> <span class='ocrx_word' id='word_1_363' title='bbox 1129 4637 1180 4701; x_wconf 89' lang='lat' dir='ltr'><strong>vel</strong></span> <span class='ocrx_word' id='word_1_364' title='bbox 1201 4636 1350 4719; x_wconf 90' lang='lat' dir='ltr'><strong>decipere</strong></span> 
     </span>
    </p>
   </div>
   <div class='ocr_carea' id='block_1_3' title="bbox 0 0 1503 5258">
    <p class='ocr_par' dir='ltr' id='par_1_4' title="bbox 0 0 1503 5258">
     <span class='ocr_line' id='line_1_43' title="bbox 0 0 1503 5258; baseline 0 0"><span class='ocrx_word' id='word_1_365' title='bbox 0 0 1503 5258; x_wconf 95' lang='lat' dir='ltr'><strong> </strong></span> 
     </span>
    </p>
   </div>
  </div>
 </body>
</html>
