2992 5258
440 425 504 482 Loci
522 425 640 495 insignes
665 440 698 480 ex
716 425 863 481 bohemicis
881 423 949 479 Husi
967 423 1050 478 libris.
1279 429 1340 494 723

150 644 242 686 sumus
258 631 444 698 timemnsque,
467 644 501 683 ne
523 627 631 683 landem
652 628 819 700 spatiumque
836 627 919 696 hujus
943 626 1035 682 mnndi
1057 626 1220 694 amittamus,
1243 628 1290 682 alii
1307 643 1341 682 ne

149 713 289 782 beneficia,
312 714 472 782 omninoque
495 713 646 780 metuimus,
670 727 704 766 ne
722 712 861 767 veritatem
883 718 992 767 tuentes
1012 711 1188 766 contumelias
1205 713 1340 768 hominum

150 804 178 852 et
195 798 355 868 supplicium
378 798 530 852 subeamus.
566 796 618 863 (De
640 797 753 851 simonia
769 797 790 864 l,
809 796 878 863 455.)

732 1001 761 1066 5.

251 1183 373 1253 Magistri
396 1182 511 1253 primum
528 1183 556 1236 in
574 1181 724 1236 sacerdotio
741 1181 870 1236 honorem
888 1187 1034 1248 sectantur,
1060 1197 1092 1235 ac
1109 1183 1159 1236 nisi
1178 1197 1225 1238 eos
1243 1183 1340 1239 adores

149 1276 286 1335 tamquam
299 1266 372 1335 deos,
385 1267 595 1334 stomachantur,
610 1275 638 1321 et
649 1266 700 1320 nisi
712 1266 745 1320 iis
758 1280 889 1320 summum
902 1265 988 1320 locum
998 1265 1070 1335 apud
1084 1281 1195 1322 coenam
1207 1268 1338 1337 assignes,

149 1353 216 1406 miro
233 1359 386 1407 tumescunt
403 1357 430 1407 et
448 1351 481 1406 de
498 1352 584 1420 primo
601 1351 629 1405 in
647 1349 746 1405 sobolis
767 1350 827 1404 loco
851 1349 965 1404 multum
982 1349 1098 1418 litigant
1135 1350 1268 1418 Equidem
1285 1353 1341 1407 scio

149 1452 231 1490 unum
250 1450 341 1490 eorunm
359 1435 557 1505 magistrorum,
581 1435 740 1490 monachum
763 1433 900 1488 Maiflrum
922 1434 1135 1502 (Mauritiumla
1158 1450 1230 1503 papa
1253 1435 1343 1491 bullas

150 1520 327 1588 impetrasse,
358 1526 389 1573 nt
404 1520 519 1588 primum
537 1525 646 1587 praeter
662 1524 768 1573 ceteros
784 1518 928 1585 magistros
945 1519 1033 1573 locum
1051 1518 1199 1586 obtineret3
1224 1524 1252 1574 et
1268 1535 1342 1575 man·

150 1602 224 1671 davit
246 1618 317 1672 papa
338 1617 388 1671 per
409 1601 512 1669 bullas,
535 1602 551 1655 i.
571 1617 593 1655 e.
612 1600 800 1667 liberandas,
826 1606 856 1654 ιιι
873 1601 898 1653 ei
921 1600 1023 1668 primus
1046 1598 1120 1655 locus
1138 1601 1342 1673 concederetnr3

149 1687 193 1741 cui
209 1685 336 1741 mandmo
348 1687 394 1754 qni
406 1700 459 1740 non
471 1686 698 1753 obtemperarent,
715 1685 748 1739 iis
761 1684 959 1753 ademptionem
970 1682 1174 1753 beneficiorum,
1199 1687 1343 1743 sacerdotii

149 1772 320 1838 omniumque
338 1771 469 1826 honorum
487 1777 515 1825 et
538 1771 838 1825 excommunicationem
862 1769 1028 1824 minabatur:
1047 1776 1232 1827 verumtamen
1255 1773 1342 1828 abiis

150 1855 200 1909 boc
217 1855 363 1922 impetrare
380 1869 434 1910 non
453 1854 549 1922 potuit
585 1853 706 1921 Namque
725 1853 800 1910 fastu
817 1852 907 1907 inflati
931 1853 1065 1908 obstinate
1083 1854 1268 1923 ‹recusabant3
1295 1856 1342 1911 ille

149 1944 240 1993 antem
269 1938 403 1992 obstinate
426 1937 620 2004 contendebat;
647 1939 737 2005 itaque
765 1937 852 1992 fastus
887 1937 1021 2004 utrimque
1045 1938 1230 1995 exercebatur.
1266 1940 1339 1995 Dicit

149 2028 240 2076 autem
258 2021 376 2076 salvator
393 2037 485 2076 amare
503 2037 549 2076 eos
567 2023 666 2090 primas
683 2018 827 2076 cathedras
845 2020 873 2074 in
891 2022 1033 2088 synagogis
1051 2029 1079 2075 et
1096 2022 1268 2091 magnificare
1280 2024 1337 2078 fim-

149 2105 224 2160 brias
250 2106 401 2160 tunicarum
422 2106 556 2172 talariam,
578 2106 738 2174 palliorum,
762 2104 950 2171 tabardorum,
973 2105 1115 2172 pallarum.
1150 2105 1222 2162 Proh
1250 2107 1343 2164 dolori

148 2190 208 2257 ipse
227 2205 333 2257 qnoque
358 2190 440 2244 habui
458 2190 525 2244 baec
543 2189 665 2256 tabarda,
688 2189 794 2244 tunicas
815 2189 916 2243 talares
939 2205 1000 2244 cum
1024 2190 1130 2245 laciniis
1148 2191 1230 2259 (alis),
1254 2193 1342 2261 pallas

149 2288 210 2328 cum
227 2274 344 2342 pellibus
356 2274 439 2341 albis;
455 2275 494 2329 ita
505 2274 576 2328 enim
593 2274 776 2340 magisterium
785 2272 853 2328 illud
871 2273 1072 2339 obstruxerunt,
1090 2281 1121 2328 ut
1134 2276 1233 2330 nemini
1252 2277 1343 2333 aditus

149 2363 251 2425 pateat,
269 2358 320 2412 nisi
338 2359 406 2413 baec
423 2358 583 2413 vestimenta
604 2357 738 2413 babuerit.
773 2357 825 2425 (De
844 2357 957 2413 simonia
974 2358 995 2423 l,
1014 2360 1083 2421 los).

733 2582 761 2644 6.

250 2761 345 2830 ltaque
370 2760 502 2817 contendo
523 2760 633 2815 difficile
658 2775 717 2814 esse
742 2761 783 2814 vel
802 2761 890 2827 potius
915 2776 1025 2828 prorsus
1050 2760 1108 2816 fieri
1132 2778 1185 2817 non
1203 2779 1292 2832 posse,
1312 2772 1343 2819 ιιι

149 2863 208 2913 nos,
227 2846 325 2914 quippe
343 2846 389 2912 qui
402 2845 471 2913 lapsi
490 2853 517 2899 et
534 2844 569 2898 ad
587 2844 714 2899 mundum
730 2845 852 2898 conversi
870 2851 950 2911 atque
969 2844 1089 2899 inclinati
1107 2846 1198 2914 simus,
1217 2848 1267 2901 has
1281 2849 1342 2904 bre·

149 2945 196 2985 ses
214 2944 309 2998 preces
333 2930 390 2983 sine
410 2936 521 2996 peccato
543 2927 699 2997 quotidiano
716 2928 934 2995 pronuntiemus3
959 2944 1065 2996 sempor
1087 2929 1168 2996 igitur
1190 2945 1343 2999 peccamus,
1445 2984 1449 3005 ,

149 3013 257 3082 quoties
280 3027 429 3082 precamur.
464 3012 596 3080 Equidem
620 3019 745 3081 peccator
772 3011 901 3066 confiteor
921 3011 1031 3080 dolens,
1058 3029 1100 3067 me
1123 3020 1233 3082 propter
1257 3030 1344 3070 meam

149 3095 363 3152 imbecillitatem
375 3096 441 3150 nihil
459 3096 486 3150 in
505 3094 594 3150 divino
605 3096 754 3150 ministerio
766 3095 885 3162 perfecte
898 3097 955 3150 sine
968 3096 1031 3149 vitio
1048 3097 1194 3165 peregisse.
1229 3094 1344 3166 Quando

150 3181 223 3235 enim
240 3181 283 3248 egi
306 3179 451 3248 quidquam
477 3179 520 3233 sel
548 3186 642 3247 „pater
659 3179 766 3233 noster“
792 3180 940 3246 credita,
966 3187 996 3233 ιιι
1018 3179 1121 3235 nullum
1139 3181 1168 3234 in
1192 3196 1234 3235 me
1253 3183 1344 3237 vitium

149 3263 252 3319 fuerit?
269 3263 422 3330 Numquam
438 3262 577 3330 prolectat
595 3263 749 3329 (Tractatus
766 3262 972 3332 deprecatione
990 3263 1033 3317 dei
1051 3264 1072 3331 l,
1090 3264 1159 3331 812.)

735 3467 764 3533 7.

251 3651 373 3706 cbristus
390 3651 418 3703 in
436 3663 513 3703 crnoe
536 3649 658 3716 pendens
675 3666 725 3717 pro
748 3650 966 3705 interfectoribus
983 3650 1089 3720 placide
1113 3659 1217 3719 patrem
1240 3655 1344 3722 rogarit

149 3735 258 3791 dicens:
287 3734 415 3799 „Dimitte
431 3733 474 3800 iis,
499 3733 642 3787 nonenim
659 3734 756 3801 scium,
779 3733 843 3801 quid
869 3733 997 3788 faciunt.“
1031 3734 1135 3790 Eodem
1159 3737 1239 3795 modo
1257 3737 1345 3793 fidelis

150 3820 213 3888 ejus
231 3825 349 3874 sectator
371 3816 453 3872 debet
475 3817 591 3872 militare
614 3824 643 3872 et
659 3819 758 3872 amoris
780 3819 877 3886 plenus
904 3819 1036 3874 submisse
1058 3819 1217 3889 supplicium
1242 3822 1345 3891 subire;

150 3905 239 3972 magis
261 3904 332 3958 enim
354 3917 445 3956 amare
470 3901 552 3957 debet
577 3903 692 3956 animam
720 3902 866 3956 adversarii
884 3919 965 3970 qnam
989 3905 1070 3957 utam
1087 3919 1163 3958 suam
1181 3911 1209 3960 st
1227 3906 1346 3961 scaeda

151 3989 366 4057 eiussbstinere
384 4003 418 4042 ne
435 3987 461 4041 ei
478 3992 607 4041 aeternae
624 3985 856 4040 condemnationis
873 3993 967 4042 auctor
985 3989 1105 4043 exsistat.
1128 3989 1172 4044 Sic
1182 3990 1264 4056 igion
1281 3990 1347 4045 mibi

150 4087 260 4141 qnoque
277 4071 411 4128 sacerdoti
429 4071 576 4139 agendum
594 4087 644 4126 vae
661 4071 726 4125 mibi
745 4077 843 4132 autem,
862 4072 913 4127 nisi
931 4072 958 4126 id
977 4072 1103 4139 fecerim,
1125 4074 1147 4127 si
1165 4073 1222 4128 fors
1238 4073 1347 4128 tulerit!

151 4156 276 4223 Namque
299 4157 369 4222 scio,
392 4156 415 4209 si
438 4155 554 4210 libenter
577 4161 691 4209 mortem
714 4154 875 4223 nobiseum,
904 4155 962 4210 fore
986 4164 1016 4213 nt
1044 4172 1170 4211 somnam
1199 4163 1346 4226 martyrum

151 4256 293 4309 assequar,
318 4242 386 4294 iram
403 4239 617 4294 adversariorum
636 4240 791 4307 opprimam,
814 4240 914 4295 bonum
932 4241 1085 4309 exemplum
1103 4241 1254 4309 exhibeam,
1276 4241 1346 4296 alios

151 4325 179 4379 in
197 4324 333 4393 probitate
350 4325 506 4380 confirmem
524 4331 552 4380 et
575 4324 693 4380 fortasse
710 4327 841 4394 patientia
865 4342 925 4381 mea
947 4327 1064 4380 animam
1081 4326 1227 4381 adversarii
1245 4325 1347 4381 salsam

151 4408 275 4475 reddam,
293 4425 362 4477 qnae
380 4409 538 4464 defensione
552 4417 579 4463 et
596 4410 765 4477 impatientia
777 4425 837 4464 msa
854 4410 961 4464 irritata
978 4410 1092 4465 forsitan
1109 4410 1344 4465 incondemuatio·

150 4507 215 4548 nom
224 4491 362 4547 incideret.
382 4493 475 4560 ltaque
485 4493 566 4547 vitam
576 4509 624 4561 pro
635 4509 666 4548 eo
679 4493 856 4561 profundens,
874 4495 897 4548 si
909 4494 1042 4549 submisse
1051 4508 1095 4547 me
1111 4509 1202 4560 geram
1213 4502 1241 4548 et
1249 4495 1347 4562 patiar,

150 4577 226 4632 bend
245 4577 300 4632 scio
319 4593 353 4631 an
371 4592 431 4632 eum
457 4579 521 4631 mibi
538 4578 652 4632 amicum
683 4577 838 4632 redditurus
856 4585 937 4646 atque
962 4577 1121 4646 profuturus
1147 4579 1196 4632 sim
1224 4585 1252 4632 et
1278 4578 1304 4630 ei
1321 4583 1349 4630 et

150 4661 218 4717 mibi
235 4667 264 4716 et
281 4663 330 4716 toti
348 4662 479 4716 ecclesiae
498 4663 623 4731 martyrio
641 4662 723 4716 claro.
743 4661 898 4728 (lractatns
916 4661 949 4717 de
968 4662 1098 4731 decalogo
1116 4662 1137 4725 1.
1158 4662 1223 4729 185.)

1151 4763 1198 4817 46*
