2992 5258
211 414 274 480 340
456 405 659 460 Controversiae
677 403 711 458 de
730 404 861 471 religione
878 404 906 456 in
921 402 1069 457 bohemia:
1089 404 1168 458 1408:

313 615 355 679 Et
377 631 435 695 ego
458 611 608 688 blichael,
639 614 733 672 natus
756 606 912 689 quondam
934 605 1057 671 Nicolai
1080 604 1120 670 de
1142 607 1318 687 Prachatic,
1334 607 1413 673 Pra-

213 717 320 799 gensis
343 713 478 778 diocesis
512 710 656 793 publicus
679 709 868 773 auctoritate
889 706 1047 788 imperiali
1080 712 1113 771 et
1134 707 1332 772 dominorum
1346 727 1416 772 ma-

214 820 403 899 gistrorum,
427 813 592 878 doctorum
615 816 649 876 et
671 809 860 875 scholarium
882 807 1101 873 uniuersitatis
1123 807 1220 872 studii
1243 808 1417 889 Pragensis

210 919 335 996 juratus
362 915 506 979 notarius
528 929 567 976 11.

313 1016 355 1079 hc
376 1031 435 1093 ego
449 1014 570 1092 Gallus,
592 1017 686 1076 uatus
701 1009 858 1090 quondam
885 1009 996 1074 Crucis
1019 1008 1058 1072 de
1082 1007 1214 1085 Woliua,
1240 1009 1414 1088 Pragensis

213 1118 350 1182 diocesis
372 1115 518 1196 publicus
540 1112 732 1177 auctoritate
754 1111 909 1192 imperiali
931 1110 1076 1175 notarius
1099 1126 1135 1172 11.

712 1281 910 1292 *-

797 1457 828 1531 6.

201 1653 453 1766 Ι(1118011111
490 1681 565 1761 pp.
605 1648 693 1732 XII
728 1649 1025 1733 fundationem
1069 1661 1112 1735 et
1147 1650 1420 1734 dotationem

253 1789 399 1873 sacelli
429 1784 683 1868 Bethlehem
713 1788 756 1867 in
788 1787 961 1868 civitate
992 1784 1201 1897 Pragensi
1230 1796 1376 1868 ratam

685 1948 776 2002 esse
800 1919 939 2028 jubet.

646 2101 746 2167 Lucae,
766 2100 839 2167 1408,
860 2103 890 2154 15
908 2099 971 2154 Mai.

215 2356 277 2419 (Ea
296 2362 364 2422 erip.
383 2355 491 2407 archivi
509 2354 698 2405 autocratore
716 2354 871 2422 Properate
894 2352 964 2407 edit.
983 2355 1013 2404 ie
1032 2352 1274 2405 Monumeatorum
1293 2356 1357 2423 ejas·

649 2447 721 2491 tomo
740 2438 783 2498 H,
797 2455 827 2507 p.
846 2434 979 2501 425-7.)
1343 2462 1348 2469 ·

714 2574 912 2583 -μ

315 2708 490 2789 Gregorius
512 2707 691 2788 episcopus,
715 2723 827 2770 servus
849 2722 1014 2769 servorum
1036 2704 1098 2784 dei,
1121 2707 1297 2774 venerabili
1311 2709 1424 2791 fratri,

214 2809 455 2891 archiepiscopo
478 2807 640 2887 Pragensi,
663 2807 798 2872 salutem
821 2811 854 2870 et
875 2806 1082 2885 apostolicam
1105 2807 1376 2877 benedictionem.

314 2909 494 2973 Humilihus
524 2914 558 2974 et
586 2907 730 2972 honestis
759 2907 937 2987 supplicum
960 2907 1059 2984 votis,
1087 2909 1121 2972 in
1142 2909 1192 2973 bis
1214 2914 1421 2991 praesertim,

214 3027 295 3090 quac
317 3008 414 3073 divini
436 3007 540 3072 cultus
561 3013 763 3087 augmentum
786 3026 823 3071 ac
844 3004 917 3071 fidei
951 3008 1128 3073 catholicae
1150 3011 1418 3091 propagationem

214 3109 428 3190 conspiciunt,
468 3109 606 3173 libenter
646 3110 830 3187 arimenum,
864 3127 964 3188 eaque
997 3108 1157 3174 favoribus
1191 3114 1421 3194 prosequimur

215 3210 414 3291 opportunis.
444 3209 596 3274 Exhibita
619 3208 775 3289 siquidem
797 3208 890 3273 nobis
914 3226 1016 3289 nuper
1039 3227 1097 3289 pro
1121 3216 1211 3291 parte
1234 3211 1346 3278 dilecti
1362 3212 1419 3278 filii

215 3309 325 3375 Crucis
347 3309 523 3387 institoris,
553 3310 630 3373 civis
654 3310 839 3389 Pragensis,
867 3309 981 3390 petitio
1008 3310 1209 3390 continebat,
1239 3313 1328 3393 quod
1343 3314 1419 3379 olim

213 3412 283 3491 ipsc
299 3418 332 3475 et
347 3408 503 3490 quondam
518 3410 537 3473 J
541 3426 659 3475 oannes
675 3410 713 3474 de
727 3410 887 3486 hiulheim,
900 3409 1000 3485 milae,
1013 3410 1145 3490 provide
1160 3412 1419 3493 considerantes

215 3510 298 3591 quod
320 3510 396 3574 licet
417 3510 448 3573 iu
474 3511 602 3574 civitate
626 3510 777 3590 Pragensi
794 3511 893 3575 multa
908 3510 976 3574 loca
1000 3511 1217 3578 ecclesiastica
1237 3515 1419 3581 existerent

216 3629 273 3693 pro
308 3628 366 3674 usu
400 3610 496 3675 divini
531 3611 635 3675 cultus
657 3610 818 3689 ordinata,
853 3611 906 3676 illa
941 3618 1045 3675 tamen
1079 3611 1315 3693 perplurimos
1337 3614 1418 3680 alios

214 3718 305 3776 actus
327 3729 435 3776 sacros
459 3710 538 3775 adeo
568 3717 817 3792 occuparentur,
845 3710 928 3791 quod
951 3712 1057 3776 nullus
1078 3713 1219 3776 locorum
1242 3714 1417 3780 eorundem

216 3811 433 3895 privilegiatus
455 3810 496 3874 ad
518 3810 763 3892 praedicationis
780 3811 867 3875 verbi
890 3811 941 3875 dei
963 3812 1172 3877 ministerium
1198 3812 1319 3878 ibidem
1345 3832 1416 3898 spe·

216 3912 340 3978 cialiter
370 3919 457 3976 osset
486 3911 671 3992 deputatus,
700 3911 757 3976 sed
784 3910 1005 3993 praedicantes
1035 3914 1067 3977 in
1091 3912 1213 3993 vulgari
1235 3912 1415 3992 Bohemioo,

216 4012 299 4095 quod
329 4012 445 4077 ibidem
474 4012 583 4076 usuale
610 4012 676 4076 sive
699 4012 844 4076 naturale
868 4012 992 4091 existit,
1016 4012 1201 4094 plerumque
1223 4030 1284 4095 per
1306 4014 1416 4081 domos

217 4121 249 4178 et
276 4113 416 4178 latebras
447 4120 638 4192 cogerentur
667 4113 824 4192 divagari3
848 4121 880 4178 et
909 4121 943 4178 ut
966 4108 1083 4178 Christi
1107 4114 1215 4178 fideles
1239 4132 1277 4180 ac
1292 4115 1416 4181 babita-

217 4221 304 4278 tores
320 4220 353 4277 et
369 4212 491 4277 incolae
507 4211 611 4278 dictae
627 4213 765 4278 civitatis
787 4212 827 4277 ad
843 4222 965 4278 certum
989 4222 1022 4278 et
1043 4214 1289 4280 determinatum
1303 4216 1416 4293 locum,

216 4316 249 4378 in
271 4312 382 4378 eadem
398 4313 527 4378 civitate
543 4314 784 4394 consistentem,
808 4315 847 4379 ad
873 4315 1063 4380 audiendum
1087 4315 1216 4380 verbum
1240 4315 1294 4381 dei
1308 4316 1417 4399 hujus·

217 4413 300 4477 modi
322 4415 389 4476 sive
411 4431 575 4479 sermones
597 4414 741 4496 publicos
764 4416 795 4478 in
821 4414 1048 4480 festivitatibus
1072 4422 1104 4481 et
1125 4415 1237 4481 diebus
1254 4417 1416 4482 consuetis

217 4514 386 4576 convenire
414 4521 560 4594 possent,
593 4514 755 4596 praelatus
785 4515 862 4579 civis
890 4516 1045 4596 quandam
1075 4534 1182 4582 aream
1204 4516 1272 4581 sive
1294 4526 1416 4583 eertum

217 4612 318 4676 locum
342 4612 381 4677 ad
397 4613 456 4678 hoc
476 4632 649 4695 congruum
673 4621 705 4679 et
721 4617 888 4681 honestum
903 4633 1003 4698 prope
1018 4616 1415 4698 parochialemeoclesiam
