2992 5258
351 358 392 412 89.
427 355 527 410 Paledll
544 353 692 409 declaratio
710 354 744 409 de
761 355 904 411 interdicto
921 355 1049 412 tollendo.
1232 359 1294 427 433

110 557 177 624 ideo
209 557 382 625 monitione
415 557 523 624 habita
553 576 651 641 super
673 576 729 624 eos
751 559 790 625 do
813 559 1032 639 restitutione,
1063 564 1097 625 et
1117 576 1181 624 non
1202 557 1297 638 facta,

110 657 214 740 posuit
239 658 461 737 interdictum
483 678 567 724 nunc
589 668 695 726 autem
718 661 830 724 melius
855 659 1055 740 informatus,
1081 662 1154 742 quia
1176 662 1236 727 boc
1258 659 1297 726 de

109 758 253 826 mmmm
274 759 361 840 regis
381 758 543 838 iecerunt,
569 761 751 826 nonhabet
773 760 819 825 eis
842 777 901 841 pro
923 760 1023 840 malo,
1046 779 1106 827 uec
1129 760 1169 827 de
1190 761 1296 843 aliquo

109 875 160 925 eos
182 859 340 943 inculpat;
363 868 396 925 et
417 860 510 942 culpa
531 876 595 925 non
611 861 779 939 existente,
801 860 1006 926 interdictum
1029 878 1092 925 non
1115 879 1225 927 verum
1239 860 1297 926 sed

108 965 308 1040 praetensum
328 959 396 1025 fuit.
425 960 506 1026 Item
527 979 566 1024 ex
589 978 626 1025 eo
649 965 683 1025 et
704 977 762 1042 pro
786 976 823 1025 eo
846 959 1049 1027 interdictum
1070 960 1130 1028 fuit
1146 968 1293 1043 praeten-

105 1076 182 1140 sum,
205 1060 279 1142 quia
300 1060 378 1126 ordo
404 1061 437 1125 in
460 1076 613 1142 processu
634 1077 699 1125 non
721 1065 772 1124 est
793 1067 948 1125 servatus.
993 1061 1070 1126 Post
1091 1062 1297 1128 monitionem

104 1161 187 1227 onim
213 1163 397 1227 canonicam
419 1160 581 1226 debebant
603 1161 692 1242 sequi
725 1162 1022 1241 excommunicatio,
1052 1164 1235 1244 aggravatio
1266 1171 1299 1229 et

100 1262 324 1344 resggravatio
340 1280 398 1345 per
420 1262 525 1342 aliqua
547 1261 716 1327 intervalla
737 1261 929 1341 continuata,
953 1270 986 1327 et
1007 1268 1119 1344 postea
1134 1268 1295 1331 conturna·

97 1363 148 1427 cia
164 1367 331 1428 crescente
342 1362 453 1427 debuit
474 1361 549 1444 poni
564 1360 781 1426 interdictum:
804 1379 887 1426 nunc
901 1370 1007 1429 autem
1029 1362 1168 1428 dimissis
1183 1364 1297 1429 mediis

93 1462 247 1528 omnibus
270 1462 310 1529 sd
332 1470 505 1529 extremam
521 1480 655 1545 poenam
671 1461 808 1540 devenit,
832 1463 1035 1528 interdictum
1057 1463 1200 1530 faciendo
1212 1465 1295 1547 juris

90 1562 213 1628 ordine
235 1581 298 1628 non
321 1572 458 1630 servato.
488 1563 525 1628 lt.
551 1563 626 1628 boni
647 1561 786 1644 pastoris
809 1569 867 1641 est,
891 1563 1034 1645 exemplo
1057 1563 1185 1645 Christi,
1208 1583 1297 1631 occa·

86 1663 222 1728 sionem
243 1663 440 1744 abstrahere,
466 1670 616 1746 quantum
639 1663 670 1726 in
693 1680 731 1728 eo
755 1670 820 1741 est,
843 1662 1053 1743 malignandi,
1076 1681 1139 1730 non
1161 1682 1296 1747 augere:

83 1778 183 1830 nuno
198 1771 307 1830 autem
322 1764 360 1829 D.
376 1764 645 1847 archiepiscopus
657 1762 815 1827 dominum
832 1769 976 1827 nostrum
991 1760 1030 1826 D.
1046 1762 1165 1845 Regem
1181 1770 1298 1830 totam·

80 1880 158 1946 que
183 1865 345 1931 civitatem
360 1866 552 1946 Progensem
575 1881 746 1945 persuum
773 1862 977 1928 interdictum
1000 1863 1040 1928 ad
1061 1864 1296 1946 malignandum

78 1971 213 2032 contra
242 1982 333 2030 suum
364 1965 483 2031 clerum
514 1964 585 2046 plus
612 1963 812 2049 provocavit,
840 1964 872 2027 in
902 1963 962 2030 hoc
993 1983 1016 2028 a
1040 1963 1150 2046 regula
1176 1965 1294 2032 Christi

75 2064 316 2130 exorbitando.
347 2064 423 2130 Ideo
446 2065 493 2145 hi,
516 2063 570 2146 qui
592 2063 828 2142 officiaverunt‚
851 2063 911 2128 boc
933 2071 1118 2134 senserunt.
1141 2082 1240 2147 seque
1261 2072 1295 2132 et

73 2165 177 2230 alios
192 2166 339 2232 volentes
354 2185 373 2230 a
387 2165 539 2248 periculis
552 2182 771 2248 praeservare,
793 2181 857 2228 non
883 2163 913 2228 in
942 2172 1134 2231 contemtum
1152 2167 1294 2246 clavium,

72 2265 203 2331 officia
217 2264 324 2332 divina
338 2272 561 2332 exercuerunt.
584 2266 622 2330 It.
638 2265 677 2329 Ι).
699 2264 939 2346 Archiepiscopi
963 2283 1025 2329 non
1040 2265 1175 2331 interest
1189 2265 1294 2332 decla·

69 2381 177 2446 rare,
193 2363 371 2432 officiantes
387 2360 532 2448 tempore
549 2366 712 2449 praetensi
727 2365 890 2431 interdicti
906 2365 1099 2447 profanasse,
1116 2366 1173 2432 sed
1185 2365 1292 2449 judex,

68 2466 128 2532 ad
163 2483 259 2547 quem
291 2467 414 2533 exstitit
442 2465 654 2548 appellatum3
684 2465 737 2546 qui
766 2465 835 2530 siue
865 2464 961 2530 dubio
990 2485 1029 2532 ex
1055 2467 1159 2532 causis
1181 2466 1291 2549 primis

74 2563 220 2632 rlnabus
252 2566 461 2648 appellationi
484 2566 670 2644 deferendo,
704 2583 759 2630 eos
787 2584 849 2631 non
872 2566 1072 2647 profanasse,
1106 2566 1163 2632 sed
1184 2565 1291 2632 debite

80 2665 278 2752 appellasse
310 2666 498 2733 declararet.
542 2666 647 2731 Etiam
682 2685 719 2730 ex
749 2665 868 2731 eisdem
900 2667 1005 2731 causis
1034 2667 1144 2748 primis
1170 2665 1293 2731 duabus

85 2765 128 2833 l).
154 2767 425 2851 archiepiscopus
455 2767 690 2833 rationabiliter
711 2772 820 2848 potest
839 2765 965 2831 deferre
987 2767 1208 2850 appellationi;
1230 2784 1292 2848 quo

93 2876 187 2948 acto,
211 2868 317 2934 nullus
338 2867 547 2934 officiantium
569 2866 758 2950 profanavit,
786 2866 843 2932 sed
866 2867 925 2931 sub
945 2863 1161 2948 appellatione
1183 2873 1294 2932 sancto

100 2976 123 3038 =t
143 2969 238 3053 jnsra
258 2969 494 3035 rationabiliter
509 2968 712 3034 celebravit.“
