2992 5258
714 356 853 428 Epistulae
872 358 988 428 scriptae

816 571 881 647 30.
960 581 962 585 ‘

696 760 734 843 Ε
767 763 782 845 i
817 759 847 842 d
880 790 979 844 em.

258 975 424 1030 Certama'aia
441 985 539 1030 contra
556 975 734 1030 eubecaram
749 976 869 1046 suscepti
887 992 989 1029 caueae
1006 978 1220 1046 exposcitasque
1237 980 1370 1048 inprimis
1384 996 1446 1033 eea·

255 1061 370 1113 tentiam
388 1078 461 1122 ,mon
475 1069 592 1129 peceant
610 1061 730 1113 inveniri
745 1061 788 1113 vel
805 1061 871 1114 dori
896 1075 980 1129 super
1002 1069 1106 1112 terram
1124 1061 1177 1115 alta·
1193 1063 1264 1116 tolca
1281 1079 1448 1119 successores
1467 1100 1472 1117 .

456 1160 540 1211 qaam
556 1159 638 1212 papa
655 1160 716 1196 cum
733 1142 946 1198 cardinalibae‘
964 1144 1067 1197 acrem
1083 1146 1240 1215 impugnat.

799 1312 894 1380 (rere.)

659 1475 810 1547 „Scriptum
826 1478 865 1535 M.
881 1478 979 1535 Joann.
999 1479 1041 1533 Μο
1059 1479 1101 1534 Or.
1118 1495 1167 1548 pro
1185 1487 1249 1536 tunc
1267 1483 1394 1538 rectori.“

351 1645 550 1713 Venerabilis
572 1647 697 1713 domine
719 1652 834 1729 rector,
857 1654 949 1732 pater
971 1655 1003 1715 et
1024 1651 1176 1730 magister
1197 1650 1390 1719 reverendel

350 1746 492 1814 Schisma
512 1747 620 1832 populi
642 1764 705 1813 non
727 1747 823 1814 credo
844 1749 929 1830 quod
951 1751 1052 1832 possit
1073 1751 1181 1834 sopiri,
1211 1751 1286 1833 quia
1307 1755 1444 1837 prophe-

252 1849 328 1914 tiam
348 1846 468 1913 Christi
489 1852 617 1932 oportet
642 1848 776 1932 impleri,
812 1849 866 1930 qui
888 1868 951 1915 non
973 1853 1061 1917 venit
1081 1853 1209 1918 mittere
1231 1870 1350 1935 pacem,
1388 1853 1444 1921 sed

253 1949 399 2031 gladium,
422 1967 484 2031 quo
506 1955 636 2036 separet
657 1956 822 2033 patrema
849 1948 913 2016 filio
943 1958 977 2017 et
1007 1957 1140 2018 matrem
1173 1972 1192 2018 a
1223 1952 1288 2019 filia
1320 1974 1372 2035 zt.;
1415 1962 1448 2021 et

252 2051 421 2134 prophetia
437 2050 527 2117 Pauli
549 2048 640 2131 dicit,
674 2050 757 2132 quod
779 2069 842 2116 non
865 2053 1132 2120 consummabitur
1152 2051 1234 2120 filius
1257 2054 1449 2139 iniquitatis,

252 2152 354 2218 donec
374 2152 499 2217 venerit
520 2151 639 2217 scissio.
673 2151 723 2217 De
744 2151 872 2218 iufamia
893 2153 978 2234 regis
1001 2158 1034 2218 et
1055 2155 1154 2236 regni,
1176 2153 1204 2218 si
1227 2172 1283 2218 rex
1305 2154 1368 2219 erit
1389 2155 1447 2220 bo-

251 2270 311 2317 nus
332 2257 366 2318 et
387 2252 566 2333 regnicolas
588 2251 691 2317 saltim
703 2251 828 2333 quidam
844 2251 917 2317 dum
933 2259 1027 2318 amnt
1042 2254 1125 2335 boni,
1148 2253 1352 2336 quidnobis?
1374 2273 1447 2321 cum

251 2351 396 2418 Christus
417 2370 476 2436 per
496 2353 663 2418 maximam
685 2353 781 2418 viavit
801 2353 961 2419 infamiam
983 2372 1053 2419 cum
1075 2354 1141 2420 suis
1173 2354 1293 2436 electis,
1326 2355 1444 2437 quibus

251 2450 343 2519 dixit:
365 2451 494 2535 Absque
515 2451 685 2536 synagogis
707 2450 823 2518 facient
844 2471 899 2519 ros
923 2458 955 2519 et
986 2458 1088 2520 morte
1109 2451 1250 2519 afficient
1281 2473 1320 2520 ex
1341 2454 1444 2537 vobis,

253 2552 420 2620 credentes
442 2570 478 2619 se
500 2553 686 2636 obsequium
707 2558 872 2637 praestare
894 2554 969 2630 deo;
1013 2561 1048 2621 et
1076 2554 1166 2620 eritis
1198 2553 1270 2620 odio
1300 2555 1447 2622 omnibus

251 2653 417 2720 homnibus
452 2659 863 2737 propteraomenmenn13
899 2656 1067 2722 trademini
1089 2656 1316 2740 aparentibus
1339 2662 1373 2723 et
1394 2670 1447 2723 co·-

251 2757 364 2837 gnatie.
408 2755 499 2834 Quod
532 2760 582 2821 est
613 2756 694 2839 plus,
728 2773 821 2836 quam
842 2756 908 2840 pati
930 2776 950 2823 a
971 2755 1128 2823 Stanislao
1161 2755 1211 2821 rel
1232 2756 1355 2823 Palecn.
1397 2754 1446 2825 De

250 2856 383 2923 victoria
404 2860 517 2923 autem
531 2875 602 2922 mea
623 2855 699 2921 nihil
722 2855 762 2921 ad
783 2856 895 2922 famam
918 2857 1033 2937 seculi,
1056 2857 1130 2939 quia
1150 2856 1226 2936 scio,
1249 2855 1333 2939 quod
1348 2857 1447 2924 vincit

251 2956 304 3038 qui
327 2956 489 3022 occiditur.
532 2956 699 3021 Materiam
722 2962 828 3022 autom
850 2956 1026 3024 discordiae
1049 2958 1152 3023 scitis:
1174 2957 1277 3039 prima
1298 2963 1348 3025 est
1369 2974 1444 3024 con·

252 3056 410 3122 demnatio
431 3055 653 3134 articulorum;
683 3056 830 3138 secunda,
854 3062 889 3122 ut
910 3057 1053 3138 audistis,
1081 3056 1351 3138 indulgentiarum
1373 3074 1447 3143 spo·

250 3157 351 3236 liatio;
381 3163 415 3223 et
431 3156 496 3239 jhm
518 3155 724 3240 superaddita
757 3163 807 3223 est
838 3158 935 3222 tertia
966 3157 998 3222 in
1033 3157 1164 3223 consilio
1186 3157 1444 3225 Pharisaeorum:

251 3258 351 3339 primo
374 3258 406 3322 in
427 3256 490 3322 isto
513 3261 639 3340 puncto,
666 3256 750 3337 qnod
773 3274 831 3338 ego
854 3275 926 3322 oum
947 3257 1204 3340 praedicantibus
1227 3259 1324 3324 simus
1342 3257 1447 3325 cleros

251 3359 432 3442 pestiferos,
460 3375 572 3423 errans
604 3357 688 3423 circa
716 3363 930 3437 sacramenta;
963 3356 1101 3423 secundo
1135 3357 1167 3421 in
1189 3356 1252 3423 isto
1283 3357 1446 3425 haeretico

251 3459 351 3527 dicto:
373 3459 444 3525 Non
465 3463 600 3542 possunt
620 3458 755 3523 inveniri
778 3457 827 3523 vel
849 3456 917 3524 dari
940 3475 1037 3540 super
1059 3463 1177 3524 terram
1199 3458 1253 3523 alii
1276 3457 1358 3524 tales
1375 3475 1445 3525 suc·

250 3576 403 3639 cessores,
440 3576 533 3640 quam
559 3576 641 3641 papa
662 3558 802 3623 existens
830 3565 932 3641 caput,
969 3564 1003 3624 et
1037 3557 1204 3640 collegium
1239 3556 1446 3624 cardinalium

250 3660 391 3725 existens
413 3675 528 3742 corpus
550 3658 703 3724 ecclesiae
718 3659 894 3739 Romanae3
917 3655 1018 3726 tertio
1034 3659 1068 3724 in
1089 3659 1151 3724 isto
1173 3666 1290 3742 puncto
1306 3658 1444 3726 oonmlii:

250 3761 337 3843 Papa
358 3767 408 3826 est
430 3764 541 3842 caput,
574 3774 690 3841 corpus
722 3776 797 3824 vero
820 3759 987 3841 collegium
1020 3757 1234 3840 cardinalium,
1269 3759 1444 3824 existentes

251 3859 409 3926 manifesti
430 3861 497 3925 veri
520 3877 721 3926 successores
743 3861 896 3943 principis
917 3860 1147 3944 apostolorum3
1190 3865 1304 3942 quarto
1326 3858 1358 3925 in
1381 3858 1444 3925 isto

252 3966 381 4045 puncto:
416 3960 490 4026 Sedi
519 3960 722 4043 apostolicae,
744 3961 763 4025 i.
787 3979 814 4026 e.
836 3977 937 4046 papae
960 3980 1030 4026 cum
1052 3959 1263 4027 cardinalibus
1284 3959 1444 4027 Romam

252 4061 405 4128 ecclesiae
427 4066 461 4126 et
483 4061 634 4143 praelatis
656 4068 705 4127 est
726 4061 935 4128 obediendum
957 4062 989 4126 in
1011 4059 1155 4126 omnibus
1185 4060 1443 4142 quibuscumque,

252 4163 304 4229 ubi
326 4182 389 4229 non
411 4161 598 4246 prohibetur
619 4180 732 4244 purum
754 4163 880 4243 bonurn,
902 4162 952 4228 vel
975 4161 1169 4244 praecipitur
1190 4179 1304 4244 purum
1315 4158 1443 4225 malum

250 4262 342 4328 Unde
364 4262 405 4329 de
426 4263 529 4344 gratia
550 4261 602 4327 dei
620 4279 724 4345 spero,
748 4262 831 4343 quod
853 4280 1020 4343 numquam
1042 4267 1107 4327 tam
1128 4261 1227 4327 malos
1249 4276 1377 4327 errores
1393 4277 1442 4326 se-

173 4378 176 4383 ·
250 4363 367 4427 minari
388 4381 447 4428 nec
476 4362 646 4428 seminabo.
690 4360 771 4439 Quid
803 4362 886 4427 enirn
918 4368 1025 4445 potest
1057 4361 1190 4445 amplius
1222 4360 1330 4427 extolli
1353 4360 1443 4426 Anti·

250 4464 386 4529 christus
408 4482 506 4545 super
528 4480 620 4527 omne
642 4460 726 4543 quod
756 4461 873 4527 dicitur
895 4462 988 4537 deus,
1022 4462 1041 4526 i.
1064 4481 1090 4526 e.
1114 4479 1213 4545 super
1235 4462 1388 4527 deitatem
1410 4465 1444 4525 et

249 4563 473 4628 humanitatem
503 4562 630 4641 Christi,
660 4580 751 4643 quam
774 4561 890 4644 dicero,
913 4562 996 4643 qnod
1019 4581 1080 4626 non
1114 4568 1222 4644 potest
1254 4561 1332 4625 deors
1364 4560 1440 4625 dare
