<?xml version="1.0" encoding="UTF-8"?>
<!DOCTYPE html PUBLIC "-//W3C//DTD XHTML 1.0 Transitional//EN"
    "http://www.w3.org/TR/xhtml1/DTD/xhtml1-transitional.dtd">
<html xmlns="http://www.w3.org/1999/xhtml" xml:lang="en" lang="en">
 <head>
  <title>
</title>
<meta http-equiv="Content-Type" content="text/html;charset=utf-8" />
  <meta name='ocr-system' content='tesseract 3.04.00' />
  <meta name='ocr-capabilities' content='ocr_page ocr_carea ocr_par ocr_line ocrx_word'/>
</head>
<body>
  <div class='ocr_page' id='page_1' title='image "./documentamagjoa00palagoog_0760.png"; bbox 0 0 2992 5258; ppageno 0'>
   <div class='ocr_carea' id='block_1_1' title="bbox 146 371 1061 452">
    <p class='ocr_par' dir='ltr' id='par_1_1' title="bbox 146 371 1061 452">
     <span class='ocr_line' id='line_1_1' title="bbox 146 371 1061 452; baseline -0.02 2"><span class='ocrx_word' id='word_1_1' title='bbox 146 371 147 374; x_wconf 8' lang='grc' dir='ltr'><strong>Ἴ</strong></span> <span class='ocrx_word' id='word_1_2' title='bbox 222 385 283 452; x_wconf 71' lang='lat'>732</span> <span class='ocrx_word' id='word_1_3' title='bbox 669 386 888 442; x_wconf 80' lang='lat' dir='ltr'>additamentum</span> <span class='ocrx_word' id='word_1_4' title='bbox 907 388 950 441; x_wconf 90' lang='lat' dir='ltr'>lV.</span> <span class='ocrx_word' id='word_1_5' title='bbox 1055 394 1061 400; x_wconf 86' lang='grc'>·</span> 
     </span>
    </p>
   </div>
   <div class='ocr_carea' id='block_1_2' title="bbox 224 591 1416 974">
    <p class='ocr_par' dir='ltr' id='par_1_2' title="bbox 224 591 1416 974">
     <span class='ocr_line' id='line_1_2' title="bbox 224 591 1416 673; baseline 0.003 -24"><span class='ocrx_word' id='word_1_6' title='bbox 224 606 325 651; x_wconf 83' lang='lat' dir='ltr'>sacrae</span> <span class='ocrx_word' id='word_1_7' title='bbox 354 592 519 665; x_wconf 81' lang='lat' dir='ltr'>theologiae</span> <span class='ocrx_word' id='word_1_8' title='bbox 548 593 685 652; x_wconf 89' lang='lat' dir='ltr'>doctores</span> <span class='ocrx_word' id='word_1_9' title='bbox 713 599 743 651; x_wconf 91' lang='lat' dir='ltr'>et</span> <span class='ocrx_word' id='word_1_10' title='bbox 770 594 901 653; x_wconf 76' lang='lat' dir='ltr'>ioannes</span> <span class='ocrx_word' id='word_1_11' title='bbox 930 592 1001 653; x_wconf 82' lang='lat' dir='ltr'>Hus,</span> <span class='ocrx_word' id='word_1_12' title='bbox 1017 595 1078 667; x_wconf 88' lang='lat' dir='ltr'>jam</span> <span class='ocrx_word' id='word_1_13' title='bbox 1114 594 1221 653; x_wconf 69' lang='lat' dir='ltr'>mtium</span> <span class='ocrx_word' id='word_1_14' title='bbox 1255 591 1416 673; x_wconf 84' lang='lat' dir='ltr'>magister),</span> 
     </span>
     <span class='ocr_line' id='line_1_3' title="bbox 224 690 1414 767; baseline 0.004 -20"><span class='ocrx_word' id='word_1_15' title='bbox 224 690 323 749; x_wconf 88' lang='lat' dir='ltr'>audita</span> <span class='ocrx_word' id='word_1_16' title='bbox 353 691 499 765; x_wconf 80' lang='lat' dir='ltr'>legatione</span> <span class='ocrx_word' id='word_1_17' title='bbox 526 692 563 750; x_wconf 91' lang='lat' dir='ltr'>de</span> <span class='ocrx_word' id='word_1_18' title='bbox 591 694 790 751; x_wconf 77' lang='lat' dir='ltr'>abstractione</span> <span class='ocrx_word' id='word_1_19' title='bbox 819 691 1004 752; x_wconf 89' lang='lat' dir='ltr'>obedientiae</span> <span class='ocrx_word' id='word_1_20' title='bbox 1042 694 1079 753; x_wconf 95' lang='lat' dir='ltr'>ab</span> <span class='ocrx_word' id='word_1_21' title='bbox 1101 700 1225 767; x_wconf 86' lang='lat' dir='ltr'>utroque</span> <span class='ocrx_word' id='word_1_22' title='bbox 1259 701 1414 764; x_wconf 85' lang='lat' dir='ltr'>praetenso</span> 
     </span>
     <span class='ocr_line' id='line_1_4' title="bbox 224 789 1415 872; baseline 0.003 -24"><span class='ocrx_word' id='word_1_23' title='bbox 224 807 308 863; x_wconf 85' lang='lat' dir='ltr'>papa,</span> <span class='ocrx_word' id='word_1_24' title='bbox 337 792 474 850; x_wconf 86' lang='lat' dir='ltr'>Bohemis</span> <span class='ocrx_word' id='word_1_25' title='bbox 504 792 696 863; x_wconf 78' lang='lat' dir='ltr'>placentibus,</span> <span class='ocrx_word' id='word_1_26' title='bbox 727 794 791 852; x_wconf 87' lang='lat' dir='ltr'>aliis</span> <span class='ocrx_word' id='word_1_27' title='bbox 820 793 986 852; x_wconf 80' lang='lat' dir='ltr'>cahonibus</span> <span class='ocrx_word' id='word_1_28' title='bbox 1017 793 1241 866; x_wconf 82' lang='lat' dir='ltr'>displicentibus</span> <span class='ocrx_word' id='word_1_29' title='bbox 1273 789 1354 872; x_wconf 80' lang='lat' dir='ltr'>(ric),</span> <span class='ocrx_word' id='word_1_30' title='bbox 1374 794 1415 852; x_wconf 93' lang='lat' dir='ltr'>in·</span> 
     </span>
     <span class='ocr_line' id='line_1_5' title="bbox 224 891 1414 974; baseline 0.002 -26"><span class='ocrx_word' id='word_1_31' title='bbox 224 891 399 950; x_wconf 85' lang='lat' dir='ltr'>victissimus</span> <span class='ocrx_word' id='word_1_32' title='bbox 411 891 602 953; x_wconf 89' lang='lat' dir='ltr'>Wenceslaus</span> <span class='ocrx_word' id='word_1_33' title='bbox 611 894 809 952; x_wconf 90' lang='lat' dir='ltr'>Romanorum</span> <span class='ocrx_word' id='word_1_34' title='bbox 825 900 855 952; x_wconf 89' lang='lat' dir='ltr'>et</span> <span class='ocrx_word' id='word_1_35' title='bbox 870 893 1026 953; x_wconf 84' lang='lat' dir='ltr'>Bohemiae</span> <span class='ocrx_word' id='word_1_36' title='bbox 1042 912 1095 954; x_wconf 86' lang='lat' dir='ltr'>rex</span> <span class='ocrx_word' id='word_1_37' title='bbox 1110 894 1215 956; x_wconf 89' lang='lat' dir='ltr'>eodem</span> <span class='ocrx_word' id='word_1_38' title='bbox 1231 893 1279 954; x_wconf 90' lang='lat' dir='ltr'>die</span> <span class='ocrx_word' id='word_1_39' title='bbox 1296 891 1351 974; x_wconf 81' lang='lat' dir='ltr'>(to</span> <span class='ocrx_word' id='word_1_40' title='bbox 1366 895 1414 955; x_wconf 83' lang='lat' dir='ltr'>la·</span> 
     </span>
    </p>
   </div>
   <div class='ocr_carea' id='block_1_3' title="bbox 225 992 1427 4694">
    <p class='ocr_par' dir='ltr' id='par_1_3' title="bbox 225 992 1419 1677">
     <span class='ocr_line' id='line_1_6' title="bbox 225 992 1415 1068; baseline 0.002 -20"><span class='ocrx_word' id='word_1_41' title='bbox 225 992 332 1064; x_wconf 86' lang='lat' dir='ltr'>nuorii)</span> <span class='ocrx_word' id='word_1_42' title='bbox 353 999 415 1052; x_wconf 90' lang='lat' dir='ltr'>tres</span> <span class='ocrx_word' id='word_1_43' title='bbox 441 1009 527 1051; x_wconf 91' lang='lat' dir='ltr'>voces</span> <span class='ocrx_word' id='word_1_44' title='bbox 549 994 586 1052; x_wconf 87' lang='lat' dir='ltr'>ad</span> <span class='ocrx_word' id='word_1_45' title='bbox 608 994 702 1051; x_wconf 89' lang='lat' dir='ltr'>instar</span> <span class='ocrx_word' id='word_1_46' title='bbox 724 995 903 1053; x_wconf 85' lang='lat' dir='ltr'>Purisiensis</span> <span class='ocrx_word' id='word_1_47' title='bbox 931 995 1140 1064; x_wconf 86' lang='lat' dir='ltr'>universitatis,</span> <span class='ocrx_word' id='word_1_48' title='bbox 1170 995 1208 1053; x_wconf 93' lang='lat' dir='ltr'>ad</span> <span class='ocrx_word' id='word_1_49' title='bbox 1230 997 1315 1068; x_wconf 87' lang='lat' dir='ltr'>cnjus</span> <span class='ocrx_word' id='word_1_50' title='bbox 1338 994 1415 1052; x_wconf 90' lang='lat' dir='ltr'>simi·</span> 
     </span>
     <span class='ocr_line' id='line_1_7' title="bbox 225 1090 1415 1168; baseline 0.001 -18"><span class='ocrx_word' id='word_1_51' title='bbox 225 1090 375 1151; x_wconf 89' lang='lat' dir='ltr'>litudinem</span> <span class='ocrx_word' id='word_1_52' title='bbox 402 1094 560 1167; x_wconf 86' lang='lat' dir='ltr'>Pragensis</span> <span class='ocrx_word' id='word_1_53' title='bbox 593 1095 768 1153; x_wconf 81' lang='lat' dir='ltr'>universitas</span> <span class='ocrx_word' id='word_1_54' title='bbox 801 1102 846 1153; x_wconf 89' lang='lat' dir='ltr'>est</span> <span class='ocrx_word' id='word_1_55' title='bbox 868 1093 996 1166; x_wconf 87' lang='lat' dir='ltr'>fundata,</span> <span class='ocrx_word' id='word_1_56' title='bbox 1026 1095 1189 1168; x_wconf 89' lang='lat' dir='ltr'>largissime</span> <span class='ocrx_word' id='word_1_57' title='bbox 1213 1095 1342 1154; x_wconf 63' lang='lat' dir='ltr'>domerh-</span> <span class='ocrx_word' id='word_1_58' title='bbox 1372 1093 1415 1152; x_wconf 83' lang='lat' dir='ltr'>Ex</span> 
     </span>
     <span class='ocr_line' id='line_1_8' title="bbox 226 1195 1418 1267; baseline 0.001 -17"><span class='ocrx_word' id='word_1_59' title='bbox 226 1196 308 1266; x_wconf 89' lang='lat' dir='ltr'>cujus</span> <span class='ocrx_word' id='word_1_60' title='bbox 337 1195 494 1254; x_wconf 87' lang='lat' dir='ltr'>donatione</span> <span class='ocrx_word' id='word_1_61' title='bbox 531 1212 631 1254; x_wconf 89' lang='lat' dir='ltr'>omnes</span> <span class='ocrx_word' id='word_1_62' title='bbox 672 1195 806 1254; x_wconf 87' lang='lat' dir='ltr'>turbatae</span> <span class='ocrx_word' id='word_1_63' title='bbox 834 1202 901 1254; x_wconf 91' lang='lat' dir='ltr'>suut</span> <span class='ocrx_word' id='word_1_64' title='bbox 928 1202 1047 1255; x_wconf 81' lang='lat' dir='ltr'>exterae</span> <span class='ocrx_word' id='word_1_65' title='bbox 1076 1197 1219 1267; x_wconf 88' lang='lat' dir='ltr'>nationes,</span> <span class='ocrx_word' id='word_1_66' title='bbox 1254 1195 1418 1254; x_wconf 89' lang='lat' dir='ltr'>nullatenus</span> 
     </span>
     <span class='ocr_line' id='line_1_9' title="bbox 228 1293 1419 1371; baseline -0.002 -19"><span class='ocrx_word' id='word_1_67' title='bbox 228 1297 393 1353; x_wconf 90' lang='lat' dir='ltr'>consentire</span> <span class='ocrx_word' id='word_1_68' title='bbox 416 1297 561 1354; x_wconf 90' lang='lat' dir='ltr'>volentes:</span> <span class='ocrx_word' id='word_1_69' title='bbox 594 1297 644 1354; x_wconf 89' lang='lat' dir='ltr'>sed</span> <span class='ocrx_word' id='word_1_70' title='bbox 668 1296 744 1355; x_wconf 87' lang='lat' dir='ltr'>facta</span> <span class='ocrx_word' id='word_1_71' title='bbox 766 1297 915 1354; x_wconf 87' lang='lat' dir='ltr'>intereos</span> <span class='ocrx_word' id='word_1_72' title='bbox 945 1297 1090 1357; x_wconf 83' lang='lat' dir='ltr'>‹habolica</span> <span class='ocrx_word' id='word_1_73' title='bbox 1112 1296 1293 1371; x_wconf 86' lang='lat' dir='ltr'>conspiratio</span> <span class='ocrx_word' id='word_1_74' title='bbox 1316 1302 1347 1353; x_wconf 88' lang='lat' dir='ltr'>et</span> <span class='ocrx_word' id='word_1_75' title='bbox 1368 1293 1419 1352; x_wconf 90' lang='lat' dir='ltr'>sub</span> 
     </span>
     <span class='ocr_line' id='line_1_10' title="bbox 227 1391 1418 1470; baseline -0.001 -19"><span class='ocrx_word' id='word_1_76' title='bbox 227 1391 296 1452; x_wconf 89' lang='lat' dir='ltr'>fidei</span> <span class='ocrx_word' id='word_1_77' title='bbox 318 1397 520 1466; x_wconf 83' lang='lat' dir='ltr'>promissione,</span> <span class='ocrx_word' id='word_1_78' title='bbox 544 1399 640 1468; x_wconf 87' lang='lat' dir='ltr'>potius</span> <span class='ocrx_word' id='word_1_79' title='bbox 664 1398 744 1455; x_wconf 87' lang='lat' dir='ltr'>exire</span> <span class='ocrx_word' id='word_1_80' title='bbox 767 1404 798 1455; x_wconf 90' lang='lat' dir='ltr'>et</span> <span class='ocrx_word' id='word_1_81' title='bbox 818 1413 971 1470; x_wconf 85' lang='lat' dir='ltr'>numquam</span> <span class='ocrx_word' id='word_1_82' title='bbox 987 1397 1111 1469; x_wconf 88' lang='lat' dir='ltr'>Pragam</span> <span class='ocrx_word' id='word_1_83' title='bbox 1133 1397 1240 1466; x_wconf 89' lang='lat' dir='ltr'>redire,</span> <span class='ocrx_word' id='word_1_84' title='bbox 1266 1411 1351 1468; x_wconf 88' lang='lat' dir='ltr'>quam</span> <span class='ocrx_word' id='word_1_85' title='bbox 1365 1393 1418 1450; x_wconf 84' lang='lat' dir='ltr'>Bo</span> 
     </span>
     <span class='ocr_line' id='line_1_11' title="bbox 226 1492 1415 1570; baseline 0.001 -20"><span class='ocrx_word' id='word_1_86' title='bbox 226 1492 327 1553; x_wconf 86' lang='lat' dir='ltr'>hamos</span> <span class='ocrx_word' id='word_1_87' title='bbox 349 1495 461 1555; x_wconf 92' lang='lat' dir='ltr'>incolas</span> <span class='ocrx_word' id='word_1_88' title='bbox 478 1498 567 1570; x_wconf 69' lang='lat' dir='ltr'>‘regni</span> <span class='ocrx_word' id='word_1_89' title='bbox 590 1499 626 1555; x_wconf 90' lang='lat' dir='ltr'>ad</span> <span class='ocrx_word' id='word_1_90' title='bbox 648 1503 710 1556; x_wconf 91' lang='lat' dir='ltr'>tres</span> <span class='ocrx_word' id='word_1_91' title='bbox 733 1513 818 1556; x_wconf 84' lang='lat' dir='ltr'>voces</span> <span class='ocrx_word' id='word_1_92' title='bbox 841 1498 1004 1566; x_wconf 89' lang='lat' dir='ltr'>admittere,</span> <span class='ocrx_word' id='word_1_93' title='bbox 1027 1499 1057 1555; x_wconf 92' lang='lat' dir='ltr'>in</span> <span class='ocrx_word' id='word_1_94' title='bbox 1081 1497 1300 1568; x_wconf 76' lang='lat' dir='ltr'>praeiudicium,</span> <span class='ocrx_word' id='word_1_95' title='bbox 1320 1499 1355 1553; x_wconf 89' lang='lat' dir='ltr'>ut</span> <span class='ocrx_word' id='word_1_96' title='bbox 1375 1493 1415 1551; x_wconf 90' lang='lat' dir='ltr'>di·</span> 
     </span>
     <span class='ocr_line' id='line_1_12' title="bbox 226 1594 1282 1677; baseline 0.005 -26"><span class='ocrx_word' id='word_1_97' title='bbox 226 1603 338 1668; x_wconf 85' lang='lat' dir='ltr'>xerunt,</span> <span class='ocrx_word' id='word_1_98' title='bbox 367 1604 396 1655; x_wconf 90' lang='lat' dir='ltr'>et</span> <span class='ocrx_word' id='word_1_99' title='bbox 420 1599 540 1655; x_wconf 90' lang='lat' dir='ltr'>aliarum</span> <span class='ocrx_word' id='word_1_100' title='bbox 563 1600 711 1657; x_wconf 85' lang='lat' dir='ltr'>nationum</span> <span class='ocrx_word' id='word_1_101' title='bbox 733 1615 898 1672; x_wconf 77' lang='lat' dir='ltr'>gravamen.</span> <span class='ocrx_word' id='word_1_102' title='bbox 924 1596 1044 1677; x_wconf 78' lang='lat' dir='ltr'>(chron.</span> <span class='ocrx_word' id='word_1_103' title='bbox 1065 1598 1146 1656; x_wconf 81' lang='lat' dir='ltr'>onio.</span> <span class='ocrx_word' id='word_1_104' title='bbox 1168 1594 1282 1675; x_wconf 72' lang='lat' dir='ltr'>Prap.)</span> 
     </span>
    </p>

    <p class='ocr_par' dir='ltr' id='par_1_4' title="bbox 226 1694 1421 2477">
     <span class='ocr_line' id='line_1_13' title="bbox 324 1694 1417 1770; baseline -0.003 -16"><span class='ocrx_word' id='word_1_105' title='bbox 324 1697 409 1754; x_wconf 83' lang='lat' dir='ltr'>Anno</span> <span class='ocrx_word' id='word_1_106' title='bbox 432 1699 534 1757; x_wconf 87' lang='lat' dir='ltr'>eodem</span> <span class='ocrx_word' id='word_1_107' title='bbox 557 1699 741 1770; x_wconf 72' lang='lat' dir='ltr'>dcccclx,</span> <span class='ocrx_word' id='word_1_108' title='bbox 771 1699 893 1758; x_wconf 90' lang='lat' dir='ltr'>sabbato</span> <span class='ocrx_word' id='word_1_109' title='bbox 917 1700 1054 1758; x_wconf 86' lang='lat' dir='ltr'>dicante</span> <span class='ocrx_word' id='word_1_110' title='bbox 1077 1697 1182 1756; x_wconf 90' lang='lat' dir='ltr'>festum</span> <span class='ocrx_word' id='word_1_111' title='bbox 1206 1694 1417 1769; x_wconf 86' lang='lat' dir='ltr'>purificationis</span> 
     </span>
     <span class='ocr_line' id='line_1_14' title="bbox 228 1775 1418 1876; baseline 0 -23"><span class='ocrx_word' id='word_1_112' title='bbox 228 1775 334 1855; x_wconf 70' lang='lat' dir='ltr'>fucatae</span> <span class='ocrx_word' id='word_1_113' title='bbox 369 1797 482 1856; x_wconf 83' lang='lat' dir='ltr'>Mariae</span> <span class='ocrx_word' id='word_1_114' title='bbox 523 1800 643 1872; x_wconf 88' lang='lat' dir='ltr'>virginis</span> <span class='ocrx_word' id='word_1_115' title='bbox 681 1801 732 1872; x_wconf 80' lang='lat'>(26</span> <span class='ocrx_word' id='word_1_116' title='bbox 769 1799 910 1876; x_wconf 61' lang='lat' dir='ltr'>ianuar),</span> <span class='ocrx_word' id='word_1_117' title='bbox 951 1799 1067 1858; x_wconf 89' lang='lat' dir='ltr'>fuerunt</span> <span class='ocrx_word' id='word_1_118' title='bbox 1099 1797 1249 1857; x_wconf 79' lang='lat' dir='ltr'>convocati</span> <span class='ocrx_word' id='word_1_119' title='bbox 1291 1794 1418 1869; x_wconf 76' lang='lat' dir='ltr'>magistri</span> 
     </span>
     <span class='ocr_line' id='line_1_15' title="bbox 226 1892 1420 1972; baseline -0.002 -19"><span class='ocrx_word' id='word_1_120' title='bbox 226 1897 424 1957; x_wconf 84' lang='lat' dir='ltr'>universitatis</span> <span class='ocrx_word' id='word_1_121' title='bbox 454 1900 543 1957; x_wconf 84' lang='lat' dir='ltr'>studii</span> <span class='ocrx_word' id='word_1_122' title='bbox 571 1898 729 1972; x_wconf 90' lang='lat' dir='ltr'>Pragensis</span> <span class='ocrx_word' id='word_1_123' title='bbox 766 1900 890 1958; x_wconf 90' lang='lat' dir='ltr'>omnium</span> <span class='ocrx_word' id='word_1_124' title='bbox 920 1905 1043 1972; x_wconf 84' lang='lat' dir='ltr'>quatuor</span> <span class='ocrx_word' id='word_1_125' title='bbox 1071 1900 1228 1958; x_wconf 84' lang='lat' dir='ltr'>nationum.</span> <span class='ocrx_word' id='word_1_126' title='bbox 1279 1895 1338 1956; x_wconf 89' lang='lat' dir='ltr'>Ubi</span> <span class='ocrx_word' id='word_1_127' title='bbox 1370 1892 1420 1952; x_wconf 92' lang='lat' dir='ltr'>fuit</span> 
     </span>
     <span class='ocr_line' id='line_1_16' title="bbox 229 1996 1420 2074; baseline -0.001 -20"><span class='ocrx_word' id='word_1_128' title='bbox 229 1996 306 2056; x_wconf 87' lang='lat' dir='ltr'>lecta</span> <span class='ocrx_word' id='word_1_129' title='bbox 339 1997 479 2070; x_wconf 84' lang='lat' dir='ltr'>quaedam</span> <span class='ocrx_word' id='word_1_130' title='bbox 513 2000 598 2058; x_wconf 88' lang='lat' dir='ltr'>litera</span> <span class='ocrx_word' id='word_1_131' title='bbox 627 2000 660 2058; x_wconf 84' lang='lat' dir='ltr'>li.</span> <span class='ocrx_word' id='word_1_132' title='bbox 683 2001 787 2072; x_wconf 83' lang='lat' dir='ltr'>Regis,</span> <span class='ocrx_word' id='word_1_133' title='bbox 827 2001 855 2058; x_wconf 92' lang='lat' dir='ltr'>in</span> <span class='ocrx_word' id='word_1_134' title='bbox 891 2017 947 2074; x_wconf 87' lang='lat' dir='ltr'>qua</span> <span class='ocrx_word' id='word_1_135' title='bbox 980 2000 1105 2067; x_wconf 81' lang='lat' dir='ltr'>urarulat,</span> <span class='ocrx_word' id='word_1_136' title='bbox 1147 1998 1225 2072; x_wconf 90' lang='lat' dir='ltr'>qnod</span> <span class='ocrx_word' id='word_1_137' title='bbox 1247 2003 1310 2056; x_wconf 90' lang='lat' dir='ltr'>tres</span> <span class='ocrx_word' id='word_1_138' title='bbox 1334 1997 1420 2055; x_wconf 88' lang='lat' dir='ltr'>natio-</span> 
     </span>
     <span class='ocr_line' id='line_1_17' title="bbox 227 2098 1421 2170; baseline -0.001 -16"><span class='ocrx_word' id='word_1_139' title='bbox 227 2113 280 2155; x_wconf 88' lang='lat' dir='ltr'>nes</span> <span class='ocrx_word' id='word_1_140' title='bbox 323 2098 500 2159; x_wconf 87' lang='lat' dir='ltr'>Teutonieac</span> <span class='ocrx_word' id='word_1_141' title='bbox 534 2101 662 2159; x_wconf 89' lang='lat' dir='ltr'>habeant</span> <span class='ocrx_word' id='word_1_142' title='bbox 688 2118 772 2159; x_wconf 89' lang='lat' dir='ltr'>unam</span> <span class='ocrx_word' id='word_1_143' title='bbox 809 2117 923 2170; x_wconf 91' lang='lat' dir='ltr'>vocem,</span> <span class='ocrx_word' id='word_1_144' title='bbox 959 2103 1039 2159; x_wconf 87' lang='lat' dir='ltr'>natio</span> <span class='ocrx_word' id='word_1_145' title='bbox 1073 2115 1142 2158; x_wconf 88' lang='lat' dir='ltr'>vero</span> <span class='ocrx_word' id='word_1_146' title='bbox 1173 2098 1334 2157; x_wconf 87' lang='lat' dir='ltr'>Bohemica</span> <span class='ocrx_word' id='word_1_147' title='bbox 1364 2102 1421 2155; x_wconf 91' lang='lat' dir='ltr'>tres</span> 
     </span>
     <span class='ocr_line' id='line_1_18' title="bbox 230 2194 1420 2270; baseline 0 -17"><span class='ocrx_word' id='word_1_148' title='bbox 230 2213 319 2256; x_wconf 84' lang='lat' dir='ltr'>rocas</span> <span class='ocrx_word' id='word_1_149' title='bbox 341 2199 455 2268; x_wconf 89' lang='lat' dir='ltr'>habeat,</span> <span class='ocrx_word' id='word_1_150' title='bbox 478 2202 562 2259; x_wconf 87' lang='lat' dir='ltr'>videl.</span> <span class='ocrx_word' id='word_1_151' title='bbox 586 2203 614 2260; x_wconf 93' lang='lat' dir='ltr'>in</span> <span class='ocrx_word' id='word_1_152' title='bbox 638 2202 828 2270; x_wconf 86' lang='lat' dir='ltr'>examinibus,</span> <span class='ocrx_word' id='word_1_153' title='bbox 856 2201 1049 2259; x_wconf 85' lang='lat' dir='ltr'>electionibus</span> <span class='ocrx_word' id='word_1_154' title='bbox 1073 2206 1103 2259; x_wconf 91' lang='lat' dir='ltr'>et</span> <span class='ocrx_word' id='word_1_155' title='bbox 1123 2199 1257 2259; x_wconf 89' lang='lat' dir='ltr'>consiliis</span> <span class='ocrx_word' id='word_1_156' title='bbox 1278 2213 1316 2259; x_wconf 74' lang='lat' dir='ltr'>ur.</span> <span class='ocrx_word' id='word_1_157' title='bbox 1341 2194 1420 2268; x_wconf 84' lang='lat' dir='ltr'>Quod</span> 
     </span>
     <span class='ocr_line' id='line_1_19' title="bbox 228 2297 1420 2373; baseline -0.002 -18"><span class='ocrx_word' id='word_1_158' title='bbox 228 2297 392 2356; x_wconf 89' lang='lat' dir='ltr'>mandatum</span> <span class='ocrx_word' id='word_1_159' title='bbox 415 2301 547 2358; x_wconf 87' lang='lat' dir='ltr'>nationes</span> <span class='ocrx_word' id='word_1_160' title='bbox 571 2308 630 2359; x_wconf 81' lang='lat' dir='ltr'>tres</span> <span class='ocrx_word' id='word_1_161' title='bbox 654 2301 814 2359; x_wconf 87' lang='lat' dir='ltr'>noluerunt</span> <span class='ocrx_word' id='word_1_162' title='bbox 836 2302 980 2373; x_wconf 85' lang='lat' dir='ltr'>aruplecti,</span> <span class='ocrx_word' id='word_1_163' title='bbox 1003 2306 1033 2359; x_wconf 91' lang='lat' dir='ltr'>et</span> <span class='ocrx_word' id='word_1_164' title='bbox 1054 2302 1092 2358; x_wconf 94' lang='lat' dir='ltr'>ob</span> <span class='ocrx_word' id='word_1_165' title='bbox 1113 2299 1189 2359; x_wconf 89' lang='lat' dir='ltr'>hanc</span> <span class='ocrx_word' id='word_1_166' title='bbox 1204 2313 1322 2358; x_wconf 85' lang='lat' dir='ltr'>causam</span> <span class='ocrx_word' id='word_1_167' title='bbox 1346 2301 1420 2368; x_wconf 78' lang='lat' dir='ltr'>post-</span> 
     </span>
     <span class='ocr_line' id='line_1_20' title="bbox 229 2398 1047 2477; baseline 0.004 -21"><span class='ocrx_word' id='word_1_168' title='bbox 229 2398 344 2456; x_wconf 89' lang='lat' dir='ltr'>modum</span> <span class='ocrx_word' id='word_1_169' title='bbox 366 2408 560 2461; x_wconf 89' lang='lat' dir='ltr'>recesserunt.</span> <span class='ocrx_word' id='word_1_170' title='bbox 583 2399 705 2473; x_wconf 71' lang='lat' dir='ltr'>(ouran</span> <span class='ocrx_word' id='word_1_171' title='bbox 729 2400 847 2462; x_wconf 78' lang='lat' dir='ltr'>Beiram.</span> <span class='ocrx_word' id='word_1_172' title='bbox 873 2401 1047 2477; x_wconf 57' lang='lat' dir='ltr'>ltrpsicnae)</span> 
     </span>
    </p>

    <p class='ocr_par' dir='ltr' id='par_1_5' title="bbox 229 2498 1427 3988">
     <span class='ocr_line' id='line_1_21' title="bbox 329 2498 1422 2575; baseline -0.005 -15"><span class='ocrx_word' id='word_1_173' title='bbox 329 2503 415 2560; x_wconf 84' lang='lat' dir='ltr'>Anno</span> <span class='ocrx_word' id='word_1_174' title='bbox 439 2503 553 2575; x_wconf 85' lang='lat' dir='ltr'>eodem,</span> <span class='ocrx_word' id='word_1_175' title='bbox 588 2503 639 2561; x_wconf 88' lang='lat' dir='ltr'>fer.</span> <span class='ocrx_word' id='word_1_176' title='bbox 664 2504 688 2561; x_wconf 89' lang='lat' dir='ltr'>V</span> <span class='ocrx_word' id='word_1_177' title='bbox 711 2505 844 2574; x_wconf 87' lang='lat' dir='ltr'>proxima</span> <span class='ocrx_word' id='word_1_178' title='bbox 866 2510 932 2574; x_wconf 89' lang='lat' dir='ltr'>post</span> <span class='ocrx_word' id='word_1_179' title='bbox 954 2501 1059 2560; x_wconf 89' lang='lat' dir='ltr'>festum</span> <span class='ocrx_word' id='word_1_180' title='bbox 1084 2500 1231 2569; x_wconf 81' lang='lat' dir='ltr'>Starrislai,</span> <span class='ocrx_word' id='word_1_181' title='bbox 1258 2498 1337 2574; x_wconf 81' lang='lat' dir='ltr'>quod</span> <span class='ocrx_word' id='word_1_182' title='bbox 1360 2503 1422 2557; x_wconf 89' lang='lat' dir='ltr'>tunc</span> 
     </span>
     <span class='ocr_line' id='line_1_22' title="bbox 229 2594 1422 2679; baseline -0.002 -21"><span class='ocrx_word' id='word_1_183' title='bbox 229 2602 369 2672; x_wconf 86' lang='lat' dir='ltr'>temporis</span> <span class='ocrx_word' id='word_1_184' title='bbox 385 2600 439 2660; x_wconf 88' lang='lat' dir='ltr'>fuit</span> <span class='ocrx_word' id='word_1_185' title='bbox 453 2609 521 2661; x_wconf 90' lang='lat' dir='ltr'>ante</span> <span class='ocrx_word' id='word_1_186' title='bbox 543 2603 715 2661; x_wconf 89' lang='lat' dir='ltr'>dominicam</span> <span class='ocrx_word' id='word_1_187' title='bbox 743 2620 799 2675; x_wconf 88' lang='lat' dir='ltr'>qua</span> <span class='ocrx_word' id='word_1_188' title='bbox 820 2603 933 2662; x_wconf 89' lang='lat' dir='ltr'>canitur</span> <span class='ocrx_word' id='word_1_189' title='bbox 949 2602 1057 2660; x_wconf 80' lang='lat' dir='ltr'>Vocem</span> <span class='ocrx_word' id='word_1_190' title='bbox 1070 2600 1263 2674; x_wconf 89' lang='lat' dir='ltr'>jocunditatis</span> <span class='ocrx_word' id='word_1_191' title='bbox 1279 2598 1314 2679; x_wconf 82' lang='grc'>(9</span> <span class='ocrx_word' id='word_1_192' title='bbox 1330 2594 1422 2673; x_wconf 76' lang='lat' dir='ltr'>hirji),</span> 
     </span>
     <span class='ocr_line' id='line_1_23' title="bbox 230 2701 1422 2776; baseline 0 -19"><span class='ocrx_word' id='word_1_193' title='bbox 230 2701 303 2759; x_wconf 90' lang='lat' dir='ltr'>hora</span> <span class='ocrx_word' id='word_1_194' title='bbox 324 2701 396 2760; x_wconf 88' lang='lat' dir='ltr'>Xlll</span> <span class='ocrx_word' id='word_1_195' title='bbox 418 2702 476 2761; x_wconf 89' lang='lat' dir='ltr'>diei</span> <span class='ocrx_word' id='word_1_196' title='bbox 498 2703 544 2762; x_wconf 90' lang='lat' dir='ltr'>vel</span> <span class='ocrx_word' id='word_1_197' title='bbox 566 2705 657 2775; x_wconf 85' lang='lat' dir='ltr'>quasi,</span> <span class='ocrx_word' id='word_1_198' title='bbox 686 2703 797 2762; x_wconf 87' lang='lat' dir='ltr'>tradita</span> <span class='ocrx_word' id='word_1_199' title='bbox 818 2709 886 2761; x_wconf 90' lang='lat' dir='ltr'>sunt</span> <span class='ocrx_word' id='word_1_200' title='bbox 915 2702 1040 2776; x_wconf 90' lang='lat' dir='ltr'>insignia</span> <span class='ocrx_word' id='word_1_201' title='bbox 1069 2708 1233 2761; x_wconf 88' lang='lat' dir='ltr'>rectoratus</span> <span class='ocrx_word' id='word_1_202' title='bbox 1255 2716 1311 2772; x_wconf 81' lang='lat' dir='ltr'>per</span> <span class='ocrx_word' id='word_1_203' title='bbox 1332 2703 1422 2757; x_wconf 80' lang='lat' dir='ltr'>recto·</span> 
     </span>
     <span class='ocr_line' id='line_1_24' title="bbox 230 2797 1421 2879; baseline -0.003 -22"><span class='ocrx_word' id='word_1_204' title='bbox 230 2816 291 2858; x_wconf 91' lang='lat' dir='ltr'>rem</span> <span class='ocrx_word' id='word_1_205' title='bbox 303 2802 500 2861; x_wconf 89' lang='lat' dir='ltr'>universitatis</span> <span class='ocrx_word' id='word_1_206' title='bbox 513 2804 600 2879; x_wconf 72' lang='lat' dir='ltr'>studii</span> <span class='ocrx_word' id='word_1_207' title='bbox 623 2804 781 2875; x_wconf 85' lang='lat' dir='ltr'>Pragensis</span> <span class='ocrx_word' id='word_1_208' title='bbox 804 2802 845 2861; x_wconf 89' lang='lat' dir='ltr'>M.</span> <span class='ocrx_word' id='word_1_209' title='bbox 861 2802 1024 2876; x_wconf 89' lang='lat' dir='ltr'>Heniugum</span> <span class='ocrx_word' id='word_1_210' title='bbox 1047 2800 1257 2872; x_wconf 86' lang='lat' dir='ltr'>Baltenhagen,</span> <span class='ocrx_word' id='word_1_211' title='bbox 1280 2799 1368 2860; x_wconf 87' lang='lat' dir='ltr'>ridel.</span> <span class='ocrx_word' id='word_1_212' title='bbox 1382 2797 1421 2856; x_wconf 90' lang='lat' dir='ltr'>si·</span> 
     </span>
     <span class='ocr_line' id='line_1_25' title="bbox 229 2900 1423 2976; baseline 0.001 -19"><span class='ocrx_word' id='word_1_213' title='bbox 229 2901 328 2974; x_wconf 89' lang='lat' dir='ltr'>gillum</span> <span class='ocrx_word' id='word_1_214' title='bbox 351 2903 549 2962; x_wconf 87' lang='lat' dir='ltr'>universitatis</span> <span class='ocrx_word' id='word_1_215' title='bbox 572 2911 604 2962; x_wconf 89' lang='lat' dir='ltr'>et</span> <span class='ocrx_word' id='word_1_216' title='bbox 626 2903 792 2973; x_wconf 86' lang='lat' dir='ltr'>matricula;</span> <span class='ocrx_word' id='word_1_217' title='bbox 818 2904 866 2976; x_wconf 88' lang='lat' dir='ltr'>qui</span> <span class='ocrx_word' id='word_1_218' title='bbox 889 2909 966 2962; x_wconf 88' lang='lat' dir='ltr'>metu</span> <span class='ocrx_word' id='word_1_219' title='bbox 988 2903 1155 2975; x_wconf 90' lang='lat' dir='ltr'>compulsus</span> <span class='ocrx_word' id='word_1_220' title='bbox 1181 2902 1305 2961; x_wconf 87' lang='lat' dir='ltr'>tradidit</span> <span class='ocrx_word' id='word_1_221' title='bbox 1327 2900 1423 2960; x_wconf 88' lang='lat' dir='ltr'>eadem</span> 
     </span>
     <span class='ocr_line' id='line_1_26' title="bbox 230 3001 1422 3077; baseline -0.002 -18"><span class='ocrx_word' id='word_1_222' title='bbox 230 3003 258 3060; x_wconf 93' lang='lat' dir='ltr'>in</span> <span class='ocrx_word' id='word_1_223' title='bbox 282 3003 367 3061; x_wconf 88' lang='lat' dir='ltr'>stuba</span> <span class='ocrx_word' id='word_1_224' title='bbox 389 3001 543 3075; x_wconf 86' lang='lat' dir='ltr'>facultatis,</span> <span class='ocrx_word' id='word_1_225' title='bbox 565 3005 769 3076; x_wconf 85' lang='lat' dir='ltr'>praesentibus</span> <span class='ocrx_word' id='word_1_226' title='bbox 793 3004 939 3077; x_wconf 79' lang='lat' dir='ltr'>magistris</span> <span class='ocrx_word' id='word_1_227' title='bbox 963 3004 1025 3061; x_wconf 88' lang='lat' dir='ltr'>f&#39;ere</span> <span class='ocrx_word' id='word_1_228' title='bbox 1049 3004 1175 3060; x_wconf 88' lang='lat' dir='ltr'>omnium</span> <span class='ocrx_word' id='word_1_229' title='bbox 1198 3008 1325 3075; x_wconf 86' lang='lat' dir='ltr'>quatuor</span> <span class='ocrx_word' id='word_1_230' title='bbox 1336 3001 1422 3061; x_wconf 86' lang='lat' dir='ltr'>natio·</span> 
     </span>
     <span class='ocr_line' id='line_1_27' title="bbox 232 3100 1421 3178; baseline -0.007 -17"><span class='ocrx_word' id='word_1_231' title='bbox 232 3120 297 3161; x_wconf 88' lang='lat' dir='ltr'>num</span> <span class='ocrx_word' id='word_1_232' title='bbox 331 3111 360 3164; x_wconf 91' lang='lat' dir='ltr'>et</span> <span class='ocrx_word' id='word_1_233' title='bbox 398 3105 529 3164; x_wconf 90' lang='lat' dir='ltr'>omnibus</span> <span class='ocrx_word' id='word_1_234' title='bbox 558 3106 725 3165; x_wconf 83' lang='lat' dir='ltr'>consulibus</span> <span class='ocrx_word' id='word_1_235' title='bbox 749 3106 868 3178; x_wconf 88' lang='lat' dir='ltr'>majoris</span> <span class='ocrx_word' id='word_1_236' title='bbox 891 3105 1017 3163; x_wconf 80' lang='lat' dir='ltr'>civitatis</span> <span class='ocrx_word' id='word_1_237' title='bbox 1047 3103 1213 3176; x_wconf 83' lang='lat' dir='ltr'>Prugensis,</span> <span class='ocrx_word' id='word_1_238' title='bbox 1244 3102 1278 3163; x_wconf 86' lang='lat' dir='ltr'>D.</span> <span class='ocrx_word' id='word_1_239' title='bbox 1303 3100 1421 3161; x_wconf 88' lang='lat' dir='ltr'>Nicolao</span> 
     </span>
     <span class='ocr_line' id='line_1_28' title="bbox 233 3199 1422 3274; baseline -0.006 -12"><span class='ocrx_word' id='word_1_240' title='bbox 233 3206 347 3262; x_wconf 90' lang='lat' dir='ltr'>notario</span> <span class='ocrx_word' id='word_1_241' title='bbox 373 3205 509 3264; x_wconf 87' lang='lat' dir='ltr'>orbariae</span> <span class='ocrx_word' id='word_1_242' title='bbox 530 3207 560 3264; x_wconf 93' lang='lat' dir='ltr'>in</span> <span class='ocrx_word' id='word_1_243' title='bbox 590 3206 741 3265; x_wconf 87' lang='lat' dir='ltr'>Montibus</span> <span class='ocrx_word' id='word_1_244' title='bbox 763 3205 894 3264; x_wconf 83' lang='lat' dir='ltr'>Chutnis.</span> <span class='ocrx_word' id='word_1_245' title='bbox 925 3206 998 3264; x_wconf 89' lang='lat' dir='ltr'>Post</span> <span class='ocrx_word' id='word_1_246' title='bbox 1019 3205 1074 3263; x_wconf 91' lang='lat' dir='ltr'>hoc</span> <span class='ocrx_word' id='word_1_247' title='bbox 1105 3202 1159 3262; x_wconf 88' lang='lat' dir='ltr'>fuit</span> <span class='ocrx_word' id='word_1_248' title='bbox 1179 3203 1257 3261; x_wconf 91' lang='lat' dir='ltr'>lecta</span> <span class='ocrx_word' id='word_1_249' title='bbox 1287 3199 1422 3274; x_wconf 86' lang='lat' dir='ltr'>quaedam</span> 
     </span>
     <span class='ocr_line' id='line_1_29' title="bbox 233 3300 1422 3380; baseline -0.006 -19"><span class='ocrx_word' id='word_1_250' title='bbox 233 3304 318 3362; x_wconf 89' lang='lat' dir='ltr'>litera</span> <span class='ocrx_word' id='word_1_251' title='bbox 340 3305 376 3366; x_wconf 91' lang='lat' dir='ltr'>D.</span> <span class='ocrx_word' id='word_1_252' title='bbox 390 3305 478 3379; x_wconf 87' lang='lat' dir='ltr'>Regis</span> <span class='ocrx_word' id='word_1_253' title='bbox 493 3307 608 3378; x_wconf 89' lang='lat' dir='ltr'>publice</span> <span class='ocrx_word' id='word_1_254' title='bbox 632 3308 661 3365; x_wconf 91' lang='lat' dir='ltr'>in</span> <span class='ocrx_word' id='word_1_255' title='bbox 686 3307 766 3366; x_wconf 90' lang='lat' dir='ltr'>curia</span> <span class='ocrx_word' id='word_1_256' title='bbox 778 3305 895 3377; x_wconf 89' lang='lat' dir='ltr'>collegii</span> <span class='ocrx_word' id='word_1_257' title='bbox 907 3304 1017 3372; x_wconf 78' lang='lat' dir='ltr'>heroli,</span> <span class='ocrx_word' id='word_1_258' title='bbox 1034 3306 1064 3362; x_wconf 93' lang='lat' dir='ltr'>in</span> <span class='ocrx_word' id='word_1_259' title='bbox 1090 3320 1147 3376; x_wconf 88' lang='lat' dir='ltr'>qua</span> <span class='ocrx_word' id='word_1_260' title='bbox 1161 3302 1282 3380; x_wconf 87' lang='lat' dir='ltr'>mandat</span> <span class='ocrx_word' id='word_1_261' title='bbox 1297 3302 1334 3360; x_wconf 87' lang='lat' dir='ltr'>l).</span> <span class='ocrx_word' id='word_1_262' title='bbox 1355 3300 1422 3369; x_wconf 74' lang='lat' dir='ltr'>Rex,</span> 
     </span>
     <span class='ocr_line' id='line_1_30' title="bbox 234 3402 1423 3478; baseline -0.007 -16"><span class='ocrx_word' id='word_1_263' title='bbox 234 3412 266 3463; x_wconf 88' lang='lat' dir='ltr'>ut</span> <span class='ocrx_word' id='word_1_264' title='bbox 291 3404 331 3464; x_wconf 85' lang='lat' dir='ltr'>M.</span> <span class='ocrx_word' id='word_1_265' title='bbox 361 3407 558 3466; x_wconf 88' lang='lat' dir='ltr'>Zdenikonem</span> <span class='ocrx_word' id='word_1_266' title='bbox 582 3409 618 3466; x_wconf 91' lang='lat' dir='ltr'>de</span> <span class='ocrx_word' id='word_1_267' title='bbox 644 3407 746 3466; x_wconf 87' lang='lat' dir='ltr'>Labun</span> <span class='ocrx_word' id='word_1_268' title='bbox 773 3408 917 3478; x_wconf 84' lang='lat' dir='ltr'>recipiant</span> <span class='ocrx_word' id='word_1_269' title='bbox 937 3407 967 3463; x_wconf 94' lang='lat' dir='ltr'>in</span> <span class='ocrx_word' id='word_1_270' title='bbox 989 3412 1133 3463; x_wconf 86' lang='lat' dir='ltr'>rectorem</span> <span class='ocrx_word' id='word_1_271' title='bbox 1156 3410 1186 3461; x_wconf 89' lang='lat' dir='ltr'>ct</span> <span class='ocrx_word' id='word_1_272' title='bbox 1217 3405 1260 3462; x_wconf 90' lang='lat' dir='ltr'>M.</span> <span class='ocrx_word' id='word_1_273' title='bbox 1283 3402 1423 3461; x_wconf 82' lang='lat' dir='ltr'>Simonem</span> 
     </span>
     <span class='ocr_line' id='line_1_31' title="bbox 235 3503 1421 3576; baseline -0.005 -14"><span class='ocrx_word' id='word_1_274' title='bbox 235 3505 271 3562; x_wconf 89' lang='lat' dir='ltr'>dc</span> <span class='ocrx_word' id='word_1_275' title='bbox 294 3506 409 3565; x_wconf 77' lang='lat' dir='ltr'>Tiinow</span> <span class='ocrx_word' id='word_1_276' title='bbox 432 3510 459 3565; x_wconf 90' lang='lat' dir='ltr'>in</span> <span class='ocrx_word' id='word_1_277' title='bbox 484 3509 624 3567; x_wconf 89' lang='lat' dir='ltr'>decanum</span> <span class='ocrx_word' id='word_1_278' title='bbox 648 3507 794 3568; x_wconf 86' lang='lat' dir='ltr'>facultatis</span> <span class='ocrx_word' id='word_1_279' title='bbox 817 3509 930 3565; x_wconf 90' lang='lat' dir='ltr'>artium.</span> <span class='ocrx_word' id='word_1_280' title='bbox 953 3508 994 3565; x_wconf 84' lang='lat' dir='ltr'>Et</span> <span class='ocrx_word' id='word_1_281' title='bbox 1015 3507 1057 3564; x_wconf 92' lang='lat' dir='ltr'>sic</span> <span class='ocrx_word' id='word_1_282' title='bbox 1079 3506 1137 3564; x_wconf 92' lang='lat' dir='ltr'>cito</span> <span class='ocrx_word' id='word_1_283' title='bbox 1160 3511 1229 3576; x_wconf 91' lang='lat' dir='ltr'>post</span> <span class='ocrx_word' id='word_1_284' title='bbox 1250 3503 1307 3561; x_wconf 90' lang='lat' dir='ltr'>hoc</span> <span class='ocrx_word' id='word_1_285' title='bbox 1328 3515 1421 3559; x_wconf 87' lang='lat' dir='ltr'>reces-</span> 
     </span>
     <span class='ocr_line' id='line_1_32' title="bbox 235 3602 1427 3680; baseline -0.004 -16"><span class='ocrx_word' id='word_1_286' title='bbox 235 3615 336 3665; x_wconf 87' lang='lat' dir='ltr'>serunt</span> <span class='ocrx_word' id='word_1_287' title='bbox 362 3609 501 3680; x_wconf 80' lang='lat' dir='ltr'>magistri,</span> <span class='ocrx_word' id='word_1_288' title='bbox 538 3609 723 3668; x_wconf 90' lang='lat' dir='ltr'>baccalaurei</span> <span class='ocrx_word' id='word_1_289' title='bbox 752 3614 782 3666; x_wconf 92' lang='lat' dir='ltr'>et</span> <span class='ocrx_word' id='word_1_290' title='bbox 814 3608 965 3666; x_wconf 85' lang='lat' dir='ltr'>studentes</span> <span class='ocrx_word' id='word_1_291' title='bbox 996 3607 1121 3664; x_wconf 75' lang='lat' dir='ltr'>ninnium</span> <span class='ocrx_word' id='word_1_292' title='bbox 1150 3605 1237 3663; x_wconf 90' lang='lat' dir='ltr'>trium</span> <span class='ocrx_word' id='word_1_293' title='bbox 1272 3602 1427 3660; x_wconf 78' lang='lat' dir='ltr'>nudorum.</span> 
     </span>
     <span class='ocr_line' id='line_1_33' title="bbox 235 3699 1426 3783; baseline -0.004 -19"><span class='ocrx_word' id='word_1_294' title='bbox 235 3707 358 3780; x_wconf 88' lang='lat' dir='ltr'>quilibet</span> <span class='ocrx_word' id='word_1_295' title='bbox 384 3709 421 3766; x_wconf 90' lang='lat' dir='ltr'>ad</span> <span class='ocrx_word' id='word_1_296' title='bbox 445 3716 544 3780; x_wconf 89' lang='lat' dir='ltr'>partes</span> <span class='ocrx_word' id='word_1_297' title='bbox 570 3727 646 3768; x_wconf 90' lang='lat' dir='ltr'>snas.</span> <span class='ocrx_word' id='word_1_298' title='bbox 671 3712 711 3769; x_wconf 88' lang='lat' dir='ltr'>Et</span> <span class='ocrx_word' id='word_1_299' title='bbox 732 3709 916 3783; x_wconf 86' lang='lat' dir='ltr'>postmodum</span> <span class='ocrx_word' id='word_1_300' title='bbox 944 3712 1145 3767; x_wconf 89' lang='lat' dir='ltr'>convenerunt</span> <span class='ocrx_word' id='word_1_301' title='bbox 1173 3705 1203 3763; x_wconf 92' lang='lat' dir='ltr'>in</span> <span class='ocrx_word' id='word_1_302' title='bbox 1234 3703 1353 3775; x_wconf 80' lang='lat' dir='ltr'>Lipczlr,</span> <span class='ocrx_word' id='word_1_303' title='bbox 1381 3699 1426 3758; x_wconf 87' lang='lat' dir='ltr'>ubi</span> 
     </span>
     <span class='ocr_line' id='line_1_34' title="bbox 238 3799 1427 3882; baseline -0.008 -17"><span class='ocrx_word' id='word_1_304' title='bbox 238 3807 340 3866; x_wconf 87' lang='lat' dir='ltr'>codem</span> <span class='ocrx_word' id='word_1_305' title='bbox 364 3825 438 3866; x_wconf 85' lang='lat' dir='ltr'>amm</span> <span class='ocrx_word' id='word_1_306' title='bbox 462 3819 507 3869; x_wconf 89' lang='lat' dir='ltr'>est</span> <span class='ocrx_word' id='word_1_307' title='bbox 529 3810 727 3870; x_wconf 84' lang='lat' dir='ltr'>confirmatum</span> <span class='ocrx_word' id='word_1_308' title='bbox 750 3811 875 3870; x_wconf 90' lang='lat' dir='ltr'>studium</span> <span class='ocrx_word' id='word_1_309' title='bbox 904 3825 959 3881; x_wconf 87' lang='lat' dir='ltr'>per</span> <span class='ocrx_word' id='word_1_310' title='bbox 973 3807 1007 3866; x_wconf 90' lang='lat' dir='ltr'>D.</span> <span class='ocrx_word' id='word_1_311' title='bbox 1029 3806 1225 3866; x_wconf 78' lang='lat' dir='ltr'>Alexandrum</span> <span class='ocrx_word' id='word_1_312' title='bbox 1250 3805 1284 3860; x_wconf 86' lang='lat' dir='ltr'>V.</span> <span class='ocrx_word' id='word_1_313' title='bbox 1308 3799 1427 3882; x_wconf 75' lang='lat' dir='ltr'>(Circa.</span> 
     </span>
     <span class='ocr_line' id='line_1_35' title="bbox 236 3906 494 3988; baseline 0.016 -23"><span class='ocrx_word' id='word_1_314' title='bbox 236 3906 311 3967; x_wconf 70' lang='grc' dir='ltr'><strong><em>Βοὴ.</em></strong></span> <span class='ocrx_word' id='word_1_315' title='bbox 331 3908 494 3988; x_wconf 67' lang='lat' dir='ltr'>lubricas.)</span> 
     </span>
    </p>

    <p class='ocr_par' dir='ltr' id='par_1_6' title="bbox 236 4000 1427 4493">
     <span class='ocr_line' id='line_1_36' title="bbox 336 4000 1427 4087; baseline -0.006 -21"><span class='ocrx_word' id='word_1_316' title='bbox 336 4006 462 4087; x_wconf 82' lang='lat' dir='ltr'>(Eodem</span> <span class='ocrx_word' id='word_1_317' title='bbox 484 4027 568 4081; x_wconf 92' lang='lat' dir='ltr'>anno,</span> <span class='ocrx_word' id='word_1_318' title='bbox 597 4013 674 4070; x_wconf 89' lang='lat' dir='ltr'>circa</span> <span class='ocrx_word' id='word_1_319' title='bbox 696 4011 800 4070; x_wconf 89' lang='lat' dir='ltr'>festum</span> <span class='ocrx_word' id='word_1_320' title='bbox 825 4011 945 4083; x_wconf 88' lang='lat' dir='ltr'>Georgii</span> <span class='ocrx_word' id='word_1_321' title='bbox 968 4004 1122 4087; x_wconf 68' lang='lat' dir='ltr'>(hbllum),</span> <span class='ocrx_word' id='word_1_322' title='bbox 1144 4006 1185 4064; x_wconf 91' lang='lat' dir='ltr'>M.</span> <span class='ocrx_word' id='word_1_323' title='bbox 1212 4005 1373 4063; x_wconf 80' lang='lat' dir='ltr'>Zdenlroue</span> <span class='ocrx_word' id='word_1_324' title='bbox 1394 4000 1427 4059; x_wconf 79' lang='lat' dir='ltr'>ad</span> 
     </span>
     <span class='ocr_line' id='line_1_37' title="bbox 237 4103 1426 4184; baseline -0.005 -18"><span class='ocrx_word' id='word_1_325' title='bbox 237 4109 404 4169; x_wconf 86' lang='lat' dir='ltr'>instantiam</span> <span class='ocrx_word' id='word_1_326' title='bbox 426 4112 505 4184; x_wconf 85' lang='lat' dir='ltr'>regis</span> <span class='ocrx_word' id='word_1_327' title='bbox 528 4112 696 4172; x_wconf 84' lang='lat' dir='ltr'>wenceslai</span> <span class='ocrx_word' id='word_1_328' title='bbox 719 4129 736 4171; x_wconf 91' lang='lat' dir='ltr'>a</span> <span class='ocrx_word' id='word_1_329' title='bbox 757 4111 896 4171; x_wconf 90' lang='lat' dir='ltr'>Bohemis</span> <span class='ocrx_word' id='word_1_330' title='bbox 919 4113 948 4168; x_wconf 93' lang='lat' dir='ltr'>in</span> <span class='ocrx_word' id='word_1_331' title='bbox 971 4115 1115 4169; x_wconf 89' lang='lat' dir='ltr'>rectorem</span> <span class='ocrx_word' id='word_1_332' title='bbox 1137 4110 1267 4178; x_wconf 89' lang='lat' dir='ltr'>recepto,</span> <span class='ocrx_word' id='word_1_333' title='bbox 1290 4103 1356 4162; x_wconf 87' lang='lat' dir='ltr'>aliis</span> <span class='ocrx_word' id='word_1_334' title='bbox 1379 4117 1426 4160; x_wconf 89' lang='lat' dir='ltr'>na·</span> 
     </span>
     <span class='ocr_line' id='line_1_38' title="bbox 236 4204 1426 4281; baseline -0.006 -15"><span class='ocrx_word' id='word_1_335' title='bbox 236 4208 364 4268; x_wconf 90' lang='lat' dir='ltr'>tionibus</span> <span class='ocrx_word' id='word_1_336' title='bbox 386 4227 443 4269; x_wconf 95' lang='lat' dir='ltr'>non</span> <span class='ocrx_word' id='word_1_337' title='bbox 472 4213 731 4281; x_wconf 89' lang='lat' dir='ltr'>consentientibus,</span> <span class='ocrx_word' id='word_1_338' title='bbox 762 4211 936 4271; x_wconf 89' lang='lat' dir='ltr'>factumest</span> <span class='ocrx_word' id='word_1_339' title='bbox 961 4209 1087 4270; x_wconf 88' lang='lat' dir='ltr'>schisma</span> <span class='ocrx_word' id='word_1_340' title='bbox 1109 4223 1243 4278; x_wconf 89' lang='lat' dir='ltr'>maguum</span> <span class='ocrx_word' id='word_1_341' title='bbox 1272 4204 1426 4263; x_wconf 76' lang='lat' dir='ltr'>nationum</span> 
     </span>
     <span class='ocr_line' id='line_1_39' title="bbox 236 4305 1427 4385; baseline -0.004 -18"><span class='ocrx_word' id='word_1_342' title='bbox 236 4310 338 4382; x_wconf 87' lang='lat' dir='ltr'>ltaque</span> <span class='ocrx_word' id='word_1_343' title='bbox 361 4318 478 4370; x_wconf 82' lang='lat' dir='ltr'>exterae</span> <span class='ocrx_word' id='word_1_344' title='bbox 501 4314 643 4384; x_wconf 86' lang='lat' dir='ltr'>nationes,</span> <span class='ocrx_word' id='word_1_345' title='bbox 671 4312 884 4372; x_wconf 83' lang='lat' dir='ltr'>satisfacientes</span> <span class='ocrx_word' id='word_1_346' title='bbox 910 4314 1074 4385; x_wconf 88' lang='lat' dir='ltr'>juramento</span> <span class='ocrx_word' id='word_1_347' title='bbox 1103 4323 1172 4380; x_wconf 84' lang='lat' dir='ltr'>suo,</span> <span class='ocrx_word' id='word_1_348' title='bbox 1202 4306 1239 4365; x_wconf 88' lang='lat' dir='ltr'>de</span> <span class='ocrx_word' id='word_1_349' title='bbox 1261 4305 1360 4376; x_wconf 84' lang='lat' dir='ltr'>Prsga</span> <span class='ocrx_word' id='word_1_350' title='bbox 1379 4315 1427 4373; x_wconf 78' lang='lat' dir='ltr'>pe·</span> 
     </span>
     <span class='ocr_line' id='line_1_40' title="bbox 238 4403 1312 4493; baseline -0.004 -25"><span class='ocrx_word' id='word_1_351' title='bbox 238 4410 332 4481; x_wconf 90' lang='lat' dir='ltr'>dibus,</span> <span class='ocrx_word' id='word_1_352' title='bbox 354 4415 437 4486; x_wconf 91' lang='lat' dir='ltr'>equis</span> <span class='ocrx_word' id='word_1_353' title='bbox 459 4420 489 4473; x_wconf 89' lang='lat' dir='ltr'>et</span> <span class='ocrx_word' id='word_1_354' title='bbox 509 4417 642 4475; x_wconf 88' lang='lat' dir='ltr'>curribus</span> <span class='ocrx_word' id='word_1_355' title='bbox 663 4418 858 4474; x_wconf 86' lang='lat' dir='ltr'>recesserunt.</span> <span class='ocrx_word' id='word_1_356' title='bbox 880 4408 1002 4493; x_wconf 68' lang='lat' dir='ltr'>(Circa.</span> <span class='ocrx_word' id='word_1_357' title='bbox 1024 4409 1176 4467; x_wconf 58' lang='lat' dir='ltr'>asmodi.</span> <span class='ocrx_word' id='word_1_358' title='bbox 1200 4403 1312 4480; x_wconf 78' lang='lat' dir='ltr'>Prog.)</span> 
     </span>
    </p>

    <p class='ocr_par' dir='ltr' id='par_1_7' title="bbox 240 4497 1427 4694">
     <span class='ocr_line' id='line_1_41' title="bbox 335 4497 1427 4590; baseline -0.011 -17"><span class='ocrx_word' id='word_1_359' title='bbox 335 4515 370 4577; x_wconf 86' lang='lat' dir='ltr'>It.</span> <span class='ocrx_word' id='word_1_360' title='bbox 387 4533 462 4575; x_wconf 92' lang='lat' dir='ltr'>anno</span> <span class='ocrx_word' id='word_1_361' title='bbox 476 4518 587 4588; x_wconf 90' lang='lat' dir='ltr'>eodem,</span> <span class='ocrx_word' id='word_1_362' title='bbox 603 4534 696 4590; x_wconf 90' lang='lat' dir='ltr'>prope</span> <span class='ocrx_word' id='word_1_363' title='bbox 712 4517 757 4574; x_wconf 91' lang='lat' dir='ltr'>vel</span> <span class='ocrx_word' id='word_1_364' title='bbox 772 4516 801 4574; x_wconf 95' lang='lat' dir='ltr'>in</span> <span class='ocrx_word' id='word_1_365' title='bbox 814 4514 889 4574; x_wconf 90' lang='lat' dir='ltr'>festo</span> <span class='ocrx_word' id='word_1_366' title='bbox 900 4513 928 4573; x_wconf 88' lang='lat' dir='ltr'>S.</span> <span class='ocrx_word' id='word_1_367' title='bbox 936 4512 1048 4571; x_wconf 88' lang='lat' dir='ltr'>Mariae</span> <span class='ocrx_word' id='word_1_368' title='bbox 1065 4507 1261 4583; x_wconf 87' lang='lat' dir='ltr'>Magdalenae</span> <span class='ocrx_word' id='word_1_369' title='bbox 1277 4497 1427 4582; x_wconf 54' lang='lat' dir='ltr'>(ialal).</span> 
     </span>
     <span class='ocr_line' id='line_1_42' title="bbox 240 4604 1427 4694; baseline -0.015 -15"><span class='ocrx_word' id='word_1_370' title='bbox 240 4629 292 4679; x_wconf 80' lang='lat' dir='ltr'>rex</span> <span class='ocrx_word' id='word_1_371' title='bbox 314 4616 506 4682; x_wconf 87' lang='lat' dir='ltr'>Wenceslaus</span> <span class='ocrx_word' id='word_1_372' title='bbox 535 4635 597 4680; x_wconf 90' lang='lat' dir='ltr'>cum</span> <span class='ocrx_word' id='word_1_373' title='bbox 627 4617 850 4694; x_wconf 87' lang='lat' dir='ltr'>archiepiscopo</span> <span class='ocrx_word' id='word_1_374' title='bbox 879 4614 1036 4690; x_wconf 83' lang='lat' dir='ltr'>Zbynhcne</span> <span class='ocrx_word' id='word_1_375' title='bbox 1058 4609 1159 4684; x_wconf 84' lang='lat' dir='ltr'>Zajiee</span> <span class='ocrx_word' id='word_1_376' title='bbox 1180 4615 1211 4673; x_wconf 88' lang='lat' dir='ltr'>et</span> <span class='ocrx_word' id='word_1_377' title='bbox 1232 4604 1381 4668; x_wconf 86' lang='lat' dir='ltr'>canonicis</span> <span class='ocrx_word' id='word_1_378' title='bbox 1401 4609 1427 4661; x_wconf 87' lang='lat' dir='ltr'>et</span> 
     </span>
    </p>
   </div>
   <div class='ocr_carea' id='block_1_4' title="bbox 0 0 1520 5258">
    <p class='ocr_par' dir='ltr' id='par_1_8' title="bbox 0 0 1520 5258">
     <span class='ocr_line' id='line_1_43' title="bbox 0 0 1520 5258; baseline 0 0"><span class='ocrx_word' id='word_1_379' title='bbox 0 0 1520 5258; x_wconf 95' lang='lat' dir='ltr'> </span> 
     </span>
    </p>
   </div>
  </div>
 </body>
</html>
