2992 5258
384 414 440 469 llb.
459 408 489 467 B.
509 412 562 468 tic
580 410 680 468 Palatii
697 410 732 467 ad
750 410 849 466 Christ.
873 411 927 466 tls
946 408 1034 464 lntim.
1053 406 1129 480 publ.
1290 410 1351 477 673

154 611 274 680 clerum
297 618 330 679 et
350 614 597 682 ecclesiasticam
617 615 797 681 libertatern
819 619 995 696 patrantur,
1019 613 1108 679 vobis
1122 612 1348 691 adhaerentem

155 730 290 794 quorum
310 713 425 795 fautor,
447 714 596 781 defensor
618 717 695 782 estis
718 721 750 781 et
765 721 937 798 promotor,
960 714 1196 798 perpendentes
1219 733 1258 779 ex
1279 715 1346 780 arri·

156 830 216 892 mo,
240 814 280 879 ad
302 816 463 897 antiquam
487 822 624 882 vestram
639 815 749 899 utique
764 816 877 881 bonam
895 815 1097 880 revertamini
1114 815 1350 880 conscientium.

154 930 249 994 prtem
271 916 454 998 reliquistis,
472 934 581 982 errore
604 916 755 983 seductus
768 915 945 997 aliquorum
961 915 1011 981 vel
1033 915 1149 994 lavore,
1177 921 1210 981 et
1232 918 1350 982 curetis

155 1015 242 1079 omni
257 1015 424 1099 diligentia
437 1018 580 1083 adhibite
594 1017 776 1097 reformare,
792 1034 874 1098 quae
889 1022 997 1081 vestro
1013 1016 1190 1099 patrocinio
1212 1017 1261 1081 vel
1277 1034 1350 1082 con-

155 1132 251 1181 sensu
274 1123 330 1182 aut
350 1116 601 1183 dissimulatione
622 1118 656 1182 in
677 1116 926 1183 destructionem
941 1120 996 1182 aut
1011 1115 1266 1183 informationem
1282 1117 1347 1183 cul·

155 1219 207 1281 tus
219 1214 326 1297 divini,
348 1215 422 1283 fidei
444 1225 477 1283 et
503 1218 702 1284 reverentiae
724 1224 906 1284 senctorum
930 1236 966 1282 ac
988 1217 1129 1299 ipsarum
1144 1216 1348 1298 reliquiarum

156 1320 191 1381 et
211 1315 415 1385 obedientiae
435 1319 651 1401 praelatorum
680 1318 900 1399 libertatisque
927 1317 1162 1383 ecclesiasticae
1191 1323 1349 1399 tamquam

151 1416 326 1515 peregrina
347 1424 423 1484 sunt
452 1418 657 1498 introducta3
684 1419 824 1486 scientes
852 1417 989 1498 indubie,
1019 1417 1104 1499 quod
1125 1417 1180 1484 illa
1200 1418 1351 1484 violentia

154 1518 188 1582 et
209 1518 348 1584 turbatio
378 1519 606 1585 catholicorum
636 1538 707 1584 cum
729 1525 890 1601 potestate
918 1519 1054 1584 seculari
1086 1522 1119 1582 et
1148 1517 1348 1598 colligatione

154 1616 188 1681 in
208 1635 321 1685 aevum
343 1636 407 1685 non
428 1621 571 1702 poterint
592 1621 776 1703 perdurare.
799 1619 862 1686 Sed
884 1619 963 1686 deus
993 1617 1265 1695 clementissimus
1296 1618 1349 1697 qui

154 1714 217 1783 ista
238 1736 296 1785 suo
327 1720 452 1786 occulto
473 1720 592 1802 judicio
613 1721 760 1804 permisit
782 1720 930 1797 suboriri,
963 1719 1193 1785 intercessione
1221 1717 1351 1800 virginis

158 1816 347 1885 benedictae
362 1819 414 1886 dei
429 1820 593 1903 genitricis
608 1839 647 1887 ac
667 1826 848 1887 sanctorum
863 1827 1069 1904 patronorum
1084 1824 1265 1884 nostrorum
1287 1837 1351 1883 me-

154 1916 276 1999 diante,
299 1919 449 2002 populum
464 1938 555 1986 suum
578 1921 611 1985 in
631 1920 720 1987 brevi
743 1920 904 2003 respiciet,
927 1920 981 1985 ille
995 1919 1078 1986 male
1098 1917 1349 1984 misericorditer

152 2019 337 2097 amovendo,
372 2025 405 2085 et
426 2020 530 2102 ipsum
546 2022 686 2102 priorem
711 2022 831 2087 cultum
853 2019 1031 2087 devotionis
1053 2017 1189 2101 fideique
1217 2024 1251 2082 et
1272 2018 1349 2083 obe·

150 2118 293 2187 dientiae
315 2137 373 2202 pro
396 2138 453 2186 sua
476 2121 579 2201 gloria
601 2121 772 2198 revocabit,
797 2122 827 2186 in
852 2139 913 2202 quo
932 2121 1006 2187 olim
1028 2120 1214 2201 praeteritis
1227 2125 1348 2200 tempo-

151 2216 240 2283 ribus
254 2217 406 2284 rutilavit.
428 2218 588 2302 Scriptum
603 2218 816 2301 constantiae,
843 2220 898 2285 ier.
916 2220 978 2285 ΙΙΙ·
990 2219 1133 2302 proxima
1147 2225 1221 2302 post
1234 2219 1349 2285 testum

151 2316 182 2383 S.
204 2318 332 2400 Luciee,
354 2336 438 2383 anno
460 2318 542 2384 dom.
565 2317 821 2385 mccccwi.

721 2664 798 2740 116.

146 2887 445 2974 Intimationes
474 2891 690 3000 publicae,
720 2891 874 3000 quibus
902 2891 1096 3001 magistri
1118 2884 1264 2972 Simon
1291 2888 1344 2970 de

151 3021 349 3117 Tissnow
377 3037 419 3108 et
445 3023 639 3109 Jacobus
671 3023 725 3106 de
751 3024 864 3149 Mina
889 3035 1037 3106 mutuo
1068 3051 1161 3105 sese
1189 3053 1373 3133 provo->

150 3168 252 3283 cant
266 3157 322 3241 ad
339 3157 650 3267 disputandum
670 3158 724 3242 de
742 3159 1038 3242 communione
1054 3157 1342 3267 parvulorum.

612 3372 638 3427 S.
656 3370 681 3426 d.
699 3371 773 3440 (ann.
792 3373 856 3426 1417
863 3371 885 3438 l)

496 3673 541 3737 (E
556 3672 617 3727 MS.
645 3670 738 3727 Virmn.
758 3670 838 3734 4937,
851 3671 903 3742 sot
925 3669 1002 3738 176.)

716 3826 833 3834 ...——.-

731 3975 767 4042 Δ.

150 4172 321 4239 „intimatio
339 4154 380 4229 ML
393 4174 513 4229 simonie
533 4174 658 4228 lironem
675 4183 772 4229 eontra
791 4174 973 4228 tractatulum
990 4174 1024 4227 de
1036 4175 1341 4241 communionepareu·

483 4261 572 4314 lorum
590 4258 632 4311 M.
649 4257 795 4319 Jaeoddli,
813 4267 839 4311 et
856 4275 870 4311 e
887 4261 1010 4311 contre.“

251 4428 406 4510 Magister
416 4426 524 4492 Simon
545 4427 585 4491 de
599 4427 750 4506 Tissnow‚
772 4443 881 4492 sacrae
895 4426 990 4491 theol.
1005 4425 1237 4503 baccalaureus,
1259 4424 1339 4489 noti·

147 4527 224 4597 licat
244 4536 280 4595 et
301 4534 508 4611 protestetur,
536 4527 619 4609 quod
634 4533 766 4609 paratus
787 4533 839 4592 est
861 4534 894 4592 et
916 4526 984 4590 vult
997 4525 1155 4591 deducere
1178 4532 1211 4589 et
1226 4524 1341 4589 docere

146 4627 360 4711 exscriptum
371 4629 553 4696 authentica
574 4635 608 4693 et
618 4627 742 4694 ratione
756 4632 867 4693 contra
878 4626 919 4691 bl.
931 4625 1083 4692 iacobum
1095 4625 1134 4692 de
1146 4625 1238 4703 iliae,
1256 4643 1338 4690 com-

1143 4743 1178 4796 tt
