2992 5258
464 424 519 478 too.
537 423 731 480 decusationes
747 424 819 493 regis
837 424 990 482 wenceslai
1013 441 1049 483 oc.
1290 434 1348 498 641

154 628 293 694 intrudit
315 632 347 693 et
357 626 479 693 intrudi
493 627 631 712 mandat,
653 633 750 709 atque
765 628 854 711 ipsos
873 647 977 696 coram
997 648 1074 711 rege
1090 636 1123 696 et
1136 630 1207 696 aliis
1221 632 1351 713 quibus·

155 746 281 811 cunque
303 729 447 795 defendit
469 735 502 794 et
523 734 642 795 tuetur.
1105 790 1109 795 .

256 831 429 896 Praeterea
450 827 573 894 CCCO¹¹
586 828 637 892 vel
658 830 740 895 citra
761 829 893 908 nobiles,
915 831 1031 895 milites
1061 839 1095 897 et
1116 832 1249 899 clientes
1271 834 1354 898 iufra

154 936 327 1012 ponuntur,
351 930 416 1012 qui¹
437 935 512 1012 post
532 928 827 995 condemnationem
855 937 994 997 sanctam
1025 936 1058 996 01
1084 934 1267 999 canonicam
1295 953 1353 1017 per

153 1032 275 1098 dictum
302 1048 428 1097 sacrum
458 1030 708 1096 constantiense
738 1031 905 1096 concilium
934 1032 1029 1098 latam
1056 1041 1168 1100 contra
1196 1034 1354 1117 quondam

153 1133 310 1199 Joannem
340 1131 410 1196 Hus
439 1150 474 1197 se
505 1138 679 1214 opponunt
710 1140 973 1215 praesumptuose
1004 1140 1037 1198 et
1070 1136 1238 1202 temerarie
1267 1152 1354 1201 asse-

155 1238 274 1312 rentes,
296 1232 476 1314 hujusmodi
499 1234 690 1300 sententiam
712 1233 818 1314 inique
840 1232 939 1304 111000
968 1242 1001 1299 01
1028 1252 1098 1300 0000
1127 1237 1231 1316 latam,
1260 1235 1354 1302 affec-

154 1339 262 1399 tantes
284 1334 380 1399 etiam
390 1333 510 1399 dictum
524 1334 616 1399 Joan.
640 1331 709 1398 Hcs
731 1333 932 1415 etquendam
955 1334 1029 1417 (sic)
1045 1335 1284 1420 Hieronymum,
1301 1338 1354 1419 qni

154 1434 303 1502 similiter
324 1435 551 1502 condemnatus
574 1439 608 1500 et
630 1435 792 1499 convictus
815 1435 995 1501 haereticus
1018 1438 1153 1517 exstitit,
1175 1438 1274 1504 fuisse
1297 1438 1352 1504 bo·

153 1553 214 1601 nos
237 1542 270 1602 et
287 1537 393 1618 justos
415 1537 517 1613 viros;
540 1543 573 1600 et
595 1536 627 1600 11
648 1537 746 1601 robur
765 1541 798 1602 et
819 1534 1000 1603 firmitatem
1011 1539 1152 1620 ipsorum
1164 1540 1353 1606 intentionis

154 1636 334 1716 hujusmodi
356 1638 466 1703 literas
495 1636 646 1717 quasdam
667 1655 737 1700 cum
759 1636 973 1717 pendentibus
1002 1640 1140 1704 omnium
1170 1641 1353 1722 infrascrip-

154 1745 259 1803 torum
281 1738 394 1819 sigillis
417 1738 490 1802 huic
513 1755 603 1802 sacro
627 1737 769 1817 generali
801 1737 1043 1804 constantiensi
1070 1741 1204 1806 concilio
1230 1740 1353 1806 direxe-

153 1845 238 1919 runt,
262 1838 450 1903 exhibentes
473 1855 507 1901 se
530 1837 676 1918 denique,
701 1836 783 1917 quod
800 1856 900 1919 usque
922 1838 967 1904 ad
989 1837 1174 1906 effusionem
1190 1841 1354 1921 sauguuinis

154 1939 251 2004 talem
280 1939 422 2020 ipsorum
455 1939 664 2005 assertionem
686 1937 806 2003 vellent
833 1938 1013 2019 defendere,
1044 1941 1205 2023 multaque
1235 1942 1296 2008 alin
1318 1943 1350 2006 in

154 2038 274 2104 eisdem
296 2040 398 2106 literis
421 2039 671 2121 descripserunt,
702 2057 782 2120 quae
810 2040 1040 2123 aliquantisper
1062 2043 1123 2107 imo
1152 2043 1283 2108 multum
1307 2044 1351 2106 ri·

145 2139 271 2206 'dentur
282 2141 439 2207 haeresim
451 2159 576 2223 sapere.
592 2141 722 2205 11101111
739 2158 869 2206 examen
884 2140 925 2204 ad
939 2142 1117 2223 hujusmodi
1133 2143 1244 2209 literas
1262 2144 1350 2227 priu-

153 2239 273 2323 cipales
288 2244 471 2322 remittitur,
481 2249 614 2324 propter
624 2242 837 2324 prolixitatem
851 2243 883 2306 iu
901 2243 1154 2325 praesentiarum
1163 2243 1354 2309 evitandam.

253 2343 315 2408 Pro
344 2343 585 2424 quibusquidem
614 2342 856 2422 assertionibus,
887 2344 1179 2426 approbationibus,
1207 2344 1353 2411 adhaesi·

153 2443 267 2509 onibus
291 2451 324 2509 et
346 2445 604 2521 exhibitionibus,
628 2445 655 2508 si
678 2445 845 2527 praemissi
868 2443 1013 2524 barones
1026 2445 1158 2525 nobiles
1181 2446 1298 2511 milites
1319 2454 1351 2512 et

152 2545 286 2611 clientes
313 2544 405 2626 jnxta
434 2544 566 2609 formam
589 2562 797 2625 processuum
825 2553 935 2610 contra
959 2564 1013 2610 eos
1043 2552 1259 2612 emanatorum
1288 2564 1352 2612 uon

153 2636 381 2724 revocaverint,
405 2645 455 2710 vel
477 2646 583 2710 saltim
605 2643 645 2708 ab
668 2644 848 2725 hujusmodi
877 2646 1116 2726 assertionibus,
1147 2648 1352 2729 approbatio-

152 2744 248 2811 nibus
271 2751 304 2810 et
326 2744 575 2811 exhibitionibus
606 2765 669 2810 101
696 2746 899 2823 desisterent,
926 2745 1036 2811 sedin
1066 2747 1186 2812 eisdem
1217 2746 1353 2813 finaliter

154 2852 408 2926 perseverarent,
430 2864 569 2928 magnas,
592 2847 653 2911 imo
668 2847 804 2928 majores
827 2865 920 2927 quam
942 2852 1064 2926 putant,
1086 2847 1353 2931 incideruntpoe-

136 2964 220 3027 ¹uas,
255 2964 333 3027 quas
358 2947 452 3012 etiam
475 2947 508 3010 in
531 2947 651 3011 eisdem
675 2947 879 3028 processibus
903 2946 1004 3011 fusius
1026 2948 1168 3011 cernitur
1188 2949 1352 3013 contineri.

255 3045 294 3112 lt.
316 3049 507 3114 auctoritate
530 3048 623 3129 hujus
647 3048 729 3112 sacri
751 3047 878 3112 concilii
902 3053 1087 3110 constanter
1102 3048 1354 3114 monitifueruut

152 3165 262 3215 omnes
285 3149 403 3213 Christi
426 3147 538 3213 fideles
552 3148 766 3229 cujuscunque
778 3152 890 3225 statua,
903 3148 1031 3228 gradum,
1053 3148 1174 3213 ordinis
1192 3156 1248 3215 aut
1262 3168 1353 3231 prae·

152 3247 326 3312 minentiae
353 3248 500 3328 existant,
530 3254 673 3312 rectores
708 3248 975 3312 monasteriorum
1004 3256 1038 3312 et
1060 3248 1265 3314 ecclesiarum
1288 3250 1354 3332 ple·

151 3348 226 3413 bani
248 3348 317 3413 sive
337 3352 489 3426 rectores,
522 3366 580 3412 nac
603 3366 667 3412 101
694 3347 840 3413 civitates
864 3354 896 3413 et
925 3348 1121 3413 habitatores
1154 3350 1291 3416 civitatis
1322 3358 1355 3418 et

151 3446 288 3512 diocesis
310 3447 489 3528 Pragensis,
520 3446 578 3510 sub
607 3448 941 3513 excommunicationis
976 3458 1008 3514 et
1030 3449 1186 3515 factoriae
1209 3452 1351 3516 haeresis

151 3549 328 3627 sententiis
360 3555 515 3629 quatenus
544 3546 649 3613 clerici
679 3555 712 3612 01
739 3549 810 3613 laici
841 3550 945 3631 ipsum
977 3549 1132 3614 Joannem
1161 3551 1352 3617 Jeseuicza

149 3648 310 3714 consortio
332 3648 473 3730 ipsorum
495 3647 623 3730 ejiciant
646 3654 678 3713 01
702 3648 880 3728 excludant,
918 3649 1053 3730 praelati
1086 3668 1161 3715 vero
1189 3658 1222 3715 et
1244 3652 1352 3716 clerici

149 3749 181 3813 in
197 3768 309 3815 eorum
332 3749 475 3815 ecclesiis
497 3748 559 3830 (et)
582 3750 784 3813 monasteriis
800 3757 961 3830 tamqnam
981 3751 1176 3815 haereticum
1187 3751 1356 3832 publicent

151 3851 358 3917 vitandumet
380 3851 589 3934 puniendum,
613 3849 760 3931 dictoque
776 3851 892 3916 Joanui
908 3851 1147 3933 participantes
1174 3858 1229 3917 aut
1252 3852 1355 3917 eidem

152 3950 183 4016 in
195 3952 380 4034 praemissis
400 3959 455 4017 aut
482 3952 514 4015 iu
536 3951 643 4031 aliquo
667 3951 820 4031 faventes
845 3952 1132 4017 excommunicatos
1151 3951 1354 4033 fautoresque

149 4055 294 4121 haeresis
317 4060 350 4118 et
379 4053 418 4117 de
442 4051 503 4116 fide
526 4058 704 4133 suspectos,
735 4053 867 4131 siugulis
889 4052 1000 4117 dicbus
1031 4052 1196 4117 dominicis
1220 4053 1355 4117 etfestis

149 4154 332 4220 denuntiari
361 4154 525 4237 praecepit
547 4159 644 4234 atque
661 4154 828 4219 mandavit.
852 4154 894 4218 Et
915 4155 1011 4217 etiam
1027 4152 1187 4218 mandavit
1210 4153 1354 4218 omnihus

150 4258 289 4337 regibus,
312 4255 508 4337 principibus
531 4261 564 4318 01
586 4255 798 4334 potestatibus
821 4255 1026 4331 secularibus,
1060 4254 1248 4335 praesertim
1268 4254 1352 4334 judi·

150 4357 249 4433 cibus,
273 4356 465 4434 consulibus,
490 4356 607 4434 juratis
629 4356 767 4436 majoris,
796 4355 928 4419 nriuoris
950 4361 984 4420 et
1005 4372 1106 4418 novae
1129 4354 1267 4419 civitatis
1280 4356 1356 4420 Pra-

149 4442 268 4538 gensis,
296 4453 940 4535 11001011113010101111100010110101
970 4454 1148 4534 burgraviis
1176 4464 1210 4518 et
1238 4473 1349 4520 eorum

148 4556 220 4623 loca
251 4557 456 4633 tenentibus,
485 4560 641 4635 quatenus
669 4555 772 4635 ipsum
801 4555 956 4619 Joannern
986 4553 1134 4619 Jesenicz
1169 4554 1296 4638 capiant
1323 4559 1357 4618 et

146 4662 318 4738 arrestent,
347 4657 526 4737 ubicunque
554 4655 750 4737 apprehendi
790 4662 909 4737 posset,
940 4660 973 4719 et
1005 4655 1108 4737 ipsum
1137 4660 1266 4736 captum
1292 4654 1354 4719 loci

1150 4772 1182 4824 41
