2992 5258
148 410 212 473 248
354 401 429 456 Petri
445 400 479 455 do
496 398 674 454 Mladenorric
690 397 787 453 relatio
805 397 840 453 de
856 398 894 454 M.
911 400 937 454 J.
956 398 1015 454 Hos
1032 415 1126 455 carisa:

148 608 264 672 trinam
291 605 472 673 ductionem
498 602 601 684 primo
629 601 849 682 deposuerunt
877 607 911 667 et
939 600 1008 666 sine
1035 607 1121 668 tecto
1150 605 1205 671 illo
1227 608 1345 674 iterum

150 708 277 774 foenum
298 708 465 772 duxerunt.
488 704 537 768 Ex
558 702 611 765 illo
634 707 711 766 ωηο
732 702 829 783 aliqui
851 702 1064 784 opinabantur
1082 705 1133 769 rel
1154 707 1345 789 famabatur,

150 808 234 888 quod
256 808 298 871 Μ.
322 806 390 871 Hns
408 806 473 885 jam
495 810 582 869 esset
604 808 694 866 extra
717 802 876 867 civitatem
898 804 931 867 in
954 805 1047 869 foeno
1069 805 1221 886 eductus,
1244 814 1278 873 et
1300 811 1348 874 sic

151 907 235 988 quod
257 907 412 972 evasisset
432 907 464 969 in
493 906 586 968 foeno
610 911 643 967 et
664 910 755 968 entra
777 903 892 968 ductus
913 902 1043 982 inissem
1065 906 1176 971 sedin
1199 908 1248 972 rei
1263 909 1348 973 veri·

150 1014 217 1072 tate
244 1025 304 1072 ηοο
330 1007 448 1071 ment-io
478 1005 583 1084 aliqua
615 1002 654 1068 de
680 1003 734 1067 illa
762 1022 798 1067 re
826 1003 887 1069 fuit
913 1004 1096 1085 aliquando,
1130 1006 1213 1072 sicut
1233 1016 1349 1090 postea

87 1173 93 1181 ,
150 1106 254 1188 patuit
283 1107 404 1187 etjam
433 1109 532 1186 patet.
565 1104 626 1180 Qui
656 1103 684 1167 si
706 1104 877 1183 evasisset,
906 1122 1075 1185 numquam
1097 1108 1349 1190 comprehensus

150 1205 265 1273 fnisset
279 1213 312 1272 et
333 1205 466 1270 vinculis
481 1205 687 1285 mancipatus,
709 1209 743 1267 et
758 1222 817 1269 nec
832 1203 971 1269 finaliter
982 1206 1021 1269 ab
1037 1205 1084 1269 eis
1106 1207 1347 1275 condemnatus.

251 1307 298 1370 En
328 1314 402 1371 ωηο
431 1311 545 1386 quarta
572 1304 668 1379 feria,
701 1304 824 1369 scilicet
846 1311 919 1386 post
946 1304 1141 1372 Katberinae
1163 1306 1219 1389 (28
1240 1308 1350 1391 Non),

152 1405 343 1478 cardinales,
365 1406 419 1487 qni
441 1411 516 1469 ωηο
538 1411 630 1468 erant
652 1402 873 1479 Constantine,
897 1423 956 1485 per
979 1404 1082 1469 dictos
1104 1405 1173 1486 ejus
1195 1411 1349 1485 seruulus,

152 1504 276 1570 scilicet
304 1504 416 1572 Palecz
439 1512 472 1569 et
491 1504 679 1568 Miclraelem
708 1503 746 1567 de
770 1503 880 1568 Carisis
902 1504 1062 1585 instigati,
1090 1507 1248 1574 miserunt
1269 1510 1351 1576 duos

154 1605 330 1688 episcopua,
353 1603 475 1670 scilicet
489 1604 724 1684 augustensem
743 1611 776 1668 et
790 1604 1019 1682 Tridentinum,
1034 1606 1221 1686 magistrum
1234 1608 1352 1675 civium

154 1705 291 1771 ciuitatis
313 1704 569 1769 Constantiensis
591 1710 624 1767 et
645 1704 775 1767 militem
799 1703 954 1784 quendam
977 1702 1066 1768 Hans
1089 1724 1149 1770 von
1171 1707 1292 1788 Puden,
1309 1709 1351 1775 ad

154 1805 326 1887 hospitium
347 1804 449 1886 ipsius
476 1803 517 1868 M.
540 1803 625 1880 Hns;
648 1803 701 1883 qui
724 1820 794 1866 eum
817 1803 895 1866 liora
917 1801 1042 1883 prandii
1064 1806 1245 1886 venisseut,
1262 1807 1352 1872 dirre-

154 1909 229 1969 runt
250 1904 290 1970 ad
312 1903 350 1968 D.
372 1905 528 1970 loannem
551 1903 590 1967 de
610 1901 731 1979 Chlnnr,
754 1903 891 1982 qualiter
905 1903 1070 1968 venissent
1085 1922 1123 1967 ex
1140 1913 1233 1986 parte
1249 1907 1353 1972 cardi·

153 2004 270 2069 nalinm
287 2009 320 2068 et
341 2003 543 2068 demandato
558 2020 659 2083 papae
681 2001 721 2065 ad
735 2001 777 2064 M.
799 2002 890 2066 Joan.
912 2001 992 2077 Has,
1015 2010 1048 2067 et
1069 2003 1153 2068 sicut
1174 2005 1244 2086 ipse
1259 2007 1351 2088 prius

155 2104 287 2185 optabat
308 2103 394 2184 loqui
420 2103 498 2184 illis,
528 2102 602 2183 qnia
619 2101 684 2181 jam
712 2107 821 2166 esseut
843 2102 946 2183 parati
968 2103 1071 2184 ipsnrn
1093 2104 1213 2169 audire.
1244 2106 1289 2171 Et
1311 2106 1350 2171 D.

155 2204 296 2268 loannes
329 2202 369 2277 de
392 2201 503 2267 Chlurn
531 2201 666 2284 primurn
688 2218 839 2280 surgens,
870 2200 961 2265 valde
984 2202 1136 2267 iracunde
1157 2204 1353 2285 loquebatur

155 2303 196 2367 nd
219 2303 362 2384 eosdem,
391 2303 513 2368 dicens:
536 2301 672 2366 Scitisne
698 2308 808 2382 patres
837 2302 1109 2382 reverendissimi,
1139 2306 1297 2385 quomodo
1321 2314 1356 2373 et

156 2422 215 2484 per
238 2403 330 2484 quani
352 2404 477 2468 modurn
503 2403 565 2467 huc
586 2403 728 2468 veuitltl.
752 2404 843 2468 Joan.
865 2402 959 2466 Hnsl
1001 2403 1033 2468 Si
1059 2412 1165 2470 autern
1186 2406 1355 2489 ignoratis,

156 2522 240 2582 ecce,
264 2523 322 2584 ego
338 2504 439 2568 dicam
450 2504 550 2584 vobio,
566 2504 639 2584 qnia
654 2521 723 2566 cnm
739 2521 806 2580 ηηη,
829 2502 951 2567 scilicet
966 2520 1024 2583 ego
1041 2510 1074 2568 et
1089 2503 1127 2568 D.
1143 2505 1355 2573 Wenceslans

158 2603 197 2667 de
225 2603 346 2669 Lestna
373 2604 488 2668 fuimus
517 2605 549 2668 in
579 2604 697 2668 Friolia
719 2622 789 2667 cunr
811 2603 937 2667 domino
959 2611 1070 2668 nostro
1093 2605 1298 2687 imperatore,
1321 2616 1357 2673 et

156 2702 349 2767 habebamus
379 2706 577 2786 propositum
602 2704 757 2768 redeundi
786 2703 826 2767 ad
860 2721 991 2783 regnum
1017 2709 1158 2769 nostrum
1186 2705 1256 2770 sive
1278 2725 1358 2789 pro·

157 2803 305 2883 vinciam,
332 2805 401 2886 ipse
424 2813 500 2870 tunc
521 2804 681 2869 mandavit
702 2804 806 2882 uobis,
838 2808 873 2866 ut
902 2820 959 2866 nos
981 2803 1024 2867 M.
1046 2803 1201 2869 loannem
1223 2823 1358 2873 assecu-

157 2921 301 2968 raremns
324 2923 380 2971 sno
403 2904 490 2970 salvo
512 2904 669 2969 conductu
693 2905 786 2968 etsie
809 2910 844 2967 ut
864 2902 990 2967 veniret
1012 2902 1052 2966 ud
1074 2922 1226 2984 praesens
1248 2911 1359 2974 conci·

158 3003 253 3082 liunr;
274 3012 406 3087 propter
435 3005 518 3086 quod
552 3006 680 3083 scitote,
711 3003 794 3084 qnod
823 3020 880 3067 vos
914 3009 1025 3067 contra
1053 3003 1205 3068 bonorum
1235 3005 1360 3074 domini

158 3105 260 3169 nostri
282 3123 344 3170 non
373 3104 506 3170 faciatis.
538 3105 578 3169 Et
599 3105 640 3169 ad
661 3105 846 3184 magistrum
868 3103 983 3168 civium
1005 3103 1085 3167 dixit
1105 3105 1138 3167 in
1160 3103 1361 3172 Teutonico:

159 3205 224 3268 Vos
247 3206 374 3282 sciatis,
395 3206 469 3287 qnia
490 3205 517 3268 si
539 3205 682 3269 diabolus
705 3205 830 3269 veniret
851 3203 891 3268 ad
915 3202 1083 3267 videndum
1105 3221 1232 3269 cansam
1253 3223 1361 3288 suam,

160 3305 229 3385 ipse
251 3304 385 3370 deberet
405 3306 563 3370 veraciter
585 3304 697 3370 audiri.
730 3303 866 3385 Insuper
888 3303 968 3367 dixit
990 3303 1036 3366 eis
1059 3303 1097 3366 D.
1119 3304 1262 3369 loannes
1278 3305 1362 3388 ipsis

161 3404 332 3485 episcopis:
366 3404 511 3468 dorninns
544 3423 599 3467 rex
632 3406 700 3486 ipse
733 3404 835 3468 adbuc
869 3403 948 3467 dixit
977 3402 1127 3466 ulterius:
1166 3404 1284 3484 ,et-si
1315 3406 1361 3471 M.

160 3504 230 3568 Hus
252 3505 434 3569 consentiet
455 3504 495 3568 ad
517 3504 721 3569 remeandum
737 3503 953 3567 Constantiam
976 3503 1148 3583 vobiscum,
1166 3508 1243 3567 tunc
1258 3504 1363 3571 dicito

162 3604 232 3684 sibi,
256 3604 339 3684 quod
362 3604 400 3668 de
423 3605 477 3668 illa
505 3605 638 3668 materia
660 3604 737 3668 nibil
760 3605 923 3683 loquatur,
948 3603 1007 3666 nisi
1031 3603 1063 3665 in
1085 3603 1270 3684 praesentia
1286 3606 1363 3684 mei,

162 3721 232 3768 curn
255 3722 314 3784 ego
338 3703 397 3768 deo
417 3704 586 3784 adjuvaute
610 3703 828 3767 Constantiam
841 3703 990 3766 venero.“
1014 3702 1081 3766 illis
1103 3702 1220 3767 auditis
1235 3721 1362 3787 omnes,

162 3803 215 3884 qni
231 3812 393 3882 uenerant,
417 3805 489 3884 qnia
506 3804 583 3885 ipsis
606 3804 651 3866 sic
667 3809 816 3883 protervo
839 3802 931 3866 ruodo
955 3802 1180 3884 respondebat,
1196 3802 1364 3887 dixerunt,

162 3913 196 3970 et
225 3904 408 3986 specialiter
439 3904 644 3969 Tridentinus
676 3905 724 3968 nel
752 3904 985 3967 Trieutinensis
1013 3904 1197 3984 episeopus:
1220 3902 1363 3971 Domine

161 4006 315 4070 loannes!
339 4022 397 4069 nos
418 4005 561 4068 venirnns
584 4005 683 4069 sulum
706 4022 764 4084 pro
785 4003 868 4068 bono
890 4006 985 4084 pecie,
1016 4021 1056 4066 ne
1079 4003 1232 4068 tumultus
1255 4002 1384 4073 tieret..

262 4104 305 4169 Et
326 4104 519 4169 bl.Joannes
542 4105 626 4183 Hus,
648 4121 783 4184 surgens
806 4123 824 4168 a
846 4122 964 4182 mensa,
987 4120 1080 4183 quem
1102 4110 1137 4166 nt
1160 4108 1237 4182 puto
1252 4103 1366 4168 nullus

163 4205 385 4287 episcoporum
406 4206 508 4270 adhuc
529 4212 678 4284 noverat,
700 4202 879 4287 respondit:
905 4204 991 4283 ,Ego
1014 4221 1076 4267 non
1090 4202 1173 4266 -veni
1193 4201 1235 4267 ad
1255 4204 1366 4269 cardi·

163 4305 253 4369 nales
274 4304 336 4369 huc
357 4311 497 4383 tantum,
521 4324 579 4370 nec
600 4325 747 4387 uinquam
769 4306 917 4386 optabam
938 4305 1024 4385 loqui
1045 4304 1108 4368 illis
1130 4320 1287 4383 seorsum,
1302 4302 1367 4381 sed

164 4404 205 4468 ad
227 4410 327 4468 toturn
350 4406 517 4470 conscilium
538 4407 626 4482 veni,
650 4412 684 4471 et
705 4406 748 4470 ibi
770 4405 891 4486 loquar,
914 4403 1066 4485 quidquid
1088 4402 1167 4467 dens
1182 4401 1312 4469 dederit
1330 4409 1369 4469 et

165 4503 205 4569 de
227 4504 341 4584 quibus
362 4505 579 4586 interrogatus
601 4505 708 4585 iuer03
732 4506 789 4570 sed
818 4513 923 4571 tamen
945 4505 985 4569 nd
1007 4504 1194 4586 petitionem
1216 4501 1368 4569 domiuo·

165 4623 235 4670 rum
257 4608 463 4674 cardinalium
485 4626 544 4688 ego
566 4614 696 4691 paratus
725 4625 795 4672 sum
826 4606 975 4671 adstatim
1008 4605 1116 4670 venire
1138 4603 1178 4669 ad
1208 4602 1309 4685 ipsos,
1333 4608 1371 4671 et
