2992 5258
408 455 452 506 32.
487 452 566 506 lustr.
587 450 662 519 publ,
681 449 714 503 de
733 466 861 505 excomm.
880 452 916 507 Μ.
934 453 1100 523 Hieronymi.
1298 460 1361 523 419

162 672 248 721 more
282 655 421 721 latenter
443 655 474 718 in
497 655 688 735 Mammam,
719 654 793 720 inde
817 656 909 721 nobis
933 675 991 739 per
1013 663 1119 722 certas
1141 675 1215 723 suas
1238 657 1359 733 literas,
1409 666 1419 676 “

162 757 235 838 quia
250 758 383 838 laqueus
403 756 559 821 contritus
576 761 663 821 esset
684 764 717 822 et
743 756 812 838 ipsc
828 756 992 835 liberatae,
1008 764 1129 822 temere
1145 760 1359 840 praesumpsit

162 855 325 935 intimare3
355 856 408 938 qui
437 857 531 938 plena
557 857 658 921 fretus
688 857 870 937 securitate,
903 859 1018 923 nedum
1050 859 1278 924 contumaciter
1301 859 1358 924 sed

162 956 258 1046 etiam
279 956 389 1023 dolose
411 963 523 1023 contra
539 958 752 1040 juramentum
775 965 808 1023 et
829 959 1056 1041 obligationem
1071 949 1254 1041 praemissa,
1269 977 1358 1025 suam

162 1057 261 1138 magis
283 1056 442 1124 infamiam
465 1057 654 1142 detegendo,
681 1077 853 1140 congruam
875 1059 1129 1126 emendationem
1151 1071 1207 1126 ant
1230 1061 1356 1141 condig-

162 1174 232 1223 nam
254 1160 485 1225 correctionem
508 1159 745 1241 subterfugiens
768 1178 803 1226 se
826 1160 924 1240 clam,
947 1161 1053 1239 nobis,
1077 1169 1113 1226 ut
1133 1162 1358 1244 praemittitur,

161 1258 277 1329 insciis.
301 1260 498 1338 absentavit3
514 1267 647 1343 propter
670 1260 753 1342 quod
769 1261 907 1342 rigorem
918 1261 1064 1345 justitiae
1078 1268 1112 1327 et
1130 1262 1241 1344 judicii
1256 1263 1359 1326 nostri

162 1359 300 1440 uirgam,
323 1379 384 1442 qua
413 1379 471 1442 pro
501 1362 568 1426 suis
590 1360 753 1426 forefactis
776 1361 871 1440 digne
894 1362 1043 1442 castigari
1066 1369 1224 1441 meretur,
1247 1369 1358 1427 contra

161 1459 391 1543 aeuigilantius
414 1461 573 1526 exmmvit.
597 1461 751 1527 Volentes
766 1468 872 1527 tamen
896 1463 1003 1526 mitius
1025 1480 1121 1543 agere
1143 1481 1213 1528 cum
1238 1462 1358 1537 eodem',

159 1563 262 1644 ipsum
291 1580 330 1625 ex
354 1561 603 1643 superabundati
626 1579 685 1644 per
717 1568 821 1626 certas
844 1567 971 1627 nostras
995 1563 1106 1628 literas
1130 1563 1227 1628 valvis
1256 1565 1358 1629 eccle·

161 1662 225 1727 siae
242 1661 430 1743 collegiatae
446 1662 591 1728 Omnium
609 1655 806 1742 Sanctorum,
829 1663 908 1728 alias
924 1664 1030 1728 Sancti
1046 1663 1198 1745 Stephani
1216 1665 1358 1729 Viennae

160 1763 356 1829 Pataviensis
383 1762 520 1826 diocesis
552 1764 634 1828 infra
661 1764 827 1828 missarum
858 1764 1011 1829 solemnia
1043 1766 1145 1846 palam
1175 1773 1209 1829 et
1231 1764 1357 1847 publice

159 1861 269 1928 affixas
298 1880 409 1927 rursus
431 1864 522 1928 citari
546 1863 761 1928 mandavimus
791 1873 824 1928 et
845 1863 985 1943 fecimus,
1008 1871 1165 1944 quatenus
1186 1864 1270 1930 infra
1285 1871 1357 1930 octo

160 1960 244 2043 dies,
274 1962 458 2028 citationem
487 1963 665 2044 hujusmodi
694 1963 875 2028 immediate
910 1971 1098 2044 sequentes,
1114 1982 1193 2045 quos
1215 1965 1275 2029 sibi
1298 1983 1365 2046 pro

159 2064 353 2144 peremtorio
377 2065 512 2128 termino
534 2063 575 2128 ad
601 2062 683 2127 idem
706 2064 945 2144 assignavimus,
968 2082 1073 2129 coram
1096 2064 1188 2129 nobis
1210 2065 1242 2128 in
1268 2065 1354 2130 dicto

159 2163 275 2247 oppido
292 2164 433 2230 Viennae
449 2166 481 2228 in
504 2164 596 2229 domo
613 2165 818 2230 habitationis
840 2173 971 2231 nostrae
994 2165 1135 2245 legitime
1157 2174 1358 2249 compareret

159 2265 196 2330 ad
212 2264 380 2329 dicendum
396 2270 430 2329 et
444 2264 644 2344 allegandum
660 2264 880 2329 rationabilem
903 2283 1038 2345 canaam,
1062 2267 1089 2330 si
1105 2284 1197 2346 quam
1212 2266 1355 2346 haberet,

159 2384 257 2447 qnare
286 2383 420 2448 poenam
455 2364 588 2447 perjurii
622 2371 655 2429 et
685 2366 876 2430 sententiam
916 2366 1264 2444 excommunicationis,
1297 2369 1356 2431 sub

161 2468 283 2548 quibus,
307 2471 343 2530 ut
365 2467 598 2547 praemittitur,
621 2467 699 2532 alias
722 2484 757 2530 se
780 2472 894 2549 sponte
921 2485 1028 2532 coram
1049 2468 1141 2533 nobis
1160 2466 1356 2550 judicialiter

159 2567 324 2649 obligavit,
358 2586 420 2633 non
444 2567 562 2632 debeat
584 2585 642 2649 per
663 2586 721 2633 nos
744 2569 900 2633 declarari
938 2568 1161 2634 damnabiliter
1195 2568 1354 2634 incidisse.

158 2667 356 2733 Adveniente
384 2686 518 2748 namque
548 2668 727 2748 hujusmodi
749 2670 886 2733 termino
909 2669 941 2733 iu
963 2667 1049 2734 dicta
1070 2676 1181 2734 nostra
1203 2669 1355 2735 citatione

157 2769 217 2834 sibi
238 2767 394 2852 praefixo,
423 2769 601 2850 comparuit
631 2787 737 2834 coram
767 2769 859 2834 nobis
886 2775 1075 2851 procurator
1104 2768 1222 2835 fiscalis
1243 2787 1354 2850 supra·

156 2868 274 2946 dictus,
297 2877 331 2934 et
352 2867 392 2933 de
414 2868 594 2950 hujusmodi
616 2875 746 2934 nostrae
769 2870 929 2935 citationis
952 2870 1141 2935 executione
1163 2870 1255 2935 nobis
1270 2871 1354 2935 facta

155 2967 226 3048 fide,
248 2969 325 3034 dicti
340 2968 485 3050 magistri
498 2969 686 3051 Hieronymi
701 2970 790 3034 citati
812 2987 876 3033 non
892 2970 1107 3053 comparentis
1120 2970 1349 3035 contumaciam

156 3087 226 3134 cum
246 3069 401 3134 instantia
422 3070 596 3148 accusavit,
624 3076 738 3151 petens
759 3070 864 3152 ipsum
886 3075 1104 3134 contumacem
1127 3070 1269 3151 reputari
1294 3088 1352 3151 per

155 3185 221 3248 nos,
245 3169 376 3251 procedi
404 3176 516 3235 contra
537 3169 671 3234 eundem
695 3169 736 3233 M.
749 3169 977 3250 Hieronymum
999 3176 1133 3252 propter
1155 3171 1223 3251 ejus
1240 3180 1353 3236 contu·

155 3269 287 3335 maclam
308 3278 342 3335 et
363 3270 513 3335 furtivum
535 3289 714 3349 recessum,
745 3277 902 3352 tamquam
924 3279 1036 3336 contra
1058 3272 1220 3353 perjurum
1243 3277 1277 3336 et
1299 3289 1353 3335 ex·

155 3371 427 3446 communicatum,
449 3381 546 3452 atque
568 3372 607 3436 de
624 3371 808 3436 Wiclefiana
830 3371 956 3436 haeresi
978 3371 1126 3436 damnata
1148 3372 1353 3437 veliementer

154 3480 347 3554 suspectum.

255 3573 321 3638 Nos
333 3590 418 3652 vero,
440 3573 654 3650 attendentes
681 3573 765 3654 qrrod
777 3574 884 3654 iustus
900 3573 1045 3639 dominus
1060 3581 1094 3638 et
1117 3572 1256 3653 justitias
1271 3573 1351 3639 dile·

155 3673 202 3737 xit
224 3680 258 3738 et
279 3674 473 3755 aequitatem
495 3673 584 3754 vidit,
606 3674 712 3738 vultus
728 3676 797 3755 ejus
819 3675 971 3740 mandans
993 3674 1067 3738 liliis
1088 3673 1247 3738 hominum
1264 3682 1352 3740 recte

151 3773 305 3856 judicare,
328 3774 360 3838 id
382 3776 466 3839 circo
489 3773 685 3856 saepefatum
697 3775 882 3854 magistrum
895 3775 1122 3856 Hieronymum
1147 3790 1210 3839 non
1225 3792 1349 3856 compa·

153 3881 294 3954 rentem,
331 3876 471 3956 quamvis
503 3873 699 3939 sufficienter
721 3882 954 3956 exspectatum,
983 3874 1199 3956 reputavimus
1227 3873 1350 3954 justitia

154 3975 303 4054 exigente
319 3974 441 4052 merito,
464 3981 653 4056 promeret,
676 3980 892 4039 contumacem
909 3984 942 4039 ct
963 3974 1003 4038 de
1016 3973 1101 4038 dicta
1113 3973 1237 4038 haeresi
1256 3974 1345 4038 vehe-

153 4081 278 4140 menter
308 4083 490 4155 suspectum
520 4081 554 4138 et
575 4074 607 4137 in
634 4075 682 4138 sui
706 4076 934 4140 contumaciam
966 4084 1099 4158 propter
1122 4073 1349 4139 clandestinam

153 4175 255 4257 ipsius
269 4174 310 4239 de
331 4181 443 4239 nostro
455 4173 575 4254 iudicio
591 4191 752 4239 recessuum
776 4182 809 4239 et
825 4176 979 4240 occultam
1003 4175 1072 4255 ejus
1094 4174 1349 4239 absentationem

151 4283 266 4342 contra
293 4274 502 4340 voluntariam
526 4279 559 4339 et
582 4282 789 4356 spontaneam
816 4275 884 4356 ejus
907 4275 1133 4354 obligationem
1156 4292 1215 4355 per
1236 4274 1349 4356 ipsum,

152 4382 187 4442 ut
217 4375 448 4458 praemittitur,
479 4374 592 4453 iactae,
627 4375 758 4457 perjurii
792 4392 924 4455 poenam
955 4383 987 4439 et
1016 4373 1349 4438 excommunicationis

150 4476 344 4541 seutentiam
373 4474 414 4540 de
431 4476 690 4557 jurisperitorum
715 4476 846 4540 consilio
868 4476 1031 4556 inscriptis
1061 4474 1292 4539 declaravimus
1316 4483 1349 4538 et

149 4577 377 4661 praesentibus
400 4575 597 4640 declaramus
619 4574 842 4640 damnabiliter
865 4575 1023 4653 incidisse,
1058 4575 1224 4656 ipsumque
1256 4582 1348 4640 reatu

148 4678 285 4762 perjurii
317 4686 350 4741 et
386 4676 719 4740 excommunicationis
751 4677 913 4740 sententia
943 4674 1135 4756 supradictis
1163 4675 1347 4741 innodatum

1149 4793 1198 4844 ψ
