2992 5258
437 421 607 492 Responsum
623 421 755 490 numum,
773 421 817 477 uie
838 423 960 479 ussum
979 426 1053 481 reus.
1265 398 1337 495 ¹231

153 621 350 704 praedicare,
387 622 471 703 quod
492 624 653 707 praelatus
676 623 822 690 dominus
843 626 1101 708 archiepiscopus
1123 627 1335 693 continuando

151 723 313 789 literarum
333 724 578 805 apostolicarum
602 725 829 804 executionem,
851 725 1030 806 hujusmodi
1044 727 1182 792 inhibuit
1195 727 1229 791 in
1243 746 1340 808 gene·

151 823 206 886 rali
228 822 349 904 synodo
372 830 447 888 tunc
461 825 583 905 Pragae
605 830 808 904 congregata.
828 827 901 906 lpse
922 843 999 890 vero
1020 827 1160 892 Joannes
1181 827 1251 892 Hus
1266 846 1340 893 exe·

151 923 268 987 cationi
301 923 457 989 dictarum
476 923 656 1002 literarum,
690 943 748 990 nco
769 942 834 990 non
855 927 1034 991 sententiae
1066 933 1100 992 et
1131 927 1338 1009 prohibitioni
1365 912 1385 932 ”

149 1022 326 1107 hujusmodi
362 1024 401 1089 de
421 1024 506 1089 iacto
527 1042 562 1089 se
585 1025 749 1107 opposuit,
782 1032 816 1090 et
837 1032 911 1106 post
932 1026 1066 1091 candem
1091 1027 1338 1108 prohibitionem

149 1122 187 1187 de
208 1142 317 1189 mense
338 1125 441 1204 Junii,
464 1131 498 1190 et
519 1124 709 1207 praesertim
723 1123 814 1189 XXII
836 1124 887 1190 die
909 1125 994 1189 illius
1008 1128 1135 1206 mensis,
1158 1132 1245 1191 etex
1263 1133 1337 1208 post

149 1222 291 1303 pluribus
323 1231 357 1291 et
386 1224 520 1290 diversis
552 1224 688 1303 uicibus,
717 1225 750 1289 in
773 1225 907 1306 quadam
929 1225 1051 1307 capella
1071 1226 1238 1291 Bethleem
1253 1245 1334 1291 nun·

149 1331 262 1405 cupata
296 1323 351 1389 ad·
369 1325 518 1406 populum
551 1324 765 1405 praedicauit,
788 1332 822 1390 et
852 1325 971 1389 ibidem
1002 1327 1153 1408 populum
1175 1327 1337 1408 copiosum

148 1425 331 1490 convocavit
363 1430 397 1489 et
427 1425 595 1490 convocari
616 1425 815 1505 procuravit,
848 1431 960 1490 contra
980 1425 1227 1507 prohibitionem
1247 1433 1337 1491 ante·

149 1521 272 1588 dictam

250 1622 370 1686 Veram
390 1631 449 1704 cot,
482 1624 556 1704 quia
585 1623 816 1705 appellaveram
844 1624 890 1687 ad
909 1625 1014 1705 ipsam
1035 1623 1259 1687 Alexandrum
1276 1644 1337 1706 pro

147 1721 267 1785 roselieri
288 1723 522 1804 informatione,
544 1724 624 1784 simut
641 1731 730 1804 patet
751 1725 786 1786 in
803 1743 952 1804 processa
973 1744 1094 1787 causae.

242 1822 324 1886 ltem
339 1823 491 1888 articulus
508 1826 556 1902 17,
578 1823 610 1887 in
628 1840 689 1904 quo
701 1825 891 1904 continetur,
916 1823 1001 1904 quod
1023 1822 1184 1904 praelatus
1197 1823 1338 1888 Joannes

150 1921 216 1986 llus
247 1929 312 1987 tam
334 1923 373 1988 de
405 1922 491 1989 dicto
513 1940 622 1987 mense
643 1924 731 1988 Junii
759 1924 833 1988 anni
861 1923 978 1988 domini
1007 1922 1164 1987 millesimi
1185 1918 1337 2003 CCCCX¹,

150 2024 238 2102 qnam
259 2023 355 2087 etiam
370 2028 444 2087 ante
460 2030 493 2088 ct
514 2028 588 2104 post
608 2021 742 2087 indicta
755 2022 878 2104 capella
891 2020 1105 2105 praedicando
1126 2021 1167 2087 ad
1186 2023 1338 2104 populum

152 2122 263 2187 ibidem
296 2121 478 2201 collectum,
513 2128 546 2187 et
579 2123 675 2187 ctiam
696 2122 729 2186 in
751 2121 886 2188 diuersis
906 2122 977 2187 aliis
999 2122 1077 2187 locis
1100 2120 1240 2187 civitatis
1261 2123 1338 2187 Pra-

153 2222 262 2302 pensis,
285 2220 419 2287 diuersis
441 2220 563 2287 vicibus
584 2223 701 2286 multos
722 2238 850 2287 errores
872 2227 905 2287 ct
926 2222 1086 2302 haereses,
1109 2227 1173 2287 tam
1187 2240 1227 2287 ex
1241 2220 1335 2286 dictis

154 2321 234 2386 libris
260 2321 338 2386 dicti
360 2320 517 2403 quondum
537 2320 671 2387 loannis
692 2321 825 2397 Wiclel,
852 2340 945 2404 quam
977 2340 1017 2386 cx
1047 2339 1106 2385 sua
1127 2320 1338 2402 protervitate

156 2427 184 2487 ct
200 2422 369 2488 dolositate
397 2420 550 2502 astruxit,
573 2420 697 2501 docuit,
719 2421 894 2503 disputavit
916 2428 949 2487 et
980 2438 1040 2503 pro
1061 2437 1157 2502 posse
1184 2418 1336 2496 defendit,

155 2522 278 2587 manime
301 2521 530 2602 infrascriptos
552 2520 710 2600 videlicet,
733 2521 816 2602 quod
832 2530 905 2603 post
926 2518 1197 2586 consecrationem
1211 2517 1335 2583 hostiae

154 2618 183 2683 in
200 2621 291 2687 altari
311 2628 440 2688 maneat
461 2622 551 2703 panis
572 2622 746 2688 materialis
768 2622 818 2687 vel
839 2622 1017 2687 substantia
1038 2621 1139 2703 panis.

244 2722 320 2783 Non
340 2728 385 2783 eat
405 2740 520 2784 onam.

244 2821 323 2886 lteun
337 2821 491 2886 articulus
508 2825 556 2898 18,
578 2822 611 2886 in
633 2840 695 2902 quio
711 2823 901 2902 continetur,
924 2820 1008 2903 quod
1030 2821 1179 2885 sacerdos
1195 2821 1335 2884 existens

156 2917 331 3000 inpeccato
352 2922 478 2987 mortali
500 2940 564 2987 non
585 2922 711 2988 conticit
732 2939 848 3006 corpus
869 2922 1003 3000 Christi,
1032 2939 1096 2986 non
1118 2921 1257 3000 ordinat,
1272 2939 1336 2986 non

158 3017 294 3098 baptism.

242 3121 315 3183 Non
335 3127 380 3182 cst
400 3140 524 3193 omino:
545 3142 623 3184 nam
642 3122 825 3202 praedicari
846 3123 1029 3203 oppositum.

243 3219 320 3286 ltchr
352 3220 505 3285 articulus
530 3225 584 3301 19,
616 3222 650 3286 in
679 3241 741 3303 quo
773 3223 969 3299 continetur,
1003 3220 1088 3303 quod
1118 3218 1335 3298 indulgentiae

161 3331 248 3394 popnc
267 3337 323 3385 sen
345 3321 566 3402 episcoporum
588 3339 760 3388 concessae
781 3322 860 3387 nihil
882 3330 1024 3404 prosunt.

167 3450 173 3461 ·
245 3419 315 3483 Non
335 3427 382 3485 eat
401 3440 523 3499 oemcm3
552 3423 755 3502 pecuniariae
780 3429 886 3483 autern
913 3420 1130 3501 indnlpcntiaa
1157 3424 1334 3487 cumiano,

162 3514 185 3568 ά
201 3521 372 3583 erectionem
393 3522 495 3583 macie
510 3521 638 3600 factam
652 3530 764 3584 contra
777 3521 977 3586 Christianos
989 3521 1161 3602 reprobavi,
1181 3527 1210 3582 ct
1223 3518 1335 3599 acripai

162 3605 192 3666 de
215 3614 428 3701 indalpentiir,
459 3625 537 3702 qnod
563 3621 738 3685 aocerdotea
766 3622 887 3686 Christi
916 3628 1054 3702 poseant
1083 3617 1335 3683 ministerialiter

163 3703 459 3783 &inremissionem
481 3729 681 3801 peccatoram
707 3742 774 3784 uere
799 3723 944 3785 contritis
971 3728 1002 3784 et
1023 3721 1173 3804 conscisio
1194 3739 1213 3781 a
1231 3737 1334 3800 poena

164 3811 185 3864 ⁶2
201 3830 220 3870 a
239 3819 333 3900 culpa.
1083 3840 1105 3883 a

245 3917 320 3985 ltem
340 3921 494 3986 articulus
518 3924 568 4001 21,
590 3923 622 3986 in
645 3940 706 4003 quo
722 3923 912 4002 continetur,
934 3922 1019 4004 quod
1039 3923 1179 3986 Romana
1200 3917 1334 3984 ccclesia

165 4001 197 4066 lii
214 4027 368 4100 synagoga
390 4020 535 4085 Satanae.

246 4120 314 4180 Non
329 4128 373 4181 eet
389 4140 504 4198 turoam
521 4142 597 4182 nam
606 4142 692 4200 pono
707 4123 742 4182 in
758 4120 837 4185 libro
855 4122 912 4203 „dc
925 4122 1097 4199 Ecoleaia,“
1116 4124 1333 4181 earesnnctam

166 4200 323 4281 Himeram
345 4220 520 4298 ecclesiam,
549 4242 626 4301 qnae
646 4228 707 4300 eet,
738 4222 909 4283 acciendum
929 4229 1069 4297 sanctos,
1102 4240 1208 4281 omnes
1221 4217 1332 4299 fidolus

166 4297 316 4382 Christiani
336 4320 381 4383 ad
403 4319 610 4384 obedientiam
630 4323 774 4385 Romani
792 4323 954 4405 pontificio
972 4324 1072 4405 jacta
1094 4321 1189 4402 lepem
1212 4317 1332 4381 Gloriati

164 4412 332 4483 letantes.

244 4517 318 4586 ltcm
345 4521 498 4587 articulus
519 4526 580 4602 24,
613 4523 646 4586 in
668 4541 728 4604 quo
752 4523 951 4602 continetur,
978 4519 1061 4602 quod
1083 4519 1169 4584 nulla
1188 4518 1331 4585 haeresis
1450 4536 1456 4545 ’

168 4597 260 4684 illbont
274 4623 475 4688 exterminari
490 4641 548 4704 per
561 4624 744 4706 potentiam,
757 4622 812 4689 sed
828 4642 887 4706 por
901 4620 1148 4705 disputationem
1160 4621 1192 4684 in
1205 4618 1329 4690 scholis.
1373 4624 1377 4631 “
