2992 5258
157 381 227 453 m
403 380 608 437 Controverslae
625 380 660 436 de
677 380 808 448 religione
825 382 853 435 in
870 379 1012 436 Bohemla:
1031 382 1105 437 1417.

730 583 764 648 Β.

158 738 258 792 utura
274 755 321 790 eeu
339 735 458 805 epistota
476 735 647 803 responsiva,
664 735 775 803 scripto
790 750 846 803 pe
860 713 1038 789 reverendam
1055 737 1222 804 mupiolntm
1235 735 1340 806 stepha·

488 835 556 872 m
572 817 663 872 Pata
679 817 843 872 Ολνίεταηπο
861 828 1016 887 apostata,

257 987 443 1055 Reverendo
465 987 618 1070 magister
644 991 678 1051 et
698 986 799 1052 irater
821 993 953 1070 proptor
982 985 1146 1053 Christum
1177 986 1295 1060 &lecte
1316 996 1343 1054 et

155 1093 276 1158 utinam
290 1090 393 1157 adhuc
412 1089 445 1153 in
467 1085 594 1153 christo
610 1085 786 1166 diligendel
810 1085 931 1154 Natura
945 1087 1030 1152 enim
1043 1088 1181 1154 hnmana
1195 1104 1254 1154 ros
1272 1086 1343 1159 snt

155 1192 231 1259 mihi
249 1191 435 1275 proximum,
455 1195 491 1255 et
512 1189 558 1254 sic
575 1193 710 1270 propter
731 1186 892 1254 Christum
914 1187 1119 1284 diligendum,
1140 1189 1213 1272 ipso
1225 1188 1344 1273 praeci·

155 1292 287 1377 piente:
313 1290 453 1373 „Diliges
475 1289 651 1371 proximum
673 1295 762 1354 tunm
784 1290 920 1357 sicutte
943 1290 1046 1373 ipsum
1058 1295 1084 1370 ;“
1109 1308 1221 1357 verum
1243 1296 1344 1357 tamon

155 1398 289 1478 propter
310 1389 501 1456 discordiam
522 1388 734 1455 conscientiae
758 1406 813 1454 vos
828 1389 978 1456 retrahor
999 1390 1137 1472 diligere
1155 1391 1189 1456 in
1211 1389 1344 1456 Christo.

155 1494 226 1561 Non
249 1495 332 1558 enim
354 1489 556 1573 potestinter
570 1507 628 1554 nos
652 1507 722 1556 esse
745 1489 903 1556 discordia
924 1492 956 1555 in
979 1492 1183 1573 conscientie,
1206 1490 1270 1557 nisi
1291 1508 1344 1574 ego

155 1592 275 1675 aliquid
309 1592 359 1657 vel
381 1590 486 1671 aliqua
514 1589 651 1671 jndicem
681 1607 754 1654 osse
775 1591 857 1656 mala
885 1591 918 1655 in
945 1593 1096 1674 moribus,
1128 1599 1186 1659 ant
1207 1593 1255 1658 eis
1270 1610 1344 1674 quae

156 1701 233 1760 sunt
254 1692 328 1758 fidei
350 1690 524 1757 catholicae
545 1692 713 1770 contraria,
736 1710 816 1772 qnae
833 1709 887 1756 vos
900 1710 976 1758 vera
993 1693 1153 1775 judicatis
1176 1694 1228 1760 rel
1243 1712 1262 1759 e
1277 1709 1343 1759 con·

154 1813 257 1860 verso.
281 1793 458 1873 Utrumque
487 1809 563 1856 vero
585 1792 706 1872 horum,
739 1793 817 1857 heul
841 1795 977 1875 reperio,
1007 1812 1077 1859 cum
1098 1813 1168 1877 ego,
1198 1813 1250 1859 me
1276 1791 1343 1858 fidei

154 1897 252 1962 totins
282 1893 481 1960 conformans
511 1891 772 1971 christianitatis,
814 1894 906 1975 plura
931 1893 1038 1976 judico
1068 1901 1101 1959 et
1128 1911 1242 1961 assem
1278 1899 1343 1959 esse

153 1995 228 2062 fidei
250 1995 443 2061 christianae
465 1992 633 2083 contraria,
655 2011 737 2073 quae
759 2011 817 2075 per
828 2011 884 2059 vos
906 2000 940 2059 et
961 2000 1085 2061 vestros
1108 2012 1273 2078 sequaces,
1294 1993 1342 2059 de·

154 2097 260 2179 posita
281 2093 484 2172 conscientia,
507 2093 666 2175 intrepide
689 2098 801 2160 contra
818 2094 984 2186 ecclesiam
1006 2102 1147 2162 sanctam
1169 2096 1341 2179 practicar-

155 2205 216 2278 tur,
238 2201 424 2263 asseruntur
446 2200 480 2261 et
501 2194 762 2276 dogmatisantnr.
785 2194 948 2273 Quomodo
971 2214 1056 2278 ergo,
1080 2203 1117 2263 nt
1137 2195 1288 2278 scribitis,
1316 2193 1341 2259 si

153 2317 211 2382 pro
234 2317 318 2363 nunc
340 2314 447 2361 sumus
469 2295 633 2360 discordes
654 2295 688 2359 in
715 2295 918 2376 conscientia,
945 2315 1017 2362 csse
1039 2315 1208 2380 possumus
1230 2298 1265 2362 in
1283 2296 1340 2362 ira·

154 2406 246 2466 terna
263 2397 418 2464 caritate?
439 2395 509 2461 Nisi
521 2396 612 2477 Juxts
633 2395 834 2478 theologiam,
857 2414 950 2478 qnam
962 2399 1026 2481 jam
1047 2397 1243 2480 practicatis,
1266 2397 1340 2464 uari·

154 2506 204 2565 tas
229 2498 372 2563 fraterna
400 2494 503 2576 possit
529 2510 600 2558 esse
623 2493 691 2560 sine
719 2493 781 2560 tide
809 2499 843 2560 et
864 2495 960 2560 variis
988 2495 1152 2562 erroribus
1184 2497 1338 2579 inplicata

154 2599 232 2664 Cum
258 2605 364 2663 tamen
393 2595 446 2659 illc
468 2611 635 2677 supremus
664 2594 831 2676 theologus
860 2603 933 2678 post
954 2595 1126 2678 Christum,
1152 2597 1263 2680 aquila
1281 2596 1339 2663 alte

153 2699 271 2779 volans,
286 2697 386 2763 dicat:
410 2693 462 2776 ,Si
477 2696 547 2776 quis
562 2696 650 2760 venit
660 2696 700 2761 ad
712 2714 777 2777 vos,
800 2704 833 2762 et
848 2697 928 2763 hano
942 2696 1127 2779 doctrinam,
1148 2717 1243 2780 quam
1257 2704 1340 2765 tenet

152 2800 288 2867 ecclesia
302 2803 412 2863 sancta
423 2795 586 2874 catholica,
602 2813 666 2861 non
680 2794 782 2876 affert,
798 2797 897 2863 nolite
919 2817 991 2864 enm
1003 2797 1148 2881 recipcre
1159 2799 1193 2864 in
1209 2798 1338 2877 domum,

153 2918 213 2967 nec
235 2918 292 2965 ave
314 2897 343 2963 ei
359 2896 521 2975 dixeritis;
544 2897 597 2977 qui
620 2896 703 2961 enim
719 2896 798 2962 dicit
819 2897 865 2963 illi
886 2916 954 2979 ave,
970 2899 1181 2966 communicat
1195 2897 1338 2982 operibus

152 3001 237 3066 illius
264 2997 410 3079 malignis
438 3015 477 3063 cx
496 2996 596 3079 priori
621 2996 766 3078 radice“;
789 2999 945 3079 quomodo
957 2998 1052 3065 etiam
1067 3000 1206 3082 potestis
1228 2999 1340 3067 habere

60 3162 65 3167 .
151 3102 325 3167 fraternam
346 3098 520 3176 caritatem,
543 3098 732 3180 praesertim
753 3098 786 3162 in
808 3097 866 3178 his,
890 3117 969 3181 quac
985 3099 1164 3181 respiciunt
1184 3099 1338 3183 proximo·

152 3220 220 3266 rum
243 3199 400 3264 salutem?
422 3198 577 3276 Quoniam
595 3199 714 3280 judicio
745 3217 816 3264 meo
838 3206 872 3266 et
895 3201 993 3265 totius
1021 3200 1177 3268 ecclesiae
1206 3207 1338 3280 sancho,

152 3301 202 3368 cni
224 3300 257 3365 in
278 3297 386 3365 multis
408 3316 489 3379 quae
511 3306 585 3363 sunt
607 3298 681 3365 fidei
703 3299 864 3380 resistitis,
886 3319 949 3365 non
971 3302 1162 3384 procuratis
1192 3303 1251 3370 sed
1277 3303 1337 3385 ple·

152 3403 251 3468 banos
280 3416 373 3465 votos
395 3403 429 3464 et
450 3399 623 3465 catholicos
652 3399 765 3481 repelli
786 3401 826 3465 ab
848 3401 991 3467 ecclesiis
1013 3401 1152 3485 propriis
1174 3403 1339 3486 disponere

153 3507 212 3580 tes,
233 3501 383 3580 intrusos,
411 3499 594 3580 sacrilegos
625 3500 813 3581 desperatos
835 3502 950 3570 fovetis
972 3509 1006 3569 et
1025 3503 1098 3569 illos
1123 3503 1249 3571 intrudi
1269 3499 1340 3570 totis

152 3600 317 3667 conatibus
339 3600 501 3679 laboratis,
524 3607 558 3665 et
579 3600 749 3666 dilectione
764 3603 978 3683 proximorum
993 3604 1181 3687 postposita
1203 3622 1261 3671 eos
1275 3602 1340 3670 cibo

151 3700 314 3766 salutifero
343 3700 527 3782 spoliantes,
557 3702 644 3782 ipsos
673 3719 731 3783 per
752 3709 876 3768 vestros
908 3705 1049 3769 intrusos
1078 3704 1254 3785 sacrilegos
1274 3702 1340 3769 cibo

133 3801 281 3867 nutrius
303 3807 469 3866 venenato.
491 3800 570 3865 Nam
592 3801 727 3866 adhunc
748 3801 851 3881 finem,
875 3804 1038 3870 catholicis
1061 3804 1206 3886 plebanis
1236 3803 1340 3887 expul-

150 3902 203 3981 sis,
226 3907 351 3966 vestros
373 3901 545 3982 sacrilegos
568 3918 703 3983 nequam
718 3904 921 3984 promovetis,
943 3909 979 3969 ut
990 3922 1065 3971 suos
1087 3923 1217 3972 errores
1237 3903 1338 3970 multi·

149 4002 269 4084 plicent
293 4003 387 4068 etin
416 4001 542 4084 populis
575 4002 788 4068 introducant.
830 4003 930 4071 Estne
958 4004 1018 4073 hoc
1046 4004 1189 4071 fraterna
1217 4005 1337 4075 caritas.

149 4102 282 4168 salutem
305 4102 480 4184 respiciens
496 4103 719 4183 proximorum,
741 4111 775 4168 et
795 4123 858 4170 non
872 4105 978 4187 potius
994 4105 1182 4173 diabolicam
1209 4111 1338 4173 mortem

150 4220 325 4285 procurans
345 4204 527 4286 animarum,
551 4222 643 4284 quam
659 4205 753 4269 etiam
776 4205 852 4270 mihi
875 4207 959 4271 circa
979 4224 1056 4274 oves
1083 4207 1269 4275 commissas
1288 4222 1337 4272 ex·

149 4304 259 4370 hibere
282 4305 428 4385 satagitis
457 4323 495 4368 ex
519 4304 745 4385 compassione,
768 4323 874 4371 amore
896 4313 931 4372 et
952 4306 1061 4372 debito
1080 4307 1247 4377 simulatis.
1270 4305 1337 4373 Uno

150 4405 232 4469 enim
253 4404 451 4471 mercenario
473 4404 604 4486 expulso
628 4405 791 4487 pestifero,
813 4407 909 4472 alium
930 4408 976 4475 ita
997 4407 1187 4492 pestiferum
1208 4407 1251 4474 ad
1270 4424 1337 4490 pus·

149 4505 283 4570 cendum
305 4523 380 4570 oves
408 4505 562 4571 ecclesiae
590 4522 680 4570 meae
702 4507 940 4586 praesentastis.
969 4505 1042 4581 Non
1065 4506 1291 4588 cuimdubilo,
1312 4505 1337 4572 si

150 4606 264 4670 vestris
287 4614 319 4671 et
334 4612 511 4671 vestrorum
528 4606 691 4670 erroribus
713 4611 800 4671 esset
821 4606 1008 4683 contrarius,
1020 4607 1091 4687 ejus
1104 4607 1190 4673 sicut
1210 4608 1337 4673 aliorum
