2992 5258
151 395 214 462 266
362 392 436 447 Petri
453 390 487 445 de
504 389 681 445 Mladenouic
699 389 795 445 relatio
813 390 847 444 de
865 391 905 444 bl.
921 391 948 444 J.
965 389 1025 445 Has
1042 405 1139 445 musa:

251 595 370 661 Gedula
407 594 587 675 subscripta
619 598 669 657 est
701 592 794 658 dictis
826 593 952 658 concilii
986 594 1150 659 nationum
1183 593 1350 675 deputatis

151 697 258 762 oblata
278 696 335 762 fer.
358 701 449 759 sextu
470 700 544 759 aute
557 694 709 774 Marcelli,
733 693 784 758 die
800 695 910 759 ultima
923 696 1041 759 mensis
1063 694 1147 775 llaji,
1170 712 1230 776 par
1245 694 1349 758 donui-¹

149 813 208 861 nos
223 797 410 862 Bohemicae
425 803 458 862 et
473 797 640 861 Polonicae
656 796 793 860 nationis
816 795 1029 877 supradictam
1054 794 1198 877 (praeter
1217 795 1347 859 clausu·

150 897 213 962 lam
243 899 389 979 primam,
421 896 571 961 uidelicet
601 895 687 967 illam
711 896 931 974 „serenissimo
964 895 1120 977 principi“
1153 912 1254 976 usque
1289 892 1349 957 illa

150 1114 259 1177 regem
295 1100 551 1177 coucementes3)
585 1102 619 1162 ct
652 1096 795 1178 deputati
828 1096 992 1161 nationum
1024 1095 1236 1161 decreverunt
1265 1094 1345 1158 sub·

151 1197 302 1279 scriptam
323 1202 442 1263 cartam
464 1197 599 1262 dominis
620 1197 654 1260 in
675 1196 833 1279 publicam
855 1196 985 1261 formam
1007 1215 1065 1278 per
1086 1197 1228 1279 ipsorum
1242 1193 1346 1276 depu-

151 1300 290 1361 tatorum
311 1298 469 1362 notarium
496 1297 709 1377 redigendam.

250 1413 329 1478 Cum
360 1414 420 1478 hac
449 1414 560 1479 cedula
592 1415 732 1480 oblatum
764 1419 815 1478 cst
847 1413 1091 1477 instrumentum
1112 1410 1344 1491 recognitionis

149 1512 296 1595 publicae
327 1515 496 1579 reverendi
530 1516 630 1597 patris
657 1515 774 1579 demini
797 1513 919 1579 Nicolai
942 1513 1082 1595 episcopi
1104 1511 1344 1589 Nazaretensis,

150 1630 212 1695 quo
234 1612 403 1680 confitetur
418 1622 575 1696 tamquam
597 1615 766 1696 inquisitor
780 1614 1013 1680 haereticorum
1035 1632 1054 1677 a
1076 1612 1152 1676 sede
1167 1609 1350 1693 apostolica·

55 1748 70 1771 ι
150 1713 271 1778 civitati
293 1720 326 1779 et
346 1714 465 1780 diocesi
487 1715 639 1795 l’rageusi
667 1714 855 1796 deputatus,
877 1714 961 1796 quod
985 1732 1024 1777 ex
1045 1711 1344 1776 conversationibus

151 1819 185 1878 et
217 1814 437 1880 collationibus
466 1815 609 1896 pluribus
642 1834 712 1879 curn
735 1815 776 1881 Μ.
799 1814 869 1878 Hus
890 1813 982 1878 factis
1004 1811 1124 1876 nullum
1146 1811 1180 1874 in
1202 1829 1240 1874 co
1257 1828 1348 1875 erre·

153 1931 221 1977 rem
242 1915 293 1979 vel
314 1916 471 1980 haeresim
492 1915 624 1994 invenit,
647 1922 683 1979 ut
704 1915 739 1977 in
761 1915 845 1979 dicto
868 1914 992 1995 patebit
1014 1913 1236 1977 instrumente.

250 2013 371 2079 ibidem
402 2014 497 2079 etiam
530 2014 637 2079 oblata
669 2023 719 2079 est
740 2015 834 2079 litera
863 2014 1017 2077 barontum
1039 2012 1199 2077 Meraviae
1221 2028 1348 2074 recom-

150 2112 330 2179 mendativa
361 2113 416 2178 Μτί
439 2114 507 2179 Hus
541 2131 612 2178 cum
644 2114 690 2178 XI
722 2115 844 2194 sigillis,
877 2102 1027 2195 Sequitur
1056 2112 1155 2192 igitur
1177 2110 1292 2175 cedula
1313 2110 1347 2175 iu

149 2213 229 2279 haec
250 2215 348 2279 verba
369 2214 463 2294 (cic).

250 2329 338 2395 Haec
359 2330 466 2396 oblata
487 2337 561 2396 sunt
582 2330 662 2398 laria
684 2337 775 2396 sexta
794 2332 937 2413 proxima
958 2336 1031 2412 post
1053 2327 1346 2411 festum-'Corporis

151 2428 270 2494 Christi
283 2429 335 2513 (31
360 2430 450 2512 ltlaji)
469 2430 631 2513 deputatis
664 2432 826 2496 nationum
848 2450 907 2513 per
928 2430 1071 2496 dominos
1092 2429 1252 2492 Bobemos
1275 2446 1346 2492 cum

151 2530 285 2613 publicis
306 2529 526 2595 iustrumentis
557 2530 783 2613 infrascriptis
817 2536 945 2612 praeter
973 2529 1130 2594 clausulas
1152 2528 1288 2610 primaru
1312 2537 1345 2591 et

150 2631 292 2695 ultimam
322 2646 431 2709 regem
452 2637 698 2703 concernentes,
727 2649 797 2695 curu
819 2629 933 2711 quibus
966 2628 1076 2693 eadem
1105 2627 1220 2692 literae
1255 2628 1346 2711 copia

152 2730 262 2796 eadem
278 2729 330 2794 die
351 2729 420 2811 regi
442 2736 493 2795 est
514 2734 727 2812 praesentata.

250 2881 444 2941 Serenissimo
477 2883 603 2954 principi
626 2888 656 2940 et
689 2883 805 2940 domino
836 2882 1029 2956 sigismunde,
1062 2880 1261 2941 Romanorum
1282 2879 1345 2953 regi

152 2985 429 3056 cooperuimuste,
453 2989 483 3042 et
503 2983 679 3055 Hungariae,
701 2981 875 3059 Dalmatiae,
899 2983 1036 3042 croatiae
1057 2997 1094 3041 ac.
1114 2983 1192 3055 regi,
1222 2981 1342 3041 donduo

151 3090 254 3142 nostro
277 3083 505 3156 gratiosissimo,
528 3084 672 3142 sinceram
693 3088 724 3141 et
744 3080 860 3140 fidelem
881 3082 912 3140 in
935 3082 1068 3141 omnibus
1092 3081 1272 3140 servitutem.

250 3181 444 3242 serenissime
467 3184 605 3255 princeps
628 3188 659 3240 et
679 3182 796 3240 domiue
819 3181 1047 3254 gratiosissime!
1079 3181 1203 3239 Vestrae
1227 3178 1345 3239 Sereni·

151 3283 205 3343 tati
226 3283 430 3356 praesentibus
444 3281 653 3354 significamus,
676 3282 819 3355 quodnos
842 3280 1024 3352 infrascripti
1048 3279 1177 3338 unanimi
1198 3294 1344 3339 consensu

151 3389 183 3442 et
202 3384 268 3454 pari
288 3388 356 3440 voto
369 3383 530 3441 concordes
553 3383 627 3441 hanc
648 3389 776 3440 nostram
799 3380 921 3440 inferius
943 3381 1119 3451 descriptam
1140 3378 1344 3437 rationabilem

151 3488 181 3542 et
199 3483 307 3554 justam
328 3488 359 3539 ct
380 3483 565 3540 exauditione
588 3483 704 3555 dignam
736 3482 906 3553 petitionem
929 3479 1021 3539 renai·
1041 3482 1072 3538 in
1104 3480 1223 3539 Christo
1253 3479 1342 3550 patri·

150 3581 205 3639 bus
227 3588 257 3639 et
281 3581 406 3639 dominis
434 3588 559 3653 quatuor
580 3583 728 3640 nationum
756 3582 903 3652 deputatis
932 3583 1044 3654 totique
1075 3595 1160 3639 sacre
1191 3578 1341 3651 praeacuti

152 3680 369 3741 Constantiensi
391 3680 515 3739 concilio
538 3681 672 3740 duximus
694 3682 910 3754 porrigendam.
953 3680 1043 3754 Cujus
1064 3687 1151 3739 tenor
1171 3695 1228 3752 per
1248 3679 1343 3738 omnia

151 3782 188 3841 de
208 3781 299 3839 aerbo
321 3780 359 3838 ad
380 3780 500 3838 verbum
522 3782 653 3853 aequiter
675 3788 705 3840 et
725 3787 772 3840 est
792 3781 872 3839 talis:
1194 3775 1197 3781 ’

253 3899 522 3972 „Reuerendissimi
543 3901 573 3958 iu
596 3899 714 3959 Christo
736 3906 836 3970 patres
866 3905 896 3958 ct
924 3899 1052 3957 dominil
1087 3896 1191 3968 Nuper
1212 3894 1270 3958 luit
1288 3908 1341 3968 pro

146 4005 234 4071 parte
263 3998 446 4056 dominorum
475 4005 505 4058 et
532 4000 673 4057 nobilium
699 3999 836 4081 militum·
852 4005 882 4057 et
908 3999 1078 4056 militarium
1108 3996 1284 4056 Bobemicae
1312 4000 1342 4054 ct

149 4098 311 4159 Polonicae
334 4099 460 4156 nationis
482 4100 597 4158 Vestris
620 4081 851 4179 Pateruitatibus
881 4098 1089 4169 supplicatum,
1123 4097 1203 4168 quod
1230 4095 1342 4154 eisdem

150 4198 340 4260 considerare
352 4198 490 4271 placeret,
515 4200 659 4271 quomedo
675 4199 897 4258 informationes
911 4199 986 4272 ipsis
996 4196 1230 4255 Patcruitatibus
1250 4195 1344 4256 focae

150 4315 204 4371 per
225 4298 357 4357 aemulos
379 4299 420 4357 M.
444 4300 567 4359 ,loannis
589 4299 652 4358 llus
674 4299 799 4358 luissent
820 4298 1042 4367 insufficientes,
1068 4305 1099 4355 et
1121 4314 1185 4355 eum
1205 4311 1340 4355 reveren·

150 4398 193 4456 tia
212 4398 368 4471 loquendo,
398 4399 428 4456 in
450 4398 583 4469 pluribus
606 4399 812 4468 claudicantes,
835 4406 865 4456 et
885 4400 916 4457 iu
940 4399 1019 4456 salvo
1042 4398 1186 4457 conductu
1207 4398 1292 4472 regio
1312 4402 1341 4454 et

150 4497 181 4556 in
202 4496 270 4557 aliis
292 4499 431 4567 articulis,
453 4505 485 4558 ut
505 4499 535 4556 in
557 4498 662 4558 cedula
684 4505 752 4557 tunc
774 4499 874 4557 oblata
895 4499 1000 4557 clarius
1022 4497 1202 4560 continetur.
1250 4498 1343 4568 Super

152 4612 209 4671 qua
229 4603 326 4658 tamen
350 4599 454 4659 cedula
475 4605 505 4658 et
525 4598 592 4658 aliis
616 4605 684 4660 tunc
706 4599 855 4671 productis
878 4605 907 4658 et
928 4616 982 4672 per
1004 4598 1039 4657 Ι).
1061 4597 1244 4669 Episcopum
1264 4597 1339 4655 Mer·
