2992 5258
534 142 570 189 d

152 412 215 478 656
400 408 605 463 Θοηῑιονετείεθ
624 408 658 463 de
675 407 852 477 refigionein
870 360 1014 464 ldohemia:
1033 410 1106 468 llll.

80 600 87 621 '
152 616 241 699 pacis
269 613 411 680 osculum
438 616 472 676 et
499 628 703 693 quascunque
738 592 927 681 cerimonias
956 613 1010 679 din
1040 620 1148 681 tentas
1176 615 1210 680 in
1240 620 1341 682 mnata

153 718 205 782 dei
227 714 362 781 ecelesia
383 705 454 778 eum
475 712 547 793 lege
569 713 622 779 dei
643 714 876 780 concordantes
897 716 1018 780 avobis
1040 716 1181 781 evellere
1202 732 1342 798 nonper
1364 726 1395 791 ·,

152 817 295 882 mittatis.
345 816 488 881 Scientes
507 815 598 896 juxta
623 821 805 881 sanatorum
834 832 982 896 canones,
1005 816 1090 898 qnod
1112 816 1146 881 in
1167 818 1221 882 his
1242 816 1342 896 rebus,

152 918 192 983 de
215 917 329 999 quibus
351 917 397 982 nil
429 916 510 982 certi
539 915 646 981 divina
673 919 833 998 scriptura
859 917 988 997 statuit,
1017 935 1086 983 mos
1107 917 1221 999 populi
1238 916 1295 983 dei
1313 922 1344 983 et

152 1018 300 1084 instituta
312 1018 467 1100 majorum
481 1034 540 1099 pro
556 1017 627 1098 lege
643 1014 781 1082 tenenda
803 1022 895 1096 sunt;
917 1021 951 1082 et
965 1017 1048 1084 sieut
1070 1017 1341 1100 praevaricatores

151 1120 256 1200 legum
271 1118 457 1196 divinarum,
479 1118 526 1183 ita
540 1123 758 1183 contemtores
780 1117 1068 1183 ecclesiasticarum
1082 1118 1343 1185 consuetudinum

152 1227 226 1285 sunt
249 1219 426 1285 coercendi.
1052 1238 1067 1249 ‘

252 1320 470 1403 Supplieamus
492 1321 640 1401 insuper,
668 1325 704 1384 ut
726 1319 754 1383 si
776 1318 894 1385 advos
916 1319 1188 1400 dogmatizatores
1209 1338 1342 1403 qnoenn·

152 1439 213 1502 que
234 1421 328 1485 modo
351 1419 587 1502 praedictorum
616 1437 760 1485 errorum
792 1437 864 1484 enm
885 1420 952 1484 suis
972 1419 1062 1485 falsis
1082 1421 1257 1488 sententiis
1278 1438 1342 1503 per·

153 1521 316 1601 venerint,
350 1521 404 1602 qui
431 1526 545 1585 contra
583 1525 785 1602 praesentem
815 1525 956 1586 nostram
984 1521 1104 1587 vellent
1132 1520 1341 1604 dogmatizare

152 1622 360 1700 sententiam,
389 1620 508 1687 tamdiu
531 1621 593 1686 illis
615 1620 749 1686 liberam
771 1620 937 1702 denegetis
959 1621 1172 1702 audientiam,
1202 1622 1341 1705 quamdiu

151 1740 257 1788 coram
285 1722 376 1786 nobis
408 1740 471 1787 non
493 1721 650 1796 docerent
678 1731 767 1787 suam
796 1723 987 1788 sententiam
1007 1721 1079 1787 iore
1099 1723 1236 1804 justam3
1258 1740 1339 1807 prae

152 1822 225 1888 latis
257 1822 411 1887 attentius
445 1828 489 1887 et·
509 1824 677 1905 operosius
710 1821 931 1901 intendentes,
965 1822 1063 1887 veluti
1094 1824 1243 1890 ueritatis
1272 1842 1339 1906 ang·

150 1933 290 1990 mentum
303 1942 490 2006 promovere
501 1929 684 2003 satagentes
699 1929 733 1988 et
745 1923 857 1988 salutis
870 1931 997 1989 vestrae
1019 1943 1056 1988 ac
1078 1923 1242 1989 fraternae
1253 1923 1339 1988 dileo

102 2061 104 2066 Δ
151 2025 248 2089 tionis
259 2024 422 2088 obstacula
443 2042 617 2088 removere.
640 2016 713 2088 Dat.
740 2025 871 2103 Pragae,
895 2042 978 2089 anno
1000 2021 1082 2089 dom.
1106 2021 1336 2101 mccccxvu

150 2124 202 2190 die
224 2125 313 2189 XXV
335 2125 452 2188 mensis
478 2123 639 2202 lanuarii,
672 2124 704 2188 in
736 2123 829 2188 domo
862 2123 946 2188 dotis
979 2123 1009 2189 S.
1031 2123 1199 2190 Michaelis
1220 2121 1338 2207 majera

152 2225 291 2292 civitatis
314 2225 496 2305 l'ragensiS,
518 2230 699 2289 rectoratus
721 2224 780 2288 sub
803 2224 917 2305 sigillo.

151 2830 448 2946 Sigismundus
474 2860 550 2913 rex
569 2860 785 2943 anonymo
812 2833 927 2944 regis
942 2823 1189 2917 Weneeslai
1210 2833 1337 2916 aulico

151 2968 205 3054 de
231 2973 385 3053 misero
412 2965 701 3078 Luoiburgiae
728 2978 855 3071 statu,
884 2966 937 3050 de
962 2965 1207 3079 Anglorum
1233 2967 1337 3080 regis

150 3108 194 3187 in
222 3101 409 3188 Galliam
434 3105 692 3211 irruptione,
735 3099 788 3184 de
816 3103 996 3186 coneilio
1024 3100 1338 3187 Constantiensi

151 3238 301 3321 scribit
327 3238 607 3346 hortaturque
635 3265 748 3342 eum,
780 3248 828 3319 ut
846 3264 1005 3348 ,regem
1035 3236 1091 3318 ad
1120 3236 1338 3320 dissensio·

243 3402 351 3455 nem·
367 3374 410 3454 in
434 3401 569 3484 regno
596 3401 673 3455 suo
704 3371 940 3455 tollendam
974 3382 1257 3456 commoveat.

545 3618 727 3687 Constantiae,
747 3620 822 3685 1417,
839 3576 958 3687 24'Aug.

747 3826 849 3834 --——.·..

534 3921 577 3984 (E
595 3921 654 3973 MS.
672 3920 811 3973 tabrdurr'e'
833 3919 962 3983 Trebam.)

649 4059 847 4067 ο--η-*ῌ

250 4226 402 4309 Sigmund
435 4247 451 4290 z
485 4225 575 4291 bodie
604 4223 723 4289 milosti
754 4223 823 4288 kral
858 4241 898 4306 po
933 4226 995 4289 ude
1027 4227 1102 4307 easy
1136 4225 1334 4292 rozmnoiitel

151 4330 223 4407 iiie,
246 4315 375 4409 Rirnslry'
398 4347 417 4392 a
438 4324 586 4407 Uhersky‘
610 4325 689 4389 kral.

249 4444 396 4527 Urozony‘
413 4444 517 4526 uerny‘
535 4442 623 4525 mily'l
641 4441 803 4507 thamet
817 4442 941 4522 weddti,
967 4446 1005 4507 ie
1026 4446 1205 4525 pohlieohu
1220 4467 1248 4511 w
1261 4447 1336 4511 Luc·

149 4544 245 4610 burae
276 4546 376 4610 welmi
398 4546 446 4609 ule
469 4546 552 4626 stoji,
580 4544 632 4608 ani
655 4543 717 4623 kdy
741 4541 800 4607 hor
825 4541 914 4608 stilo.
959 4545 1028 4610 Neb
1050 4562 1086 4610 se
1108 4549 1190 4613 sami
1212 4546 1333 4612 zemend

149 4647 234 4727 proti
255 4645 332 4710 sobe
353 4644 480 4723 abdiili,
513 4644 569 4709 talr
590 4647 627 4708 ie
650 4651 685 4708 tu
706 4643 788 4708 aemi
815 4643 855 4709 do
878 4644 1005 4709 ostatlra
1025 4646 1152 4727 zkazie,
1186 4647 1328 4713 nebndeli
