2992 5258
149 396 209 458 558
233 434 236 439 .
396 385 599 440 connoversiae
617 383 651 439 de
668 384 798 453 religione
815 385 843 438 in
861 385 1002 443 Bobenia:
1022 385 1095 440 1415.

149 592 299 672 reliquias
322 591 399 672 ejus,
425 585 565 653 funditus
581 606 651 653 cum
673 592 761 653 terra
776 587 959 668 evellentes,
982 586 1015 650 in
1038 585 1345 669 profundumque

148 691 275 757 fluentis
298 689 440 769 Rhenum
467 688 645 754 nominatae
661 685 862 767 demergatis.
885 687 936 752 Sic
959 705 1035 768 ergo
1058 705 1167 752 ornnes
1191 686 1340 768 reliquias

150 791 244 855 etiam
267 807 336 854 cum
359 783 519 853 'cineribus
541 788 574 851 in
599 806 712 868 aquarn
735 788 953 869 projecerunt,
985 787 1047 853 imo
1070 794 1102 852 ct
1124 792 1243 863 vestes,
1265 804 1340 869 quas

149 894 289 954 tortores
313 908 370 971 pro
394 907 428 954 se
457 896 704 970 usurpaverant,
739 887 901 970 praefatus
924 886 1011 952 Clem
1033 885 1198 953 mandavit
1219 886 1342 953 combu-

149 1007 230 1070 rere,
253 1007 351 1071 seque
373 988 544 1072 spopondit
566 987 741 1054 tortoribus
767 989 903 1071 pretium
926 988 1061 1053 vestium
1083 987 1259 1070 triplicare.

248 1187 272 1242 0
288 1187 393 1243 cordati
409 1186 454 1242 dei
470 1186 585 1242 zelotes!
603 1187 816 1242 Animadvertite
830 1193 858 1242 ct
875 1185 963 1241 videte
981 1185 1049 1255 legis
1067 1185 1218 1242 dominicae
1235 1188 1340 1243 nimiam

149 1271 327 1340 dejectionem
345 1277 374 1325 et
390 1272 568 1326 contemtuml
584 1270 664 1325 Juste
678 1269 766 1340 judex
782 1270 890 1338 patiens
907 1277 935 1325 et
951 1269 1066 1329 mulam
1082 1269 1246 1338 misericors,
1265 1285 1340 1339 qnam

101 1364 105 1377 ·
148 1355 233 1423 mira,
252 1370 332 1424 quam
350 1355 485 1423 stupenda
504 1355 590 1409 oculis
606 1355 743 1410 hominurn
761 1360 788 1408 et
805 1354 887 1409 menti
903 1353 1189 1423 incomprehensibilia
1206 1355 1343 1423 operaris!

148 1439 255 1494 Revera
271 1440 384 1494 rationis
409 1446 517 1494 nostrae
543 1439 668 1494 nubilosa
690 1439 843 1509 ignorantia
868 1439 962 1507 nequit
978 1439 1093 1494 scrutari
1111 1437 1214 1493 domini
1228 1437 1341 1507 judicia,

149 1539 229 1592 quam
247 1522 406 1578 difformiter
431 1530 545 1579 naturae
563 1525 713 1592 hnmanae,
739 1523 810 1579 lilios
828 1523 879 1577 sibi
896 1523 1049 1579 carissimos
1065 1522 1210 1578 tormentis
1227 1522 1340 1591 exponit

150 1608 224 1673 terit,
239 1607 334 1676 abjicit
343 1614 370 1662 et
379 1609 525 1662 contemnit
542 1609 631 1676 quein
648 1607 746 1663 mmdia
757 1608 799 1676 (i),
818 1615 848 1662 ut
865 1608 1002 1675 contritos,
1020 1606 1142 1675 abiectos
1156 1612 1339 1662 etoontemtos

148 1691 176 1744 in
193 1690 285 1746 futuro
302 1692 402 1760 gaudio
412 1708 494 1760 super
511 1692 598 1760 erigat
615 1692 753 1746 universis.
772 1692 847 1746 Haeo
862 1697 904 1746 est
921 1692 991 1748 enim
1008 1689 1125 1744 conditio
1143 1695 1172 1744 et
1187 1690 1271 1744 beata
1282 1705 1335 1745 sors

149 1783 302 1830 sanctorum
329 1776 356 1830 in
383 1777 482 1830 misera
505 1777 560 1829 sita
586 1776 753 1843 degentium,
779 1783 810 1830 nt
835 1777 980 1831 saevientia
1006 1774 1143 1843 seculique
1169 1774 1338 1844 malignantis

148 1865 240 1928 spreta
257 1859 369 1914 fallacia
385 1860 420 1914 ad
438 1859 519 1915 aliam
537 1860 636 1913 firmati
654 1859 708 1913 ilde
725 1859 853 1914 incedant
869 1858 1035 1927 qualitatem.
1070 1858 1132 1913 Non
1150 1874 1217 1926 ergo
1233 1860 1337 1913 tristam

149 2028 270 2082 athletae
292 2035 391 2096 morte,
418 2030 462 2096 qui
492 2030 643 2097 peripsam
670 2035 698 2082 et
715 2044 764 2082 nos
789 2030 871 2083 emori
890 2029 994 2096 docuit,
1020 2034 1102 2095 atque
1123 2027 1224 2095 quibua
1241 2027 1293 2081 alie
1309 2025 1337 2081 sd

148 2119 224 2165 astra
241 2112 424 2166 scandendum
448 2113 483 2165 sit
506 2111 705 2167 demonstravit.
741 2112 913 2180 Ogemcnda
937 2111 1107 2166 Constantia!
1131 2127 1148 2165 o
1171 2111 1338 2179 Achitophel,

151 2194 263 2248 dimittis
286 2196 436 2262 Barrabas,
461 2195 595 2264 Simones,
612 2196 730 2258 Jesitas,
756 2197 938 2262 incestuosos,
960 2196 1050 2262 fures,
1074 2194 1196 2250 latrones
1213 2193 1337 2249 nefandos

150 2281 229 2346 colis,
257 2280 427 2348 amplecteris
444 2287 472 2333 et
492 2281 637 2349 veneraris,
656 2281 824 2335 innocentem
843 2288 950 2347 autem,
977 2270 1091 2334 amicum
1109 2277 1169 2346 dei,
1195 2277 1299 2347 justum
1315 2282 1337 2331 el

149 2365 230 2433 pium,
249 2372 351 2417 castum
370 2364 408 2417 sic
425 2366 591 2431 pertractas!
608 2364 750 2417 Lacrimae
768 2372 796 2418 et
813 2380 889 2418 mens
901 2364 990 2430 anxia,
1009 2379 1059 2416 nec
1074 2362 1160 2416 verba
1176 2377 1228 2416 nec
1245 2360 1337 2429 scripta

149 2454 262 2515 possunt
284 2448 399 2515 amplius
423 2455 595 2515 extorquere.
630 2447 653 2501 0
677 2447 797 2509 domine,
818 2448 879 2515 orne
905 2448 956 2501 nisi
979 2453 1008 2501 tu
1031 2446 1097 2500 dare
1123 2446 1229 2514 poterit
1253 2452 1336 2500 uulso

149 2532 277 2585 scientiae
295 2532 412 2600 clavem,
437 2548 583 2600 perquam
600 2532 687 2588 clausi
705 2533 837 2587 sermonis
859 2532 956 2586 ostium
982 2528 1116 2599 possimus
1132 2530 1263 2598 aperire?
1293 2528 1337 2583 He

149 2615 220 2671 enirn
243 2616 277 2670 ah
301 2617 398 2670 aetatis
427 2632 493 2671 suae
519 2624 612 2671 tenera
638 2616 753 2673 infantia
776 2617 815 2671 sic
832 2615 960 2670 studebat
976 2615 1108 2669 altissimo
1125 2614 1248 2681 servire,
1273 2610 1335 2683 quod

99 2690 102 2695 ⁵
148 2701 238 2754 omnia
255 2716 337 2768 opera
355 2716 404 2754 sua
426 2701 461 2753 ad
484 2702 613 2754 honorem
637 2708 665 2753 et
681 2701 793 2768 gloriam
817 2700 968 2768 majestatis
985 2715 1051 2753 suae
1075 2698 1237 2767 nitebatlnr)
1265 2697 1333 2753 faeti·

149 2790 221 2849 tare;
245 2800 295 2837 nec
321 2800 373 2837 nou
397 2784 469 2852 loqui
496 2800 656 2852 possumus,
681 2800 714 2838 ea
737 2800 806 2852 qnae
824 2784 937 2838 vidimus
964 2789 991 2837 ot
1017 2782 1184 2849 audivimus,
1211 2778 1335 2850 quomodo

149 2868 276 2936 cupiebat
297 2886 343 2922 cor
363 2885 440 2922 sunm
467 2869 593 2923 continue
616 2868 769 2935 effundere,
797 2870 833 2940 si¹
846 2884 913 2937 quos
931 2868 1064 2936 potuisset
1079 2866 1115 2921 ad
1132 2866 1204 2920 viam
1222 2864 1334 2920 veritatis

148 2968 283 3018 revocare,
302 2953 530 3006 memhrabhristi
548 2951 688 3007 debilitata
705 2969 753 3021 pro
772 2952 872 3007 viribus
890 2952 1049 3007 roborando.
1084 2950 1137 3005 llic
1153 2951 1272 3019 denique
1283 2965 1333 3005 sen·

149 3054 208 3090 sum
217 3039 313 3091 rationi
326 3037 464 3104 repulatae
477 3036 633 3104 subjiciens,
651 3044 736 3091 tntum
754 3038 883 3091 mundum
895 3037 964 3090 virili
983 3043 1072 3091 mente
1090 3036 1216 3103 calcavit,
1234 3041 1263 3090 et
1274 3033 1334 3090 oolla

150 3121 362 3175 Christianorum
386 3122 503 3189 undique
526 3129 658 3174 terrarum
681 3121 840 3175 diffusorum
867 3121 1033 3176 orthodoxae
1056 3118 1122 3174 fidei
1137 3119 1206 3187 jugo
1223 3120 1332 3174 aubeter-

148 3222 229 3272 nens,
256 3222 285 3258 se
304 3206 361 3272 ipse
379 3207 457 3259 morti
484 3212 649 3274 spontaneae
676 3222 725 3273 pro
748 3205 846 3258 Christi
874 3205 1042 3259 confessione
1069 3204 1194 3272 subjecit
1230 3206 1267 3260 Et
1282 3202 1333 3257 ideo
1372 3248 1375 3255 .

149 3305 245 3343 nomen
264 3306 324 3342 cum
342 3305 380 3355 re,
399 3289 465 3355 Hus,
484 3290 501 3343 i.
513 3306 535 3342 e.
554 3290 682 3342 hauriens
700 3290 812 3342 virtutes
831 3297 992 3356 sanctorum,
1013 3296 1055 3342 est
1072 3289 1153 3357 digne
1172 3290 1292 3356 sortitos,
1307 3300 1333 3339 eo

150 3373 220 3440 quod
247 3373 374 3426 mimdum
401 3374 489 3440 carni,
520 3389 627 3426 carnem
654 3373 759 3440 spiritui
789 3381 817 3426 et
843 3374 966 3441 spiritum
992 3373 1098 3426 domino
1125 3373 1229 3428 servire
1247 3370 1330 3438 calfit

149 3459 264 3525 Propter
280 3458 352 3524 quod
377 3459 511 3511 canticum
536 3459 631 3511 matris
649 3459 739 3511 eximii
757 3459 896 3512 Laurentii
915 3475 967 3512 non
985 3460 1110 3512 inmerito
1128 3457 1277 3511 decantare
1291 3467 1329 3524 po·

151 3543 245 3595 terint:
262 3544 327 3610 Igne
344 3560 386 3595 me
405 3542 580 3603 examinasti,
603 3548 631 3595 et
648 3558 701 3594 non
720 3547 762 3595 est
778 3543 888 3595 inventa
909 3542 936 3595 in
953 3557 996 3594 me
1013 3542 1151 3608 iniquitas,
1169 3556 1225 3609 qua
1242 3540 1333 3595 seilicet

149 3634 242 3679 auctus
259 3626 440 3693 praelatorum
463 3640 506 3678 me
524 3626 622 3679 asserit
639 3626 810 3679 maculatum.
844 3625 928 3678 Nobis
953 3641 1016 3691 ergo
1034 3626 1062 3678 in
1079 3625 1237 3681 miseranda
1253 3630 1281 3679 et
1293 3620 1332 3676 tie·

149 3710 195 3763 bili
214 3709 283 3762 valle
301 3710 420 3777 relictis,
450 3717 511 3776 post
536 3709 645 3775 (lucem,
673 3710 829 3777 magistrum
855 3717 883 3763 et
909 3709 1059 3774 doctorem,
1085 3707 1219 3764 orandum
1237 3718 1278 3764 est
1293 3720 1332 3776 pro

149 3794 358 3861 perseverantia,
378 3800 407 3846 ut
424 3793 536 3846 accincti
557 3792 639 3845 armis
657 3792 762 3860 legiferi
780 3793 879 3846 domini
897 3793 981 3846 riustri
999 3793 1067 3846 Jesu
1085 3792 1186 3847 Christi
1209 3800 1238 3848 et
1254 3808 1329 3847 exem·

149 3878 201 3945 plis
218 3878 338 3944 magistri
361 3877 576 3930 christianissimi
594 3877 632 3929 sic
657 3875 813 3930 studeamus
832 3877 929 3943 virere,
957 3883 987 3930 ut
1004 3875 1039 3929 ad
1056 3883 1165 3944 portum
1182 3876 1279 3932 salutis
1294 3888 1331 3927 va·

149 3962 253 4015 leamus
270 3962 418 4028 pervenire.
446 3964 468 4013 0
487 3961 601 4027 domine,
619 3977 699 4029 qnam
717 3961 862 4028 gloriosum
880 3962 915 4015 sit
932 3976 1017 4030 genus
1035 3960 1105 4014 bene
1122 3961 1215 4015 vivere
1233 3968 1258 4016 et
1274 3960 1332 4013 bene

149 4045 231 4099 mori!
249 4045 321 4112 quod
332 4046 399 4098 bene
414 4047 489 4111 mori,
509 4046 656 4099 secuudum
667 4047 856 4113 Augustinum,
875 4046 926 4099 nisi
936 4047 991 4099 vita
999 4046 1069 4100 bona
1078 4046 1270 4112 praecesserit,
1287 4057 1331 4095 non

148 4129 221 4182 valet
237 4130 359 4197 reperiri.
394 4132 479 4196 Quam
503 4129 648 4196 gloriosum
671 4146 756 4197 genus
774 4131 855 4183 etiam
880 4146 928 4197 pro
943 4129 1051 4197 justitia
1067 4129 1229 4198 agonisare,
1246 4135 1273 4183 et
1287 4140 1331 4181 nov

149 4214 271 4279 agoniam
301 4214 422 4269 mortalis
453 4215 628 4281 aegritudiuis
662 4217 834 4281 exspectare!
862 4215 927 4281 Quis
954 4230 1036 4268 sanae
1063 4213 1161 4267 mentis
1188 4230 1244 4268 non
1267 4208 1331 4265 malit

149 4298 229 4350 vitam
247 4298 403 4364 virtutibuS,
429 4316 509 4365 quam
538 4300 671 4352 vermibus
700 4298 858 4364 resignare?
875 4296 991 4352 Proinde
1015 4296 1093 4351 fortis
1119 4297 1173 4351 viri
1200 4297 1330 4355 induentes

148 4381 279 4447 animum,
307 4381 426 4435 dicamus
445 4384 617 4450 compariter:
645 4383 701 4435 Ista
720 4383 808 4436 solent
825 4381 900 4441 fieri3
919 4381 1039 4435 dicamus
1064 4380 1187 4450 rigidius,
1207 4380 1329 4436 debebant

149 4465 222 4531 fieri,
240 4465 360 4520 dicamus
379 4467 547 4520 Christianae
565 4467 688 4534 religioni
705 4467 926 4534 congrugentius:
944 4466 1014 4519 bene
1032 4465 1106 4518 facta
1124 4468 1203 4519 suntl
1220 4467 1306 4520 Arnen

249 4550 349 4611 „Haec
366 4553 478 4619 scripsit
494 4551 656 4604 Jacuteuua
673 4550 835 4603 Moraviom
853 4551 965 4603 assidam
983 4550 1103 4618 plebano
1120 4549 1152 4601 in
1169 4547 1325 4602 susanam

158 4635 332 4700 Wiolefiatae,
351 4645 376 4688 et
394 4638 489 4690 eudem
505 4636 601 4689 scribit
618 4637 713 4690 enodis
728 4653 779 4705 per
796 4644 891 4704 partes
907 4636 1034 4688 diversos
1054 4641 1108 4688 κέ*
