2992 5258
480 407 596 465 Articuli
614 407 756 465 Michaelis
772 406 807 462 de
824 405 928 464 causis.
947 409 1021 465 1⁴14.
1294 408 1355 475 199

260 611 366 677 Etiam
392 611 420 677 si
448 612 564 677 evadet
590 611 860 693 qualitercumque
882 610 922 675 de
947 608 1090 686 concilio,
1123 606 1208 674 dicet
1228 607 1297 688 ipss
1319 612 1354 672 et

157 710 302 777 fautores
323 711 382 787 sui,
404 712 488 794 quod
505 712 594 792 justa
614 712 658 777 sit
678 711 823 777 doctrina
837 730 895 777 sus
916 716 950 776 et
970 708 1161 776 auctoritate
1184 706 1265 773 sacri
1280 706 1352 771 uni-

159 812 296 876 versalis
317 813 443 879 concilii
463 813 649 895 approbata
672 817 705 877 et
720 830 829 877 omnes
850 810 1025 876 adversarii
1047 807 1096 874 sui
1118 809 1184 873 siut
1204 805 1304 889 iniqui
1319 813 1354 872 et

158 911 255 985 mali,
289 917 322 976 et
343 912 464 994 majora
494 912 718 992 malefaciet,
751 932 843 994 quam
872 930 1018 994 umquam
1038 909 1152 991 aliquis
1173 907 1354 974 haereticus

158 1010 238 1077 iecit
258 1029 279 1075 a
299 1018 443 1093 tempore
465 1011 665 1078 Constantini
687 1013 800 1093 magui.

260 1113 436 1193 Propterea
466 1111 653 1177 Reverendo
686 1113 796 1178 Pater!
827 1111 985 1177 attendite
1020 1109 1119 1176 Vobis
1148 1114 1181 1173 et
1203 1104 1353 1171 universo

156 1211 273 1291 gregi,
307 1212 339 1276 in
361 1230 423 1292 quo
447 1211 511 1277 Vos
534 1212 667 1295 spiritus
689 1219 817 1279 sanctus
840 1212 947 1295 posuit
969 1228 1081 1291 regere
1104 1207 1269 1274 ecclesiam
1291 1204 1353 1285 dei,

155 1329 253 1390 quam
274 1312 443 1393 acquisivit
464 1312 619 1393 sanguine
641 1329 709 1391 suo,
731 1320 765 1378 et
778 1311 852 1378 dum
873 1328 974 1377 nouus
995 1315 1047 1376 est
1060 1309 1197 1387 morbus,
1223 1322 1353 1372 succur-

155 1427 232 1476 rere
254 1429 331 1477 casu
362 1420 426 1478 tam
458 1413 562 1494 quoad
583 1412 690 1491 illum,
724 1413 778 1494 qui
805 1414 851 1480 sic
871 1412 922 1482 dei
945 1413 1054 1478 turbat
1075 1416 1109 1476 et
1131 1406 1231 1474 inficit
1251 1405 1352 1472 eccle·

155 1510 252 1587 siam,
284 1529 378 1592 quam
410 1512 514 1593 quuoad
536 1513 734 1592 occasiones,
764 1512 877 1594 quibus
900 1513 953 1578 ille
976 1513 1081 1577 iacere
1103 1505 1296 1591 praesumsit
1318 1509 1353 1569 et

155 1609 272 1692 potuit,
295 1611 369 1692 quia
389 1613 456 1677 scil.
494 1613 629 1695 praelati
651 1613 826 1678 abutuntur
848 1613 992 1679 censuris
1014 1610 1185 1685 ecclesiae,
1213 1612 1246 1672 et
1267 1604 1352 1687 quod

155 1717 222 1775 tam
259 1710 320 1792 ipsi
356 1730 448 1792 quiam
482 1713 530 1777 eis
562 1712 681 1778 subditi
702 1730 767 1777 non
789 1721 919 1781 servant
948 1711 1090 1778 ordinem
1113 1708 1172 1773 sibi
1195 1706 1353 1772 adeost

153 1809 294 1875 ecclesia
313 1810 503 1889 institutum,
527 1812 757 1895 propterquod
781 1810 825 1882 fit
848 1827 918 1873 cuum
933 1808 995 1891 ipsi
1017 1827 1075 1891 per
1095 1806 1232 1889 abrupta
1245 1802 1350 1885 gradi·

155 1915 271 1987 untur,
294 1909 379 1990 qruod
400 1929 478 1991 grex
500 1911 532 1975 in
555 1912 775 1994 praecipitium
796 1910 890 1976 cadit

256 2008 360 2071 (nHoc
376 2012 568 2061 armotiam
584 2012 705 2086 primum
721 2010 883 2079 propositam
895 2009 1014 2079 suerunt
1036 2014 1135 2059 contro
1146 2004 1350 2072 uirumjmum

155 2100 183 2143 et
211 2101 348 2153 mucosum,
376 2092 417 2148 M.
434 2093 572 2146 Ioannem
599 2094 674 2154 Hice.
700 2111 752 2163 per
776 2093 941 2146 musaeum
967 2092 1001 2144 de
1028 2089 1127 2143 Cautio
1151 2104 1245 2140 corum
1267 2102 1351 2155 popo

154 2174 266 2227 Jooune
285 2174 412 2235 XXIII.
427 2176 520 2244 primo
538 2188 564 2228 et
580 2195 708 2246 erepreruo
725 2178 870 2235 haeretico.
893 2183 978 2243 prout
994 2181 1073 2242 patet
1090 2173 1121 2224 in
1138 2170 1262 2224 L11110r
1277 2170 1349 2221 arti·

155 2259 226 2311 culis
242 2267 342 2311 contra
359 2260 450 2327 ipsum
467 2261 549 2313 editis
565 2269 591 2313 et
606 2262 759 2328 publicatis
774 2277 825 2328 per
844 2258 1051 2313 commaticus
1067 2254 1260 2320 maciliumff‘)
1277 2252 1303 2321 *i

736 2640 773 2714 8.

158 2822 285 2910 Primi
316 2831 483 2913 articuli
515 2830 968 2915 contremuimus
999 2825 1347 2937 procuratoribus

159 2972 197 3042 ot
234 2963 558 3071 promotoribus
602 2966 772 3048 concilii
816 2961 1157 3048 Constantiensis
1201 2987 1346 3044 coram

160 3097 454 3180 commissoriis
484 3099 529 3179 in
560 3127 689 3181 causa
719 3099 809 3207 ejus
841 3092 1059 3182 aJoannc
1087 3124 1163 3204 pp.
1189 3088 1345 3173 XXIII

518 3234 723 3315 institutis
753 3233 977 3343 propositi.

568 3448 631 3500 1414
648 3445 752 3514 (menso
769 3444 931 3511 Decembri).

674 3652 847 3661 ...υ-...Μ-

250 3725 280 3778 Ε
295 3725 358 3782 MS.
377 3727 515 3781 tabularii
535 3729 652 3782 Trebon.
669 3731 705 3783 A.
724 3727 769 3794 16,
781 3729 807 3798 f.
825 3726 946 3783 202-3.

650 3872 742 3879 -——-
768 3870 840 3879 .——o-

307 4042 437 4109 „Articuli
456 4045 569 4098 extracti
588 4043 622 4099 cie
640 4046 812 4113 processibus
831 4044 979 4099 fulminatis
996 4048 1090 4098 coum
1105 4044 1240 4099 Joannem
1257 4040 1343 4095 iius*

247 4209 310 4273 Pro
332 4218 424 4291 parte
441 4219 681 4293 procuratorum
705 4221 739 4279 et
753 4219 970 4295 promotorum
989 4211 1071 4278 sacri
1086 4211 1220 4287 concilii,
1236 4228 1343 4275 eoram

149 4307 238 4372 uobis
274 4309 372 4374 revm¹¹
400 4313 563 4393 patribus,
594 4313 729 4380 dominis
756 4317 881 4383 Joaune
912 4314 1094 4397 patriarcha
1120 4310 1343 4377 Constantino·

150 4407 306 4487 potiano,
328 4408 453 4475 Joanue
476 4414 626 4496 episcopo
647 4415 827 4479 Lubucensi
851 4423 885 4480 et
906 4413 1069 4480 Bernardo
1092 4412 1242 4513 episcopo
1258 4410 1341 4476 Civi-

155 4556 348 4569 ξιξ-.-

205 4626 229 4690 ⁸)
246 4626 310 4677 uos·
326 4629 502 4691 Hindanovicii,
519 4640 548 4681 ut
564 4635 666 4685 videtur.
