2992 5258
152 431 214 490 322
360 422 433 476 Petri
452 422 485 476 de
504 421 683 475 Mladenowic
700 421 797 475 relatio
815 419 849 473 de
866 420 905 474 M.
923 420 948 473 J.
966 420 1025 474 Hus
1043 434 1137 473 causa:

152 628 273 695 tissime
304 624 431 703 orabat,
466 630 499 689 et
520 624 710 707 praesertim
745 624 918 703 „Miserere
951 625 1013 691 mei
1047 623 1142 688 deus“
1178 629 1212 688 et
1235 621 1336 698 „luta

152 729 277 795 domino
303 725 448 808 speravi“
486 725 540 806 „In
566 742 676 790 manus
704 731 776 791 tuas
805 726 949 792 domine“
982 742 1109 791 versum
1138 730 1336 806 repetens:

152 831 218 895 suis
246 835 322 892 tunc
353 825 530 891 astantibus
560 844 653 890 orare
681 826 808 891 auditus
837 833 888 891 est
920 826 1065 893 hilariter
1087 832 1120 889 et
1141 825 1231 889 vultu
1253 824 1336 889 laeto

152 931 255 997 Locus
281 945 356 994 vero
385 932 615 991 tormentorum
647 926 707 992 fuit
739 926 824 991 inter
854 927 965 993 hortos
997 929 1029 991 iu
1057 931 1150 1009 prato
1172 930 1279 1004 certo,
1295 940 1335 987 ex

152 1031 256 1097 eundo
277 1030 317 1095 de
340 1028 467 1092 civitate
502 1026 687 1091 Constantia
713 1045 825 1092 versus
848 1027 1119 1109 propugnaculum
1141 1024 1336 1092 Gotlebense

150 1132 235 1197 inter
256 1136 366 1213 portas
389 1135 422 1193 et
449 1127 569 1193 fossata
596 1129 756 1209 praeurbii
788 1127 891 1193 dictae
915 1129 1062 1193 civitatis.
1085 1127 1219 1205 Quidam
1241 1131 1336 1190 auten

151 1237 293 1297 astantes
315 1230 386 1295 laici
408 1229 568 1294 dicebant:
590 1229 656 1294 Nos
677 1229 852 1309 nescimus,
882 1247 963 1311 quae
985 1234 1020 1294 et
1040 1227 1146 1312 qualia
1166 1227 1257 1310 prius
1272 1226 1336 1293 feci

151 1350 209 1397 seu
230 1331 355 1397 locutus
377 1337 441 1408 est;
456 1347 540 1394 nunc
551 1347 626 1394 vero
642 1329 786 1399 videmus
812 1337 845 1394 et
860 1330 1012 1407 audimus,
1036 1329 1111 1410 quia
1125 1335 1237 1393 sancta
1250 1326 1336 1393 verba

151 1438 222 1499 orat
243 1438 277 1498 et
297 1431 453 1512 loquitur;
481 1429 590 1495 etalii
612 1429 782 1494 dixerunt:
807 1431 869 1495 Pro
893 1436 980 1494 certo
1003 1429 1121 1493 bonum
1142 1433 1232 1493 esset
1245 1428 1336 1509 ipsun

151 1534 269 1600 habere
304 1530 534 1608 confessorem,
556 1533 592 1592 ut
617 1528 790 1594 audiretur.
824 1528 981 1593 Sacerdos
1011 1546 1086 1593 vero
1110 1527 1237 1611 quidam
1266 1544 1336 1609 equv

151 1634 309 1714 insidens,
339 1631 372 1695 in
394 1637 484 1694 veste
506 1629 600 1692 viridi
622 1629 720 1695 rubeo
750 1629 909 1695 subducta
927 1629 1044 1708 serico,
1066 1628 1166 1694 dixit:
1188 1628 1263 1710 Ipse
1284 1646 1336 1693 nor

151 1734 247 1800 debet
268 1731 388 1810 audiri,
418 1748 477 1795 neo
499 1730 663 1795 confessor
685 1731 746 1795 sibi
769 1730 854 1810 dari,
883 1747 954 1794 cum
976 1729 1018 1794 sit
1039 1730 1231 1794 haereticus.
1247 1726 1335 1809 Magi

151 1832 500 1911 ster-veroJoannes,
528 1830 632 1896 adhuc
658 1831 842 1897 incarcere
876 1831 1030 1909 existens,
1065 1829 1187 1919 cuidam
1223 1829 1336 1895 doctor

150 1936 302 2001 monacho
325 1933 490 1998 confessus
512 1938 571 2011 est,
594 1938 628 1996 et
651 1931 691 1997 ab
713 1933 783 2014 ipso
805 1932 859 2013 pie
880 1931 1008 1996 ariditus
1031 1936 1063 1996 et
1084 1931 1271 2009 absolutus,
1295 1936 1336 1995 ut

150 2043 216 2101 met
235 2036 268 2099 iu
290 2052 417 2099 suarum
439 2031 621 2098 cedularum
644 2052 721 2112 una,
749 2052 826 2114 quas
849 2033 915 2097 suis
937 2033 1023 2097 misit
1045 2032 1083 2097 de
1107 2049 1255 2113 carcere,
1272 2048 1336 2112 pro·

149 2136 267 2201 fitetur.
288 2135 363 2217 Ipso
377 2151 454 2198 vero
468 2134 515 2198 sic
536 2139 661 2213 orante,
685 2141 721 2198 ut
735 2134 942 2216 praemissum
961 2141 1020 2213 est,
1044 2132 1159 2198 cecidit
1180 2132 1222 2197 de
1238 2131 1336 2215 capio

151 2237 219 2317 ejus
245 2236 330 2300 diota
361 2252 478 2299 corona
499 2233 725 2316 blasphemiae,
761 2234 866 2299 tribus
890 2234 1095 2315 circumpicta
1126 2232 1336 2298 daemonibus

151 2355 243 2418 quam
271 2355 341 2401 cunr
363 2335 497 2399 intuitus
519 2342 619 2414 esset,
649 2335 790 2400 subrisit.
822 2334 864 2399 Et
887 2334 1012 2415 quidam
1035 2335 1280 2399 circumstantes
1294 2333 1336 2399 sti

152 2436 308 2518 pendiarii
337 2435 502 2500 dixerunt:
531 2434 719 2517 Imponatur
749 2436 809 2499 sibi
832 2435 900 2499 vice
922 2453 1028 2511 versa,
1065 2442 1102 2500 ut
1122 2453 1262 2500 unacum
1284 2435 1336 2501 sui

91 2535 94 2540 ’
152 2537 295 2616 dominis,
319 2536 432 2618 quibus
448 2536 498 2600 bio
514 2537 660 2615 servivit,
682 2536 888 2600 daemonibus
900 2536 1111 2600 comburatur.
1135 2536 1162 2599 Α
1183 2534 1257 2601 loco
1274 2554 1336 2603 ver

152 2637 305 2702 orationis
328 2653 461 2717 surgens
484 2636 683 2701 demandato
707 2637 837 2716 lictoris,
860 2637 971 2702 altaet
992 2635 1185 2715 intelligibili
1209 2654 1336 2717 voce,u

152 2738 246 2803 otiam
273 2756 293 2801 a
322 2738 387 2801 suis
416 2738 499 2801 bene
527 2736 628 2802 audiri
653 2744 795 2818 potarat,
826 2736 919 2800 dixit:
943 2736 1077 2800 Domine
1098 2737 1177 2803 Jesu
1202 2735 1336 2803 Christe

151 2841 232 2903 hanc
253 2837 369 2917 diram,
393 2837 631 2917 ignominiosam
654 2844 687 2901 et
716 2836 874 2902 crudelem
898 2843 1032 2902 rnortem
1054 2843 1188 2919 propter
1210 2855 1336 2921 evange

151 2941 226 3004 lium
248 2945 336 3003 tuum
352 2943 386 3000 et
398 2937 667 3019 praedicationem
690 2938 779 3002 verbi
795 2939 840 3003 tui
856 2939 928 3003 volo
943 2938 1175 3019 patientissime
1199 2948 1233 3003 et
1247 2938 1336 3005 humi

151 3040 225 3104 liter
240 3040 408 3104 sustinere.
431 3039 507 3103 blox
528 3038 568 3102 ad
591 3044 733 3104 astantes
749 3040 991 3120 circumquaque
1007 3039 1200 3118 ducebstor3
1215 3040 1336 3107 hortun

150 3146 256 3205 autem
285 3141 354 3221 ipsc
381 3155 436 3203 eos
465 3140 641 3219 rogitabat,
673 3159 712 3202 ne
742 3139 874 3205 credant
906 3140 1008 3221 ipsurn
1031 3139 1183 3204 articulos
1206 3141 1272 3207 sibi
1295 3159 1336 3225 pe

73 3242 76 3249 '
151 3241 246 3306 lalsos
283 3245 383 3304 testes
416 3240 582 3322 impositos
612 3239 849 3320 quomodolibet
878 3240 1034 3320 tenuisse,
1064 3237 1274 3322 praedicasse
1303 3260 1336 3307 rr

150 3341 307 3406 docuisse.
334 3338 457 3403 Exutus
488 3357 564 3404 vero
587 3347 676 3404 veste
699 3359 769 3417 sua,
797 3340 836 3405 ad
860 3348 997 3405 statuam
1019 3340 1175 3421 quandam
1198 3341 1336 3424 alligato

151 3449 202 3506 est
231 3440 359 3505 funibus
385 3459 405 3504 a
432 3444 523 3519 tergo
551 3440 653 3504 versis
674 3441 819 3505 manibus
849 3441 952 3506 dictae
975 3447 1100 3506 statuae
1122 3440 1289 3522 alligatus.
1310 3440 1336 3507 E

151 3561 221 3607 curn
250 3539 331 3604 facie
360 3538 583 3605 adorientem
611 3558 721 3605 versus
755 3542 876 3621 luisset,
904 3542 1054 3607 dixerunt
1084 3542 1213 3625 quidam
1242 3550 1336 3611 astau

123 3690 137 3697 ..
152 3643 242 3707 tium:
257 3641 327 3705 Non
342 3646 487 3704 vertatur
501 3658 613 3705 versus
628 3642 794 3722 orientem,
807 3643 880 3724 quia
895 3643 1074 3708 haereticus
1091 3650 1150 3723 est,
1165 3643 1224 3709 sed
1236 3662 1336 3710 versu

152 3742 347 3807 occidentem
369 3741 470 3821 ipsum
486 3741 652 3821 divertite;
675 3743 759 3824 quod
785 3743 955 3808 attactum
979 3751 1037 3809 est.
1061 3743 1109 3809 hd
1132 3744 1250 3810 collum
1272 3762 1336 3813 ver

151 3848 264 3908 catena
285 3839 417 3923 quadam
439 3840 608 3922 fuliginosa
630 3845 821 3909 constrictus
848 3864 916 3910 cum
940 3844 1040 3926 fieret,
1063 3844 1199 3911 eandem
1212 3846 1336 3913 inruet

152 3950 185 4009 ot
205 3941 372 4007 subridens
394 3941 474 4006 dixit
495 3943 672 4009 lictoribus:
700 3945 853 4010 Dominus
875 3945 970 4011 Jesus
993 3945 1139 4011 Christus
1161 3945 1336 4031 redempt<

150 4060 239 4108 meus
268 4048 302 4106 et
328 4041 466 4106 salvator
494 4042 614 4109 duriori
644 4050 677 4110 et
699 4047 837 4126 graviori
860 4053 972 4111 catena
992 4047 1119 4111 vinctus
1141 4053 1210 4127 est;
1232 4053 1267 4115 et
1288 4062 1336 4127 οε

150 4144 247 4207 miser
269 4161 333 4208 non
354 4159 469 4207 vereor
490 4142 571 4209 hanc
586 4164 644 4228 pro
667 4146 767 4227 ipsius
789 4147 916 4210 nornine
938 4145 1054 4229 ligatus
1077 4148 1248 4214 sustinere.
1267 4144 1336 4213 Era

150 4250 255 4309 autem
283 4248 389 4308 statua
417 4243 508 4325 quasi
530 4263 620 4309 asser
642 4246 768 4327 quidam
790 4247 925 4329 spissus,
958 4246 998 4311 ad
1019 4247 1147 4313 modum
1168 4246 1237 4314 fere
1250 4240 1336 4313 med

151 4362 273 4425 passus,
296 4361 390 4425 quom
412 4362 450 4407 ex
472 4361 536 4409 uno
558 4344 620 4410 fine
643 4355 803 4427 acuentes
826 4346 866 4411 ad
891 4355 1009 4413 terram
1031 4353 1065 4412 et
1086 4347 1205 4414 dictum
1219 4351 1336 4431 praem

151 4443 337 4524 infixerunt3
360 4445 419 4508 snb
433 4443 568 4525 pedibus
583 4463 660 4510 vero
675 4446 819 4527 magistri
841 4446 920 4512 duos
946 4448 1113 4513 fasciculos
1134 4448 1336 4531 ligamimou

152 4543 307 4623 lignorum
329 4553 584 4627 supposueruut;
608 4549 661 4629 qui
682 4547 786 4612 adhuc
807 4548 922 4629 ligatus
944 4549 984 4615 ad
1007 4556 1160 4625 statuam,
1182 4538 1336 4615 succurri

152 4651 278 4710 arnenta
307 4651 341 4709 et
376 4664 472 4710 unum
504 4648 687 4730 compedem
719 4648 921 4729 gestabatis:
950 4649 1094 4731 pedibus.
1126 4649 1237 4717 Dictos
1262 4656 1336 4711 ven
