2992 5258
461 398 602 439 coarcere
620 383 693 453 apud
709 383 809 440 tratres
826 385 953 442 Minores.
987 386 1029 443 85.
1276 395 1335 459 139

654 498 665 533 b

151 584 341 653 koduolinl
361 604 382 651 a
401 583 659 667 lrodpiisahalni:
679 586 730 651 ale
750 586 1073 670 milostiwy‘pinbdh,
1090 588 1185 671 J'ehoi
1207 592 1335 658 semaa·

149 685 211 750 lron
224 684 358 764 welebil,
380 683 434 766 byl
451 683 518 765 jest
538 701 574 749 se
595 683 680 764 mni,
702 685 713 749 i
732 685 798 767 jest
818 705 838 751 a
858 686 943 751 utem
965 687 1048 754 bude
1070 687 1111 755 do
1132 689 1294 773 skondnie,
1316 711 1336 758 a

150 783 294 851 narboni
319 785 371 849 me
392 802 420 848 w
441 784 514 866 suej
536 784 655 850 milosti
676 787 713 850 ad
734 785 775 850 do
797 786 900 851 smrti.

245 884 394 950 Psdnlist
408 903 435 949 w
450 883 560 950 stledn
575 901 617 968 po
639 903 691 949 su.
712 886 796 951 lanu
810 884 941 952 Kititeli
960 905 988 952 w
1008 887 1106 953 laliii
1125 908 1154 953 w
1175 890 1335 974 okowich,

149 1003 175 1048 a
196 983 309 1050 tekdnl
329 983 434 1064 smrti,
461 983 589 1050 auiak
609 1002 667 1067 pro
688 985 875 1066 tqjemstuie
896 987 988 1053 bodie
1008 989 1160 1054 nesmiem
1187 989 1271 1072 ieci,
1293 991 1335 1074 by

150 1090 181 1150 to
211 1083 265 1166 byl
286 1085 342 1150 list
358 1082 434 1167 mdj
462 1084 628 1166 poslednl;
659 1085 722 1150 neb
746 1085 836 1166 jesoc
867 1083 930 1151 bob
961 1086 1153 1154 wlemohtict
1183 1087 1253 1155 mol
1285 1093 1336 1157 me

150 1184 303 1266 sprostiti.

244 1300 275 1352 E
290 1298 352 1354 MS.
369 1299 496 1354 Mindcsa
513 1317 542 1370 p.
561 1299 603 1355 74.
637 1299 722 1354 Mss.
747 1299 842 1354 Vicae.
860 1299 944 1364 4547,
957 1301 982 1372 s.
1000 1301 1064 1356 140.
1082 1330 1113 1342 -
1131 1299 1218 1366 4902,
1231 1304 1257 1375 f.
1269 1303 1334 1358 105.

149 1382 209 1437 MS.
226 1385 313 1452 capit.
330 1383 420 1454 Prap.
433 1384 459 1455 s.
478 1381 522 1438 93.
557 1383 619 1439 sss.
639 1386 771 1451 craciqer.
788 1384 877 1453 Prnp.
893 1402 922 1456 p.
941 1384 1004 1440 412.

244 1483 299 1537 aa.
311 1485 343 1536 a
354 1482 431 1538 Poe.
442 1500 466 1535 r.
478 1482 553 1538 rene
560 1483 587 1554 s.
598 1481 659 1537 217.
675 1465 824 1538 danus.
833 1502 864 1555 p.
881 1484 943 1540 rro.
955 1486 1051 1540 nram
1066 1486 1127 1550 111,
1143 1485 1212 1555 286„
1232 1485 1336 1539 naam

151 1565 188 1619 cd.
206 1565 248 1621 Μ.
267 1562 476 1630 Lactn1536,
496 1567 532 1621 A.
549 1564 578 1630 3,
601 1576 627 1621 et
644 1569 674 1621 ia
691 1568 747 1637 ΕΡ.
762 1571 841 1638 piiss.
859 1568 898 1622 D.
916 1565 943 1622 3.
967 1567 1039 1639 Opp.
1057 1568 1132 1634 Huc,
1149 1569 1175 1633 I,
1195 1567 1236 1623 6¹0
1252 1578 1277 1623 et
1295 1567 1335 1625 77.

672 1718 692 1756 θ
792 1719 811 1756 fi

732 1764 751 1803 n

244 1916 283 1969 bt
299 1916 420 1972 Joannea
435 1915 504 1985 Hua,
529 1916 558 1971 in
580 1933 630 1986 ape
647 1933 741 1973 servus
758 1916 812 1986 dei,
838 1917 961 1974 omnibns
984 1916 1112 1973 fidelibus
1129 1916 1264 1983 Bobemis,
1290 1916 1336 1985 qni

153 1997 226 2053 deum
245 2000 361 2069 diligunt
376 2015 410 2054 ac
425 1998 547 2068 diligent,
565 2001 729 2056 desiderium
747 2018 825 2057 suum
843 2008 870 2057 et
886 2016 981 2071 preces
999 2001 1108 2056 inutiles
1125 1999 1243 2068 mandat,
1261 2000 1336 2055 utin

153 2082 192 2138 dei
208 2084 297 2152 gratia
314 2090 342 2138 et
358 2085 448 2140 vivant
464 2092 492 2140 et
508 2086 657 2140 moriantur
674 2093 755 2154 atque
773 2101 833 2139 cum
850 2085 901 2140 deo
918 2085 947 2140 in
964 2091 1104 2140 aeternum
1120 2084 1252 2139 habitent.

245 2166 355 2222 Fideles
372 2169 443 2223 etin
461 2168 512 2224 deo
529 2169 635 2223 dilectil
661 2169 720 2224 Hoc
737 2184 845 2237 quoque
869 2169 952 2223 statui
970 2169 1096 2236 scribere,
1124 2173 1154 2221 ut
1170 2167 1335 2235 intelligatis,

154 2249 289 2304 concilium
315 2252 470 2321 superbum,
496 2268 605 2307 avarum
631 2253 755 2320 omnique
773 2251 874 2320 flagitio
899 2253 1066 2320 inquinatum
1085 2250 1226 2306 damnasse
1252 2249 1336 2303 libros

153 2347 223 2386 meos
235 2333 398 2403 bohemicus,
416 2352 483 2403 quos
500 2352 644 2404 numquam
661 2352 748 2405 neque
766 2336 832 2390 vidit
849 2352 936 2404 neque
949 2335 1003 2403 legi
1014 2334 1123 2395 audivit,
1142 2350 1174 2388 ac
1186 2334 1207 2387 si
1219 2334 1335 2386 maxime

152 2416 279 2485 audisset,
296 2434 349 2472 non
366 2419 545 2475 intellexisset
562 2421 679 2488 (namin
696 2419 809 2474 concilio
826 2425 904 2472 erant
921 2418 1004 2486 Galli,
1029 2417 1103 2485 ltali,
1126 2417 1263 2482 Britanni,
1287 2416 1335 2469 Hi·

152 2501 233 2567 spani,
252 2501 378 2554 Germani
395 2501 495 2570 aliique
511 2503 626 2557 aliamm
643 2503 762 2569 gentium
779 2503 920 2571 homines),
938 2512 1126 2572 praeterquam
1144 2502 1167 2556 si
1185 2501 1248 2568 qnid
1266 2501 1336 2556 torte

151 2582 300 2651 intelligere
317 2591 424 2652 poterat
439 2585 567 2653 loannes,
586 2586 727 2653 episcopus
744 2587 965 2654 Lutomyelensis,
983 2587 1028 2654 qui
1047 2587 1090 2639 hic
1107 2585 1211 2652 aderat,
1236 2585 1336 2652 aliique

150 2665 258 2720 bohemi
270 2667 442 2735 instigatores
450 2684 510 2722 cum
527 2669 644 2737 capitulo
656 2669 785 2737 Pragensi
803 2676 830 2724 et
842 2669 1050 2738 Vyichradensi,
1067 2685 1085 2723 a
1101 2669 1198 2737 quibus
1214 2667 1337 2738 profecta

151 2759 190 2803 eat
207 2751 372 2804 contumelia
392 2752 512 2807 veritatis
529 2752 634 2807 divinae
653 2761 814 2821 nostraeque
830 2753 935 2822 patriae
955 2753 1110 2818 Bohemiae,
1128 2767 1209 2821 quam
1221 2768 1270 2820 ego
1284 2751 1335 2806 deo

151 2833 287 2888 conlidens
301 2833 395 2902 judico
412 2850 473 2890 esse
489 2842 590 2890 terram
607 2837 723 2906 optimae
740 2836 813 2904 fidei,
836 2836 1051 2891 animadvertens
1068 2835 1185 2890 studium
1202 2835 1277 2890 verbi
1294 2834 1335 2889 di·

148 2917 200 2971 vini
225 2934 391 2986 morumque.
426 2919 535 2974 Utinam
563 2919 689 2973 videretis
714 2919 766 2973 hoc
788 2919 937 2987 concilium,
966 2919 1037 2987 quod
1060 2926 1171 2975 vocatur
1193 2919 1335 2974 concilium

153 3001 347 3055 sanctissimum
366 3008 394 3056 et
411 3003 496 3056 errori
513 3018 566 3057 non
583 3002 741 3057 obnoxium:
767 3003 888 3070 profecto
906 3003 1095 3071 conspiceretis
1118 3002 1277 3057 foeditatem
1294 3002 1335 3056 in·

149 3092 261 3152 gentem,
281 3086 316 3139 de
332 3101 386 3153 qna
402 3086 481 3152 vulgo
498 3102 516 3140 a
532 3085 630 3140 Suabis
647 3087 763 3153 (Suevis)
786 3085 885 3153 audivi,
915 3086 1097 3140 Constantiam
1120 3086 1231 3152 triginta
1257 3087 1335 3140 annia

151 3171 257 3237 purgari
277 3185 330 3223 non
341 3184 423 3236 posse
440 3170 566 3238 peccatis,
584 3185 653 3237 quae
671 3169 812 3223 concilium
824 3169 850 3222 in
863 3184 896 3222 ca
905 3169 971 3222 urbe
983 3170 1192 3236 perpetraverit,
1210 3168 1337 3223 dixerunt

149 3268 250 3321 qnoque
277 3252 402 3307 omnibus
431 3252 500 3307 illud
530 3253 671 3307 concilium
692 3253 833 3307 offensioni
860 3253 958 3315 luisse,
987 3252 1034 3307 alii
1050 3259 1142 3307 autem
1159 3253 1336 3322 exspuebant,

149 3337 240 3392 foedas
257 3351 303 3391 res
321 3337 475 3405 conspicati.
509 3338 550 3390 Ac
567 3336 627 3391 dico
644 3338 727 3404 vobis,
745 3353 797 3404 me,
816 3353 897 3405 quum
916 3337 1031 3406 primum
1048 3343 1148 3391 starem
1163 3337 1192 3391 in
1208 3336 1256 3391 illo
1273 3352 1337 3391 con·

148 3420 217 3487 cilio,
235 3420 429 3487 conspicatum,
454 3419 556 3474 nnllam
574 3434 634 3474 esse
651 3422 680 3474 in
697 3435 729 3474 eo
746 3421 844 3474 bonam
861 3420 1039 3488 disciplinam,
1056 3435 1154 3488 magna
1170 3435 1234 3474 voce
1252 3419 1336 3475 omni·

149 3501 196 3559 bus
212 3502 358 3558 silentibus
374 3504 443 3558 haec
458 3504 665 3572 pronunciasse:
694 3502 902 3571 ,Aestimabam
926 3503 997 3571 quod
1019 3503 1047 3557 in
1064 3503 1177 3558 concilio
1193 3504 1246 3559 isto
1263 3509 1337 3558 esset

150 3588 235 3656 major
251 3588 419 3662 reuerentia,
437 3589 524 3656 pietas
551 3594 579 3642 et
595 3587 761 3657 disciplina“
772 3588 796 3656 *l
838 3588 907 3642 Tum
933 3584 1079 3642 cardinalis
1096 3602 1238 3656 supremus
1255 3587 1337 3642 dixit:

151 3669 234 3738 ,Quid
251 3670 391 3738 loqueris?
407 3672 435 3724 in
452 3678 540 3724 castro
557 3669 710 3737 loquebaris
726 3669 878 3725 humiliua“
907 3671 967 3739 Ego
984 3678 1075 3725 autem
1091 3670 1232 3740 respondi:
1251 3671 1337 3739 ,Quia

153 3769 191 3808 me
209 3760 275 3807 tnnc
291 3753 383 3807 nullus
400 3753 571 3821 inclamabat,
588 3754 632 3806 bic
649 3760 738 3807 autem
755 3769 848 3808 omnes
865 3754 1015 3809 clamatis.“
1035 3754 1166 3822 Quoniam
1183 3755 1265 3822 igitur
1281 3760 1337 3809 tam

149 3835 320 3906 incomposita
351 3837 406 3905 egit
438 3836 506 3892 illud
534 3838 684 3904 concilium,
724 3837 795 3906 quod
820 3838 881 3906 plus
906 3838 1024 3906 patravit
1056 3839 1120 3891 mali
1154 3853 1235 3906 quam
1263 3837 1336 3906 boni,

150 3918 214 3989 ldeo,
238 3920 336 3975 fideles
353 3927 382 3975 et
398 3919 449 3975 deo
466 3921 523 3975 cari
540 3921 686 3988 christiani,
713 3937 747 3975 ne
765 3921 969 3989 perterreamiui
987 3936 1079 3975 eornm
1097 3922 1239 3988 sententia,
1267 3935 1337 3988 qnae

152 4004 262 4066 (conlido
280 4003 342 4071 deo)
369 4004 402 4059 iis
428 4019 481 4058 non
499 4003 632 4072 proderit;
662 4004 849 4073 dispergentur
867 4005 937 4058 sicut
960 4005 1109 4073 papiliones
1126 4018 1271 4073 eorumque
1289 4003 1356 4061 de·.

153 4096 248 4142 cretum
268 4087 378 4141 durabit
395 4096 426 4141 ut
442 4087 513 4142 telae
537 4104 705 4143 arancarum.
739 4088 786 4143 Me
803 4087 1016 4156 perterrefacere
1043 4089 1131 4143 conati
1150 4095 1221 4155 sunt,
1247 4103 1335 4156 neque

153 4174 236 4225 umen
254 4170 299 4224 dei
316 4171 464 4239 potentiam
481 4171 509 4224 in
526 4187 568 4225 mc
586 4187 714 4240 superare
732 4178 885 4239 potuerunt.
904 4170 993 4227 Sacris
1006 4171 1092 4226 literis
1104 4171 1233 4225 nolebant
1244 4178 1337 4225 contra

153 4265 190 4306 me
206 4252 378 4323 contendere,
397 4255 467 4308 sicut
483 4255 644 4309 audiverunt
661 4255 761 4309 domini
777 4256 911 4323 generosi,
929 4255 974 4322 qui
992 4255 1098 4309 fortiter
1115 4254 1225 4309 stabant
1241 4269 1258 4308 a
1274 4270 1336 4323 par·

212 4526 237 4586 *l
256 4526 286 4572 Et
304 4528 327 4572 in
345 4527 389 4572 bae
400 4526 564 4573 enunciatione
584 4532 609 4573 et
626 4527 651 4573 in
670 4528 707 4586 iis,
724 4542 786 4588 quae
804 4536 942 4588 sequnntur,
962 4527 1022 4573 llusi
1041 4526 1118 4572 verbis
1137 4528 1217 4575 latinia
1235 4523 1282 4591 (ap.
1296 4523 1336 4591 ot)

259 4626 281 4656 ru
299 4626 451 4658 conversione
470 4625 506 4657 nst
524 4626 615 4659 suanus.
701 4670 705 4675 ἰ
