2992 5258
149 390 211 459 726
601 389 820 446 Additamentum
838 390 883 445 111.

151 592 275 646 mittebat
293 572 403 647 exitium
421 607 518 662 parare
535 593 671 661 Ladislao,
689 592 747 660 regi
759 591 939 661 Neapolitano
951 590 1136 659 omnibusque,
1154 590 1201 658 qui
1218 588 1271 645 snb
1283 588 1339 657 ejus

152 677 252 731 ditione
279 687 370 731 essent
396 678 438 732 sel
462 679 496 732 ab
515 679 575 748 ejus
605 678 727 747 partibus
748 682 865 742 starent;
885 691 939 745 qua
968 675 1043 730 bulla
1065 690 1126 730 eum
1154 673 1339 729 condemnarit

151 777 309 829 omnemque
328 760 388 830 ejus
405 763 559 831 progeniem
585 776 670 830 usque
687 760 722 815 ad
740 767 864 829 quartum
882 759 916 814 ab
933 759 981 813 illo
999 758 1120 827 madum,
1137 764 1167 812 et
1184 756 1272 812 multa
1287 755 1338 811 alie

152 844 236 898 edixit
255 851 282 898 et
299 845 482 899 remissionem
494 852 665 914 peccatorum
682 859 840 913 poenaeque
857 851 985 898 aeternae
998 842 1133 911 pollicitus
1150 847 1194 896 est
1209 840 1339 906 omnibus,

152 929 197 996 qui
227 928 327 983 bellum
352 929 474 983 subirent
495 929 537 983 sel
560 929 702 997 pecuniam
726 928 890 982 conferrent.
925 927 1025 982 Verum
1049 925 1203 981 misericors
1225 923 1341 978 advntu

152 1012 251 1067 multos
268 1014 424 1083 magistros,
449 1021 476 1067 et
493 1014 665 1083 presbyteros
683 1018 710 1067 et
728 1012 827 1080 laicos,
845 1011 881 1066 ad
899 1026 989 1066 reram
1006 1010 1186 1079 cognitionem
1202 1007 1341 1073 convertit,

152 1103 181 1153 ut
204 1099 296 1155 multis
319 1098 352 1153 de
376 1100 465 1153 causis
482 1098 608 1152 assentiri
637 1096 785 1164 noluerint,
803 1095 850 1151 ulii
876 1103 966 1150 autem
988 1096 1085 1164 capitis
1102 1093 1255 1163 periculum
1271 1090 1340 1146 subi·

152 1193 259 1253 verrmt3
278 1200 339 1238 narn
357 1182 564 1250 refragabantur
581 1179 826 1249 praedicatoribus,
844 1181 890 1248 qui
907 1179 1148 1246 concionabantur,
1166 1191 1265 1244 papam
1282 1188 1339 1230 estc

153 1268 233 1322 deum
251 1273 407 1322 terrestrem
425 1273 464 1335 et,
492 1266 649 1334 cuicumque
667 1265 739 1331 velit,
757 1265 941 1319 remissionem
958 1270 1130 1332 peccatorum
1148 1268 1176 1315 et
1192 1259 1338 1328 poeharum

153 1350 247 1418 largiri
264 1366 352 1420 posse,
372 1359 400 1404 et
417 1351 489 1405 lerro
506 1365 626 1419 pugnare
645 1349 753 1416 debere,
772 1349 841 1402 sicut
857 1363 951 1416 regem
968 1347 1074 1401 laicum.
1093 1347 1136 1400 Ex
1154 1344 1253 1413 quibus
1269 1342 1339 1396 Mar·

152 1435 234 1501 tinus,
251 1434 379 1503 Joannes,
398 1434 496 1490 Staeels
514 1435 601 1488 securi
625 1433 746 1502 percussi
764 1439 826 1486 sunt
844 1440 871 1486 et
888 1432 994 1486 nomine
1012 1430 1056 1484 dei
1073 1430 1100 1483 in
1118 1427 1221 1484 sacello
1237 1425 1340 1481 Betlem

152 1518 266 1586 sepulti,
284 1519 331 1573 alii
343 1518 441 1573 deinde
453 1518 647 1586 comprehensi,
660 1517 822 1571 cruciatibus
839 1517 943 1583 affecti,
965 1530 1075 1570 carcere
1092 1512 1233 1568 asservati.
1268 1510 1339 1564 Haec

153 1601 241 1655 scribo
258 1609 394 1670 tamquam
412 1616 493 1654 verax
511 1600 647 1653 annalium
660 1600 782 1668 scriptor,
801 1604 831 1652 ut
847 1599 958 1666 posteri,
976 1595 1080 1666 siquid
1098 1595 1186 1650 simile
1203 1593 1337 1659 acciderit,

153 1684 246 1745 sciant,
264 1684 332 1739 alios
349 1686 465 1739 antehac
483 1683 613 1738 audacter
630 1684 701 1736 vitae
719 1683 867 1752 periculum
886 1682 998 1736 subisse.
1023 1680 1207 1748 (Postillarnm
1225 1678 1295 1732 liber
1309 1677 1342 1744 11,

726 1924 773 1984 12.

252 2103 394 2157 Provocavi
413 2101 448 2156 ad
465 2116 563 2170 papam
575 2101 760 2156 Alexandrum
778 2101 803 2155 V
820 2102 934 2170 misique
953 2101 987 2155 ad
1006 2116 1067 2155 eum
1084 2101 1187 2169 literas,
1206 2106 1237 2154 nt
1247 2099 1343 2154 melius

154 2201 210 2239 rem
228 2193 403 2254 cognosceret
420 2201 487 2240 neve
507 2201 626 2239 errorem
654 2187 738 2240 sacris
760 2186 847 2240 literis
871 2192 1064 2254 repugnantem
1082 2185 1272 2252 constitueret3
1298 2182 1343 2237 aed

154 2272 310 2339 priusquam
327 2285 388 2325 mea
404 2271 557 2339 provocatio
575 2269 610 2323 ad
628 2270 703 2323 illurn
721 2270 850 2338 pervenit,
869 2270 984 2325 animem
1003 2270 1150 2338 exspiravit
1162 2274 1191 2324 et
1206 2275 1281 2323 certe
1289 2269 1342 2337 jam

155 2356 285 2423 cognovit,
303 2371 366 2409 num
385 2361 459 2408 recte
471 2354 628 2409 decreverit.
648 2354 753 2408 Deinde
766 2355 852 2407 bonae
864 2355 1008 2408 memoriae
1026 2353 1163 2408 dominum
1175 2353 1342 2424 Zbynconem

154 2439 384 2508 archiepiscopum
408 2438 497 2506 injus
519 2439 610 2492 vocari
629 2438 664 2492 ad
689 2454 800 2507 papem3
823 2439 915 2506 itaque
936 2453 1020 2492 causa
1041 2453 1102 2492 mea
1123 2438 1159 2492 ad
1176 2453 1285 2507 papam,
1301 2438 1342 2507 qni

156 2520 226 2577 nunc
245 2532 295 2591 est,
313 2522 435 2591 devenit,
454 2537 543 2576 coram
561 2538 614 2590 quo
632 2523 766 2591 magistri,
793 2523 846 2576 mei
863 2530 1067 2591 procuratores,
1094 2537 1204 2577 causam
1221 2522 1342 2591 agebant,

157 2607 201 2674 qui
220 2614 248 2660 ct
264 2622 306 2660 me
326 2615 353 2660 et
371 2622 400 2660 se
418 2607 490 2675 ipsos
508 2622 602 2673 rogum
626 2606 791 2660 adscendere
809 2606 878 2661 velle
897 2606 1106 2675 profitebantur,
1133 2607 1155 2660 si
1173 2605 1236 2674 quis
1253 2605 1343 2660 adsm-

156 2692 288 2745 sariorum
306 2692 377 2746 idem
395 2690 580 2758 profiteretur;
599 2705 690 2745 verum
708 2706 786 2744 nemo
798 2691 904 2759 prodiit
923 2691 1018 2760 Neque
1036 2706 1099 2745 vero
1116 2691 1161 2744 hic
1178 2705 1251 2759 papa
1268 2703 1343 2743 aures

155 2776 188 2829 iia
207 2776 339 2843 praebuit,
358 2790 518 2843 quamquam
536 2774 672 2843 injudicio
690 2790 750 2829 eum
769 2777 946 2846 appellabant
962 2776 1096 2830 dicentes:
1115 2777 1221 2844 ,Aures
1238 2774 1342 2843 praebe,

156 2859 184 2912 id
202 2858 274 2927 quod
292 2859 439 2913 concedere
457 2859 540 2914 debes
564 2867 591 2913 ct
608 2875 715 2927 pagano
737 2869 764 2915 et
785 2861 887 2929 judaeo
911 2868 938 2914 et
959 2860 1097 2914 haeretico
1116 2866 1144 2913 et
1160 2858 1270 2913 diabole
1287 2857 1343 2926 ipsi,

157 2943 179 2997 si
203 2943 237 2998 ad
255 2952 282 2998 te
305 2944 395 2997 reniet
413 2951 440 2997 et
462 2944 628 2998 audientiam
651 2945 794 3014 postulet.“
830 2947 930 2999 Verum
955 2945 1003 2999 ille
1021 2959 1127 3013 semper
1145 2943 1235 3012 capite
1253 2956 1343 2997 averso

156 3046 215 3085 eam
234 3045 341 3084 causam
359 3029 394 3084 ad
421 3029 573 3084 cardinales
599 3029 747 3084 deferebat.
783 3031 817 3083 Hi
835 3037 925 3084 antem
952 3029 1110 3098 colligentes
1127 3043 1212 3097 equos
1228 3028 1343 3096 pulcros,

157 3114 255 3182 pocula
277 3120 415 3181 argentea,
453 3113 566 3168 annulos
589 3115 721 3181 pretiosos
745 3130 762 3168 a
788 3115 855 3169 meis
878 3114 1053 3181 adversariis,
1076 3114 1124 3182 jus
1141 3129 1196 3168 non
1214 3112 1343 3168 dicebaut

157 3198 225 3251 Tum
243 3214 315 3266 papa
338 3196 372 3252 ed
396 3198 465 3252 alios
489 3213 544 3251 rem
563 3197 673 3266 detulit,
698 3198 821 3267 idemque
844 3200 941 3254 iterum
965 3198 1077 3266 accidit;
1095 3198 1191 3252 horum
1213 3211 1278 3251 vero
1291 3197 1343 3265 jam

156 3281 201 3335 elii
220 3282 274 3336 vita
287 3281 469 3349 decesserunt,
489 3281 534 3335 alii
548 3283 574 3337 in
587 3284 740 3338 carceribus
758 3284 830 3352 regis
842 3283 1014 3353 Neapolitani
1027 3289 1208 3337 asservantur.
1227 3281 1343 3337 Tandem

157 3380 228 3433 papa
245 3366 303 3433 ipae
321 3380 377 3419 rem
401 3367 520 3434 suscepit
538 3365 644 3434 dicens,
669 3382 698 3420 se
716 3367 803 3433 ipsum
823 3366 940 3434 judicem
959 3381 1018 3421 esse
1036 3365 1115 3420 velle.
1151 3365 1228 3433 ,Jam
1247 3379 1343 3431 omncs,

157 3449 250 3516 inquit,
270 3465 303 3503 ex
320 3451 372 3505 hac
389 3465 471 3504 causa
489 3449 605 3504 fructum
622 3448 816 3520 perceperunt,
839 3466 889 3519 ego
913 3465 975 3505 vero
999 3450 1127 3505 nullum.“
1162 3449 1231 3504 Tum
1249 3452 1343 3504 iterum

157 3533 191 3587 ab
210 3547 241 3586 eo
259 3534 459 3602 postulabatur,
484 3541 513 3588 nt
531 3534 695 3589 audientiam
718 3535 876 3604 praeberet,
900 3536 947 3588 ille
964 3550 1027 3589 sero
1044 3535 1193 3602 recusavit;
1211 3535 1344 3589 enimvero

156 3616 243 3673 flavos
260 3619 363 3686 equites
376 3620 480 3686 (numos
493 3621 601 3688 aureos)
613 3621 769 3688 quaerebat,
787 3621 831 3688 qui
850 3638 937 3673 aucae
949 3619 1017 3674 nulli
1033 3626 1119 3688 erant,
1137 3634 1196 3688 nec,
1215 3621 1238 3674 si
1248 3628 1343 3685 essent,

157 3702 271 3755 missura
290 3709 356 3757 erat.
390 3703 439 3757 Ille
458 3709 548 3757 autem
566 3704 688 3758 obtinere
711 3704 823 3759 studens
842 3720 888 3759 eos
906 3706 1019 3774 equites,
1037 3702 1229 3772 comprehendi
1252 3720 1343 3773 procu·

156 3792 261 3844 ratores
279 3798 353 3840 meos
371 3788 441 3841 etin
460 3803 594 3842 carcerem
612 3789 709 3857 conjici
723 3789 813 3857 jussit
847 3788 976 3856 Tandem,
999 3794 1141 3857 postquam
1162 3789 1230 3844 dens
1248 3788 1344 3844 anxilio

157 3884 206 3923 suo
225 3884 271 3923 eos
288 3869 425 3936 liberarit,
449 3886 530 3937 quum
549 3886 618 3924 unus
637 3871 842 3939 sesquialterum
864 3885 964 3925 annum
981 3870 1017 3925 ibi
1036 3870 1133 3926 suisset
1155 3880 1183 3927 et
1200 3871 1272 3927 alter
1288 3877 1345 3926 tan·

157 3953 275 4007 tumdem
298 3954 439 4022 temporis,
466 3955 494 4008 in
511 3955 626 4023 patriam
648 3961 831 4022 reverterunt,
856 3956 972 4023 itemque
996 3955 1099 4010 tertius.
1135 3954 1242 4011 Deinde
1265 3972 1344 4024 quum

157 4038 268 4105 iterum,
291 4045 395 4093 mortuo
413 4037 520 4092 domino
538 4038 696 4107 Zbynccne,
722 4039 936 4094 adversariorum
954 4054 1073 4094 meorum
1096 4038 1158 4095 dolo
1175 4041 1223 4096 alii
1241 4057 1342 4097 excom·

157 4121 364 4177 muricationem
388 4139 475 4178 meam
501 4138 518 4178 a
535 4122 664 4178 cardinali
684 4124 992 4193 Petro·impetrassent:
1011 4141 1061 4193 ego
1083 4126 1191 4180 veritati
1214 4125 1259 4181 dei
1276 4125 1344 4196 apud

157 4221 254 4276 papam
267 4206 353 4261 locum
364 4224 416 4262 non
429 4223 488 4262 esse
500 4208 603 4270 ridens,
615 4207 739 4263 addeum
752 4209 900 4276 provocari.
924 4208 993 4263 Nam
1006 4224 1151 4278 provocare
1164 4217 1207 4265 est
1218 4211 1344 4280 amajore

154 4290 248 4359 judice
262 4290 364 4359 justum
383 4292 512 4346 auxilinm
524 4300 632 4361 petere3
643 4291 699 4359 Jam
718 4307 790 4359 vero,
811 4308 892 4359 quum
911 4291 977 4346 deus
988 4292 1120 4346 maximus
1138 4298 1166 4345 et
1180 4292 1345 4360 justissimos

154 4374 239 4443 judex
257 4374 305 4440 sit,
328 4375 372 4442 qui
391 4390 482 4430 errare
506 4391 559 4430 non
577 4383 678 4444 potest,
702 4390 811 4431 cansam
829 4376 854 4429 ei
873 4374 1072 4444 commendavi,
1097 4391 1150 4430 non
1174 4376 1235 4431 dico
1252 4393 1343 4443 meam,

158 4458 205 4512 sed
223 4457 284 4525 ejus
302 4459 394 4527 ipsius.
429 4459 523 4529 ltaque
541 4460 569 4514 in
588 4474 675 4528 papae
690 4459 820 4528 judicium
839 4460 929 4514 venire
947 4459 1029 4527 nolui,
1054 4460 1118 4527 quia
1134 4461 1278 4516 veritatem
1294 4478 1343 4517 non

127 4534 130 4543 ’
157 4541 248 4606 audit,
270 4549 459 4610 procuratores
483 4544 509 4597 in
533 4559 668 4597 carcerem
692 4543 815 4612 conjicit,
838 4559 872 4597 m.
891 4542 1054 4597 Stunislaum
1078 4550 1106 4598 et
1123 4560 1159 4598 m.
1180 4544 1344 4613 Stephanum

158 4625 290 4694 spoliavit,
303 4627 401 4695 qnippe
414 4628 510 4697 quibus
524 4627 653 4683 ducentos
667 4634 770 4697 septem
782 4643 878 4684 aureos
891 4633 918 4683 et
929 4640 1013 4701 equos
1023 4626 1162 4684 ademerit
1190 4628 1232 4684 Ea
1243 4647 1345 4706 quoqne
