2992 5258
149 393 211 456 508
406 387 610 444 controversiae
628 388 662 441 de
679 388 809 455 religione
826 389 853 441 in
872 387 1012 442 Bohemin:
1032 389 1106 442 1413.

150 596 316 673 postquam
339 591 555 671 requisierunt
576 597 699 674 partem
722 592 888 657 adversam
914 592 955 657 de
976 592 1041 657 illis
1063 592 1204 687 duobus,
1231 599 1268 659 et
1287 595 1345 676 ipsi

60 765 62 769 μ
151 699 391 769 consenserunt,
415 692 552 756 Sdeniko
583 692 709 757 nomine
738 694 876 757 omnium
906 693 1140 775 pronuntiauit,
1169 694 1256 776 quod
1284 714 1343 761 non

149 792 292 856 videmus
315 810 372 856 vos
393 793 425 856 in
448 793 554 873 aliquo
577 792 781 875 (discordes),
806 793 862 858 sed
885 794 919 857 in
935 801 1002 860 toto
1019 795 1212 874 concordes;
1236 804 1270 861 et
1289 797 1346 861 hoe

150 894 321 960 debeamus
353 894 460 960 dicere
491 915 595 961 eoram
626 915 712 976 rege,
739 897 988 980 archiepiscopo,
1009 900 1042 959 et
1076 895 1264 977 baronibus,
1294 897 1344 961 ubi

150 1014 292 1060 essemus
315 997 469 1077 requisiti.
514 995 756 1078 Respondimus,
780 998 811 1060 in
835 1013 1028 1077 quesumus
1052 996 1239 1075 concordes
1257 997 1344 1063 etita

151 1098 351 1161 recessimus.
397 1097 548 1176 Sequenti
579 1114 655 1160 vero
685 1096 745 1176 die,
775 1098 805 1160 h.
836 1116 862 1161 e.
890 1096 1025 1161 sabbato
1055 1097 1209 1178 proximo,
1232 1096 1342 1162 iterum

151 1199 254 1263 vocati
280 1215 388 1262 sumus
410 1205 443 1261 et
466 1197 621 1277 requisiti,
645 1197 672 1260 si
694 1198 845 1262 vellemus
868 1204 954 1262 stare
969 1197 1001 1260 in
1016 1197 1193 1262 hesternis:
1216 1215 1343 1280 respon·

150 1298 261 1377 dimus,
294 1299 377 1379 quod
407 1298 460 1362 illa
488 1298 559 1376 dno,
590 1297 629 1362 ad
653 1316 734 1378 quae
755 1316 814 1362 nos
836 1297 1046 1378 submisimus,
1069 1298 1216 1364 volumus
1238 1304 1343 1363 tenere

150 1399 210 1463 sub
232 1399 345 1480 poenis
369 1400 573 1479 expressatis,
597 1398 653 1462 sed
675 1399 715 1462 ad
737 1400 855 1463 nullam
883 1400 1185 1480 pronuntiationem.
1228 1399 1342 1465 Ibidem

151 1497 192 1563 lli.
215 1499 391 1564 stanislaus
413 1499 501 1564 dedit
527 1501 560 1561 in
585 1500 713 1581 scriptis
736 1497 827 1563 fidem
850 1518 939 1564 suam
961 1500 1019 1564 sub
1042 1499 1101 1564 hac
1115 1500 1234 1565 forma:
1256 1499 1341 1565 istius

65 1599 67 1602 ’
151 1600 240 1664 Rom.
263 1599 429 1676 eeclesiae,
446 1600 535 1679 cujus
552 1618 634 1680 papa
649 1605 700 1663 est
715 1608 818 1681 eaput,
836 1617 952 1681 corpus
968 1617 1044 1665 vero
1061 1590 1231 1679 collegium
1247 1598 1342 1665 cardi·

150 1701 278 1779 nalium,
301 1700 480 1766 sententiae
504 1717 613 1764 omnes
636 1699 675 1763 de
691 1700 841 1777 clavibus,
858 1701 1074 1778 sacramentis,
1091 1702 1247 1779 censuris,
1266 1701 1341 1782 juris

149 1800 350 1865 libertatibus
371 1817 409 1865 rt.
433 1806 508 1863 sunt
531 1817 625 1863 verae
648 1806 680 1863 et
703 1800 887 1880 catholicae,
912 1801 1093 1866 sententiae
1108 1808 1217 1866 autem
1234 1801 1341 1867 Wicle·

149 1900 291 1966 iistarmu
319 1901 499 1965 colubrariae
530 1908 603 1964 suun
630 1899 728 1964 irrisae
760 1906 791 1964 et
830 1920 998 1977 erroneam
1028 1903 1054 1966 si
1086 1902 1197 1967 volunt
1229 1903 1262 1967 in
1293 1902 1340 1967 iilo

149 2003 342 2067 concordare
364 2002 537 2081 nobiseum,
561 2006 637 2065 tune
660 2019 768 2063 suiuus
798 1999 980 2064 concordes.
1023 2000 1089 2083 ipsi
1111 2020 1171 2066 nos
1201 2003 1339 2068 inclama·

150 2109 265 2166 verrunt
291 2103 383 2165 nimis
413 2101 610 2166 horribiliter
637 2101 788 2165 arnluobus
821 2100 942 2164 diebus.
986 2101 1073 2166 Tunc
1097 2102 1338 2184 respondi-ego:

149 2221 254 2265 aurore
278 2203 327 2266 dei
351 2202 473 2280 dicatis
498 2200 788 2281 incomparabiliter
814 2201 942 2280 gravior
966 2209 1015 2266 est
1034 2201 1195 2268 discordia
1223 2203 1255 2267 iu
1276 2202 1337 2281 fide,

149 2321 243 2384 quam
274 2303 434 2367 discordia
464 2321 522 2383 pro
551 2303 685 2381 injuriis.
729 2303 760 2366 Si
790 2320 867 2381 ergo
898 2307 1006 2366 essent
1028 2303 1090 2367 duo
1113 2304 1267 2386 capitales
1287 2304 1337 2368 ini·

148 2404 230 2482 miei,
260 2411 292 2468 et
319 2408 528 2483 quaereretur
554 2405 594 2466 ab
624 2408 758 2482 utroque
789 2402 965 2481 sigillatim:
996 2405 1044 2469 vis
1072 2410 1107 2468 tu
1131 2411 1220 2468 stare
1242 2405 1337 2470 deter-

149 2504 313 2568 minationi
342 2503 421 2584 legis
444 2504 563 2568 Christi
594 2503 639 2565 de·
668 2501 738 2580 tide,
762 2522 819 2584 spe
842 2503 1029 2569 eternitate
1052 2511 1087 2569 et
1106 2506 1246 2569 omnium
1268 2521 1337 2586 quae

151 2605 255 2683 legem
278 2603 397 2669 Christi
430 2610 648 2668 concernunt?
678 2611 711 2668 et
739 2603 818 2666 dixi:
840 2605 999 2668 notorium
1024 2610 1082 2683 est,
1105 2605 1192 2685 quod
1214 2613 1336 2687 uterquc

152 2704 284 2783 diceret,
308 2706 334 2769 si
358 2711 408 2769 est
431 2705 613 2783 catholicus,
638 2704 721 2784 rqrrod
744 2705 798 2782 sie,
822 2712 855 2769 et
876 2705 1153 2786 pronuntiaretur:
1178 2722 1255 2787 ergo
1270 2707 1336 2771 estis

150 2804 324 2869 concordes
355 2811 387 2869 et
417 2824 480 2869 uon
509 2805 691 2880 discordem
724 2805 770 2869 sic
800 2824 838 2868 ex
866 2811 976 2870 nostra
1009 2805 1223 2872 submissione
1252 2806 1335 2871 vultis

150 2905 233 2969 idem
248 2906 381 2984 inferre;
405 2912 437 2970 et
466 2924 542 2986 ergo
567 2912 695 2986 oportet
717 2923 773 2969 vos
802 2904 997 2971 descendere
1019 2905 1061 2970 ad
1082 2906 1295 2987 particularia,
1315 2905 1335 2969 si

151 3006 303 3071 debemus
326 3025 396 3070 esse
419 3006 593 3070 concordes
617 3013 649 3070 et
672 3023 735 3070 nou
758 3005 923 3070 discordes
953 3007 986 3070 in
1008 3005 1079 3071 fide.
1123 3006 1166 3071 Et
1188 3012 1265 3071 tunc
1287 3006 1336 3071 init

150 3106 362 3187 disceptatum
386 3106 425 3171 de
448 3107 535 3171 Rom.
569 3107 703 3170 eeclesia
732 3107 848 3170 iterum
872 3108 925 3183 itu,
954 3107 1039 3186 quod
1061 3124 1121 3172 nos
1142 3108 1336 3190 apposuimus

151 3208 190 3272 ad
222 3207 463 3272 submissionem
491 3198 605 3271 factum
637 3207 717 3271 ieria
738 3208 826 3285 lili,
861 3206 946 3288 quod
974 3208 1033 3272 hoc
1064 3226 1220 3289 expresse
1251 3224 1336 3290 eppo

151 3314 264 3372 natur:
289 3308 353 3382 „illi
375 3308 463 3372 Rom.
487 3308 651 3386 eeclesiae,
675 3307 764 3385 cujus
780 3308 1015 3388 riapadoannes
1029 3308 1165 3372 ΧΧΙΠω
1184 3326 1244 3391 pro
1264 3324 1337 3373 nunc

151 3416 202 3473 est
233 3418 337 3491 caput,
372 3427 486 3489 corpus
521 3426 596 3471 vero
630 3408 797 3488 collegium
832 3408 1049 3487 cardinalium,
1084 3413 1118 3474 et
1150 3408 1237 3475 illius
1258 3410 1335 3474 Ron.

151 3509 305 3573 eeclesiae
327 3510 496 3573 sententiis
519 3509 666 3573 standum
688 3515 739 3573 est
763 3510 793 3572 in
817 3510 901 3573 omni
924 3509 1058 3574 materia
1081 3509 1268 3576 catholica“
1303 3508 1337 3575 Iu

153 3617 266 3674 vocata
293 3609 352 3675 init
380 3628 465 3691 pars,
488 3615 521 3674 et
542 3609 713 3687 consensit,
736 3608 793 3673 sed
815 3609 916 3673 voluit
937 3626 1108 3695 apponere,
1131 3610 1218 3691 quod
1239 3612 1337 3677 volunt

155 3715 242 3773 stare
273 3710 441 3775 sententiis
471 3709 555 3774 illius
578 3711 667 3774 llum.
692 3710 845 3774 eeclesiae
868 3711 899 3774 in
922 3711 1005 3775 omni
1027 3711 1163 3775 materia
1184 3712 1336 3787 munchen

155 3811 237 3874 sieut
269 3811 402 3892 quilibet
434 3811 536 3876 bonus
571 3818 605 3876 et
637 3810 738 3877 fidelis
762 3811 962 3876 Christianus
992 3810 1128 3876 deberet
1155 3820 1191 3878 et
1221 3818 1337 3879 tenetm

154 3911 277 3988 fucere;
306 3921 339 3977 et
368 3930 426 3976 nos
455 3930 518 3977 non
548 3912 740 3985 admisimus,
764 3913 838 3993 quia
859 3912 935 3976 lieet
957 3911 1089 3993 pulchra
1110 3914 1220 3994 uerba,
1242 3920 1336 3978 mmor

151 4017 318 4093 venenata,
341 4013 414 4093 quia
437 4013 572 4078 diximus
595 4013 627 4078 in
643 4013 693 4076 his
709 4013 887 4093 sententiis,
910 4011 1073 4093 inquibus
1089 4012 1136 4077 eis
1152 4012 1336 4096 displiceret

150 4111 234 4177 sieut
251 4112 318 4193 jam
340 4112 379 4178 de
402 4113 583 4194 interdicto,
607 4114 760 4191 dicerent,
783 4113 868 4194 quod
889 4114 922 4178 in
937 4113 1000 4177 illis
1020 4129 1085 4177 non
1100 4120 1233 4179 tenetur
1246 4114 1336 4181 bonus

152 4221 184 4277 et
206 4211 307 4277 fidelis
331 4212 530 4279 Christianus
553 4221 639 4279 stare
661 4222 695 4280 et
716 4213 856 4279 obedire.
901 4215 1017 4280 Postea
1045 4231 1116 4278 cum
1137 4212 1255 4280 fuimus
1275 4228 1334 4280 cun

127 4305 128 4308 ’
152 4314 198 4377 eis
221 4313 312 4377 simul
336 4315 448 4392 vocati,
471 4314 618 4396 requisiti
641 4333 765 4378 sumus:
788 4333 828 4378 an
848 4315 913 4395 jam
935 4333 973 4379 ex
996 4315 1067 4380 istis
1087 4314 1237 4380 tractatis
1251 4313 1334 4380 vnum

152 4420 238 4476 stare
271 4414 464 4479 conclusioni
497 4434 555 4496 per
588 4432 646 4478 nos
680 4414 959 4496 pronuntiandae?
1002 4413 1045 4479 Et
1084 4431 1144 4481 nos
1178 4415 1332 4489 noluimus

152 4511 304 4592 dieentes,
334 4515 407 4594 quia
435 4533 497 4580 non
528 4516 680 4580 habemus
707 4516 747 4579 ad
774 4515 833 4580 hoe
861 4515 1043 4581 mandatum
1064 4532 1083 4578 a
1103 4514 1265 4595 facultate,
1285 4510 1332 4580 sed

151 4609 233 4677 detis
262 4614 354 4678 nobis
384 4614 469 4681 illam
499 4615 734 4681 conclusionem
757 4615 950 4695 inscriptis,
975 4621 1008 4680 et
1029 4632 1129 4697 super
1152 4632 1192 4681 oa
1211 4631 1330 4696 congre
