2992 5258
304 464 308 471 .
368 421 417 477 lV.
432 421 473 475 lle
492 421 529 474 lli.
546 421 573 475 J.
591 420 650 473 llus
668 418 807 474 audientia
824 418 867 473 die
884 424 902 474 8
919 422 1001 477 lunii.
1219 429 1280 493 309

66 625 242 705 ,attigistis
266 625 423 689 loannes!
453 623 499 686 Ex
529 641 591 703 quo
618 622 715 687 vultis
743 640 799 686 vos
829 622 906 686 darc
934 623 974 688 ad
996 623 1133 703 gratiam
1154 625 1280 689 concilii

66 734 118 791 ‹et
132 726 204 806 ejus
219 724 432 789 informationi
448 725 570 804 subjici,
586 723 704 799 sciatis,
727 723 800 804 quia
819 723 1001 788 informatio
1016 730 1125 789 vestra
1139 743 1157 789 a
1172 725 1281 790 docto·

63 829 173 895 ribus
205 827 285 891 bene
307 827 367 902 60,
397 843 531 905 qnorum
566 824 662 904 aliqui
693 824 758 903 jam
787 830 991 889 recesserunt
1020 830 1053 888 et
1083 825 1282 890 Parisienses

47 931 147 1014 jam
168 932 433 1007 supervenerunt,
455 924 542 989 nullo
574 923 824 1002 contradicente,
847 923 1056 988 demandato
1078 931 1112 989 et
1134 943 1281 990 excom·

54 1028 237 1096 missione
265 1024 391 1092 concilii
417 1033 468 1090 est
496 1025 574 1089 ista:
602 1024 686 1105 qnod
712 1042 768 1087 vos
800 1024 903 1105 primo
930 1024 1092 1089 humiliter
1112 1042 1283 1105 recognos-

49 1129 165 1196 catis
188 1144 334 1193 errorem
354 1130 495 1189 restrum
515 1124 634 1190 inistis
656 1124 813 1202 articulis,
835 1125 920 1204 quod
942 1126 1105 1205 hucusque
1120 1127 1283 1203 tenuistis:

52 1231 118 1297 :2⁰
153 1227 241 1309 quod
272 1225 426 1306 abjuratis
459 1227 538 1290 istos
570 1225 722 1290 articulos
755 1231 788 1288 et
816 1223 932 1304 juretis
962 1224 1033 1290 illos
1062 1226 1096 1289 in
1117 1232 1283 1291 aeternnm

57 1328 225 1411 amplius
246 1325 331 1409 qnod
345 1343 410 1390 non
432 1325 537 1389 velitis
553 1330 663 1389 tenere
684 1343 743 1389 nec
765 1323 951 1405 praedicare
972 1342 1032 1389 nec
1054 1325 1283 1406 dogmatisare:

52 1428 117 1493 :5⁰
154 1426 241 1509 quod
267 1443 324 1491 vos
351 1424 477 1506 publice
500 1426 657 1489 revocatis
687 1426 758 1489 illos
787 1424 939 1490 articulos
967 1431 1000 1489 et
1028 1427 1225 1504 retractetis:
1249 1434 1282 1492 et

49 1532 127 1610 4⁰,
162 1528 250 1611 quod
270 1526 334 1591 illis
356 1526 538 1607 oppositum
570 1524 806 1605 determinetis,
841 1525 978 1590 teneatis
1014 1530 1048 1591 et
1080 1527 1281 1607 praedicetis,

53 1647 174 1712 quos,
197 1635 234 1693 ut
255 1626 307 1691 hic
329 1626 497 1691 deducitur
519 1632 631 1690 contra
652 1643 725 1706 vos,
756 1626 914 1704 tenuistis,
938 1626 1112 1707 scripsistis
1136 1634 1168 1691 et
1190 1645 1282 1708 prae-

54 1729 226 1796 dicastis.

184 1829 228 1893 Et
257 1825 411 1907 magister
432 1825 577 1889 Joarmes
604 1824 689 1887 iuter
718 1823 816 1888 multa
845 1824 918 1888 irinc
946 1825 1020 1889 inde
1047 1843 1105 1905 per
1126 1826 1283 1891 alioscri-

53 1935 177 1998 brata
205 1936 240 1993 et
260 1928 376 1993 collata
402 1926 497 1990 ‹lixitz
520 1925 794 1988 Retrerendissime
827 1926 936 2006 patert
961 1925 1029 2006 Ego
1056 1934 1188 2007 paratus
1210 1945 1280 1991 suun

55 2031 247 2099 humiliter
268 2027 399 2092 obedire
422 2025 555 2091 concilio
578 2031 611 2089 et
634 2025 814 2104 informari,
844 2025 901 2089 sed
923 2043 1000 2104 rogo
1023 2034 1156 2108 propter
1178 2027 1283 2106 deum,

57 2130 169 2213 quod
198 2128 275 2193 milri
304 2128 450 2208 laqueum
483 2125 693 2190 damnationis
723 2143 785 2189 non
814 2126 920 2190 velitis
947 2127 1128 2206 imponere,
1157 2133 1192 2190 ut
1220 2146 1283 2192 non

61 2251 182 2312 cogar
204 2227 332 2294 mentiri
355 2234 389 2291 et
409 2225 558 2306 abjurare
579 2226 659 2289 istos
680 2225 846 2303 articulos,
869 2224 909 2290 dc
932 2226 1046 2306 quibus
1068 2233 1152 2291 teste
1175 2227 1235 2291 deo
1250 2237 1284 2292 et

66 2330 281 2399 conscientia
312 2327 389 2391 mihi
420 2327 499 2390 nihil
532 2333 672 2403 constat,
706 2333 739 2390 et
773 2333 874 2390 testes
902 2334 1086 2392 contremo
1108 2327 1282 2408 deponunt,

70 2449 167 2514 quae
194 2447 254 2494 ricc
283 2428 316 2492 in
349 2445 530 2492 cormeum
552 2446 697 2507 umquam
719 2426 947 2504 ascenderunt,
977 2433 1010 2492 et
1031 2428 1221 2509 praesertim
1244 2429 1283 2493 de

76 2534 164 2610 isto,
191 2528 277 2612 qnod
303 2534 378 2609 post
407 2528 679 2591 consecrationem
705 2528 737 2590 in
760 2534 960 2593 sacramento
989 2528 1099 2593 altaris
1122 2534 1284 2594 remaneat

81 2633 177 2715 panis
198 2629 383 2719 materialis.
414 2627 489 2692 lllos
510 2635 625 2706 arimin,
649 2627 689 2691 de
711 2628 825 2708 quibus
848 2634 974 2693 constat
995 2628 1072 2693 mihi
1094 2635 1128 2693 ct
1149 2646 1229 2709 quos
1250 2628 1283 2693 in

86 2730 177 2795 libris
197 2730 277 2795 meis
309 2728 420 2810 posui,
452 2727 547 2792 docto
580 2728 619 2792 de
647 2729 812 2809 opposito,
845 2728 916 2793 volo
939 2729 1101 2793 humiliter
1122 2746 1283 2794 revocare.

94 2829 154 2893 Sed
172 2828 256 2911 quod
277 2847 337 2909 ego
360 2845 469 2891 amires
484 2827 636 2891 articulos
657 2829 734 2891 milri
757 2828 923 2910 impositos
945 2828 1134 2909 abjurarem,
1150 2847 1284 2910 quornm

99 2928 266 2994 metimini
288 2928 347 2992 deo
360 2926 454 2991 dante
476 2926 554 2991 ialse
570 2927 702 3007 ascripti
721 2932 805 3005 sunt,
828 2927 974 3006 laqueum
986 2928 1062 2991 mihi
1073 2928 1283 2994 damnationis

104 3029 268 3094 mentiendo
284 3043 519 3109 praepararem,
543 3027 617 3107 apuria
631 3026 789 3106 abjurare,
812 3033 848 3090 ut
868 3027 901 3090 in
914 3026 1091 3091 catholicon
1104 3046 1154 3091 nre
1167 3029 1283 3107 legisse

106 3144 252 3205 memoror,
276 3133 327 3191 est
348 3127 451 3191 errori
474 3126 563 3206 parius
586 3131 675 3189 tento
703 3125 897 3190 renuntiare.
920 3125 984 3189 Sed
1005 3126 1079 3205 quia
1099 3127 1191 3192 multi
1206 3127 1283 3191 milri

11 3286 15 3293 .
109 3229 214 3293 articuli
241 3227 375 3310 ascripti
407 3232 495 3304 suut,
529 3243 609 3306 quos
642 3244 811 3305 numquam
844 3226 942 3302 tenui,
966 3226 1081 3291 necin
1103 3244 1283 3291 cormeum

13 3377 16 3381 ,
111 3328 316 3407 ascenderunt,
339 3327 411 3391 idco
423 3326 551 3391 videtur
562 3326 638 3389 milri
661 3334 772 3389 contra
794 3326 1019 3389 conscientiam
1041 3325 1114 3391 illos
1135 3326 1283 3407 abjurare

10 3472 15 3481 ,
111 3428 137 3486 ct
153 3429 278 3494 mentiri.
320 3428 364 3492 Et
385 3428 431 3491 illi
453 3427 616 3491 dixerunt:
639 3425 729 3504 Nou,
762 3444 843 3505 riou,
876 3426 936 3491 hoc
968 3444 1031 3490 non
1053 3434 1105 3493 est
1124 3427 1283 3508 abjurare.

112 3517 145 3585 Et
161 3529 304 3611 magister
326 3528 420 3591 dixit:
442 3526 492 3590 Ita
515 3544 573 3606 ego
595 3527 677 3606 legi,
705 3526 789 3607 qnod
818 3526 898 3589 illud
919 3525 962 3590 sit
983 3525 1141 3605 abjurare.
1164 3526 1207 3593 Et
1219 3526 1283 3594 cle·

112 3635 253 3693 naverunt
273 3626 376 3706 multi,
400 3645 470 3690 cum
486 3627 712 3691 conscientiam
727 3632 946 3706 attestaretur,
962 3625 1122 3692 dicentes:
1143 3626 1188 3693 Et
1200 3626 1285 3693 forte

113 3724 155 3785 Ula
173 3727 361 3793 conscientia
380 3745 549 3807 numquam
580 3727 717 3791 dictaret
745 3733 777 3790 te
800 3744 926 3791 errasse
946 3726 998 3792 vel
1020 3728 1152 3793 errare?
1172 3727 1216 3793 Et
1235 3728 1304 3793 in·.

113 3822 188 3890 terim
211 3846 268 3892 rex
295 3827 387 3891 dixit:
415 3827 534 3891 Audias
556 3827 640 3903 llus,
673 3833 707 3890 et
736 3844 834 3906 qnare
864 3827 965 3891 nolles
998 3844 1107 3890 omnes
1129 3844 1282 3892 erroneos

114 3921 240 3993 adcolas
267 3927 425 4008 abjurare,
455 3945 534 4008 qnos
562 3927 658 4005 dicis,
682 3928 756 4007 quia
778 3933 878 3990 testes
900 3933 1011 3992 contra
1035 3934 1066 3991 te
1087 3927 1170 3991 male
1185 3925 1281 4008 depo·

114 4028 247 4092 suerunt?
275 4035 309 4092 et
331 4036 436 4091 tamen
465 4045 523 4107 ego
547 4027 618 4091 volo
654 4027 801 4106 abjurare
831 4044 940 4091 omnes
970 4043 1114 4103 errores,
1144 4032 1177 4090 et
1199 4025 1283 4105 quod

10 4176 12 4187 .
113 4117 208 4189 nulum
233 4146 376 4192 errorem
398 4127 468 4190 volo
491 4133 618 4205 tenere,
647 4144 709 4190 non
737 4133 843 4190 tamen
865 4132 1010 4207 oportet,
1041 4124 1126 4205 quod
1147 4125 1284 4205 aliquem

113 4216 183 4292 llius
201 4228 296 4290 murti.
319 4226 360 4290 Et
383 4226 450 4290 ille:
475 4225 607 4290 Domino
631 4245 696 4299 rex,
720 4226 779 4290 hoc
794 4244 858 4289 uon
880 4234 974 4289 sonat
996 4224 1074 4288 illud
1096 4224 1284 4290 vocabulum

113 4314 152 4379 ill
168 4327 289 4391 uerbum
314 4326 509 4407 ,abjurare.“
535 4326 578 4389 Et
599 4326 769 4390 cardinalis
791 4325 995 4390 Florentinus
1017 4324 1111 4388 dixit:
1127 4325 1283 4403 Magister

10 4496 14 4505 .
113 4408 238 4507 Jltnnes,
258 4426 388 4492 dabitur
404 4426 493 4490 vobis
509 4445 572 4488 nixa
594 4428 693 4490 torma
716 4426 794 4490 satis
811 4425 944 4490 limitata
959 4425 991 4487 iu
1014 4425 1142 4505 scriptis
1156 4425 1283 4489 illornm

10 4530 15 4545 ·
115 4517 302 4608 cuculorum,
324 4526 461 4607 subque
482 4526 553 4589 illos
568 4526 717 4606 abjurare
732 4525 885 4607 debeatis
909 4533 941 4590 et
963 4532 1038 4588 tarne
1053 4524 1282 4606 deliberatius,

116 4615 174 4689 llil
191 4624 293 4692 iacere
317 4625 461 4692 debeatis
488 4626 538 4690 vel
559 4626 674 4691 velitis.
