2992 5258
152 412 215 484 404
398 410 601 467 controversiae
619 402 653 463 de
671 406 801 476 religione
817 406 845 464 in
863 399 1006 464 Bohemis:
1026 405 1100 465 141⁰.

250 618 338 685 Idem
360 625 435 684 tunc
456 616 602 683 dominus
624 617 735 680 noster
759 633 841 697 papa
863 612 1043 696 hujusmodi
1065 613 1277 696 expositionis
1292 632 1344 681 166

153 719 393 803 supplicationis
425 717 537 784 cedula
566 716 605 781 ad
628 715 757 797 plenum
778 714 954 796 intellecta,
983 714 1076 780 nobis
1099 714 1227 781 Oddoni
1248 717 1348 783 cardi-

152 823 215 889 nali
247 820 346 904 iudici
383 825 417 886 et
452 818 667 886 commissario
697 815 840 900 praelato
873 834 949 880 suae
979 815 1070 881 vivae
1101 817 1189 882 vocis
1221 817 1347 885 oraculo

153 923 307 988 commisit
329 927 363 988 et
383 921 552 1002 mandavit,
574 925 611 985 ut
633 936 759 984 cansam
783 923 816 983 et
837 936 948 984 causas
964 918 998 983 in
1013 916 1124 984 eadem
1138 918 1347 1000 expositionis

152 1024 218 1089 sive
240 1023 479 1107 supplicationis
509 1021 621 1086 cedula
642 1024 819 1099 contentas,
842 1018 1026 1084 audiremus
1048 1037 1086 1084 ac
1107 1019 1292 1105 citaremus.
1312 1025 1345 1085 61

150 1123 282 1206 petitur,
312 1130 345 1189 et
374 1123 532 1204 Justitiam
563 1121 749 1188 faceremus.
791 1119 931 1186 Tandem
959 1120 1043 1185 idem
1066 1119 1213 1185 dominns
1236 1125 1344 1186 noster

150 1243 234 1308 papa
262 1222 417 1305 quandam
448 1222 542 1288 alimn
568 1221 820 1287 commissionem
852 1220 919 1285 sive
941 1219 1184 1302 supplicationis
1205 1219 1346 1287 cedulam

150 1343 209 1407 per
231 1341 306 1390 suos
328 1330 434 1390 certos
455 1340 604 1388 cursores
626 1327 834 1405 praesentare
856 1320 940 1393 iecit
964 1338 1057 1402 quam
1072 1338 1130 1386 nos
1144 1328 1341 1402 reverenter,

151 1431 186 1490 ut
207 1424 323 1505 decuit,
346 1425 533 1507 recepimus,
554 1423 735 1507 hujusmodi
759 1422 819 1487 sub
840 1429 972 1489 tenore:

253 1628 445 1708 „Beatissimo
479 1630 578 1701 pater!
601 1626 717 1686 Dudum
751 1644 816 1686 cnm
848 1627 886 1686 ad
918 1643 1005 1686 aures
1038 1632 1159 1688 sanctae
1192 1628 1347 1688 memoriae

151 1728 185 1790 D.
210 1730 371 1789 Alexandri
394 1745 489 1802 papae
513 1730 538 1788 V
560 1728 753 1802 pervenisset,
775 1729 853 1801 quod
874 1729 904 1787 in
920 1728 1037 1787 civitate
1054 1726 1200 1802 Pragensi
1215 1733 1348 1802 6116166

151 1829 311 1889 Bohemiae
342 1835 373 1888 et
394 1830 483 1890 certis
510 1830 577 1888 aliis
600 1828 759 1904 provinciis
781 1828 912 1888 nonnulli
934 1828 1050 1888 articuli
1071 1831 1190 1888 erronei
1211 1829 1244 1888 in
1265 1828 1347 1889 libris

151 1929 295 2004 quondam
308 1931 430 1990 loannis
443 1929 554 1990 Wiclei
563 1929 748 2004 dogmatisati
760 1929 948 2004 pullularent,
959 1931 1037 1989 idem
1050 1935 1171 1989 6666166
1181 1929 1346 2007 memoriae,

150 2047 204 2103 pro
241 2030 452 2102 exstirpatione
490 2045 621 2089 errorum
664 2029 849 2104 hnjusmodi,
895 2031 1038 2092 commisit
1072 2030 1237 2092 reverendo
1274 2029 1347 2104 nani

151 2131 187 2190 D.
211 2129 358 2206 Sbynconi
388 2131 609 2204 archiepiscopo
631 2133 774 2206 Pragensi
807 2133 884 2192 inter
911 2133 977 2203 alia,
1006 2137 1038 2191 ut
1066 2131 1205 2191 assumtis
1227 2136 1348 2206 quanm

150 2232 296 2307 magistris
325 2232 355 2291 in
385 2230 535 2305 theologia
564 2238 595 2291 et
616 2232 729 2292 duobus
751 2231 920 2292 doctoribus
944 2233 1137 2301 decretorum,
1159 2232 1197 2292 de
1218 2233 1347 2305 ipsorum

151 2333 275 2394 consilio
297 2348 386 2405 super
408 2331 565 2405 praedictis
588 2334 762 2404 procedens,
784 2333 964 2407 prohiberet,
985 2350 1023 2392 ne
1046 2332 1170 2407 quiade
1192 2338 1295 2393 cetero
1318 2333 1346 2391 in

151 2433 301 2509 quibusvis
333 2431 407 2493 locis
440 2433 535 2492 dictos
567 2432 706 2493 articulos
737 2433 864 2504 doceret,
895 2432 1081 2504 defenderet,
1114 2439 1144 2492 61
1177 2432 1348 2505 prohiberet

150 2531 230 2616 (sic),
253 2538 283 2593 et
310 2534 336 2592 si
359 2533 423 2607 quis
446 2533 623 2593 contrarium
645 2533 764 2604 faceret,
786 2535 865 2593 velut
886 2533 1051 2594 haereticus
1074 2540 1247 2595 censeretur
1269 2539 1300 2593 61
1312 2532 1347 2591 ab

151 2635 284 2697 omnibus
314 2633 482 2709 haberetur,
509 2640 540 2692 et
567 2651 603 2693 ne
630 2635 719 2693 etiam
742 2635 886 2708 quispiam
910 2636 1014 2709 quovis
1036 2635 1169 2708 quaesito
1192 2634 1295 2694 colore
1318 2633 1348 2691 in

151 2737 272 2811 privatis
295 2735 368 2796 locis
384 2735 479 2794 (116166
502 2735 637 2808 civitatis,
659 2736 764 2794 sedin
787 2736 846 2795 illis
869 2737 1019 2796 (1661161161
1039 2736 1174 2797 ecclesiis
1198 2741 1230 2796 61
1247 2751 1348 2795 mons·

152 2838 259 2907 storiis,
288 2836 339 2896 ubi
361 2836 397 2895 de
417 2837 483 2909 jnre
507 2832 572 2893 fieri
593 2835 692 2908 debet,
714 2835 751 2895 ad
773 2837 914 2909 populum
935 2837 1109 2911 praedicare
1133 2842 1347 2909 praesumeret

151 2939 191 2998 Et
223 2936 373 3011 quamvis,
409 2940 494 3007 pater
529 2937 644 2996 sancte!
677 2935 827 3008 praefatus
860 2936 896 2996 D.
929 2938 1178 3010 Archiepiscopns
1216 2936 1347 3012 ejusden

151 3038 365 3099 commissionis
394 3035 495 3109 vigore
527 3041 636 3095 certam
659 3034 841 3095 diffinitivam
864 3037 1040 3097 sententiam
1061 3037 1099 3096 de
1121 3037 1267 3097 dictorum
1288 3051 1348 3095 ms·

152 3139 310 3214 gistrorum
326 3143 356 3197 et
377 3137 528 3196 doctorum
551 3136 675 3196 consilio
697 3137 805 3207 tulerit,
828 3153 883 3209 per
905 3153 991 3211 qnam
1011 3137 1090 3197 inter
1111 3143 1214 3198 cetera
1233 3136 1348 3213 aliqum

150 3239 242 3298 libros
271 3237 340 3298 dicti
362 3237 486 3298 Joannis
508 3236 618 3297 Wiclei
643 3242 713 3298 tunc
745 3238 916 3310 expressius
946 3237 1152 3298 condemnavit
1186 3244 1219 3298 et
1239 3236 1349 3299 Christi

151 3337 278 3399 fidelium
300 3337 393 3398 oculis
415 3354 468 3411 per
489 3337 750 3416 ignisavoraginem
770 3340 948 3400 amovendos
964 3338 1096 3399 decrevit
1109 3345 1199 3414 arque
1212 3336 1349 3406 inhibuit

152 3446 180 3499 61
209 3440 282 3500 alias
308 3441 392 3514 juxta
418 3438 514 3498 dictae
542 3440 754 3499 commissionis
788 3447 934 3499 tenorem:
957 3440 1075 3513 quidem
1095 3444 1195 3499 166166
1215 3439 1349 3499 loannes

151 3540 214 3599 Has
247 3540 284 3600 (16
311 3539 470 3609 Husinecz,
503 3556 611 3612 gerens
646 3556 678 3599 se
711 3557 764 3613 pro
798 3540 937 3614 magistro
978 3541 1083 3599 6111616
1118 3544 1149 3600 61
1181 3536 1350 3601 1666116116

152 3632 274 3700 formato
296 3640 328 3698 in
350 3639 506 3713 theologia,
529 3641 672 3699 dictorum
695 3657 826 3700 errorum
850 3648 954 3701 666161
976 3647 1006 3700 61
1020 3639 1166 3700 (16166661
1179 3646 1211 3700 61
1224 3640 1350 3701 numism

151 3740 340 3815 praecipuus,
378 3757 440 3800 cum
473 3741 620 3801 nonnullis
654 3741 714 3801 suis
747 3741 955 3815 complicibus,
991 3742 1130 3801 videlicet
1161 3739 1281 3801 Sdislso
1313 3739 1349 3800 (16

151 3841 337 3901 Ζ6161661161
350 3841 488 3914 magistro
502 3843 615 3912 artium,
637 3843 752 3902 Joanne
769 3842 806 3900 de
818 3843 953 3914 Brandis,
969 3842 1083 3903 Joanne
1106 3842 1144 3901 de
1156 3841 1246 3917 Lysa,
1260 3840 1348 3902 Petro

152 3942 189 4002 de
217 3939 368 4013 Sepekov,
397 3941 484 4001 Petro
518 3943 556 4001 de
584 3942 727 4011 Valentia,
757 3942 904 4002 Michaele
938 3943 975 4002 de
997 3941 1149 4002 Drnovsics
1182 3941 1347 4002 61166666

151 4042 188 4101 (16
210 4041 379 4110 Landstein,
395 4041 577 4101 scholaribus
595 4043 684 4101 studii
700 4043 901 4102 universitatis
913 4036 1079 4116 Pragen'sis,
1101 4041 1190 4101 etiam
1206 4040 1347 4101 (1161616111

151 4158 282 4201 61161661
311 4140 484 4218 fautoribus,
513 4159 530 4200 a
560 4142 705 4202 sententia
733 4143 940 4215 prohibitionis
968 4143 1037 4205 dicti
1058 4143 1095 4201 I).
1124 4139 1347 4217 archiepiscopi

152 4243 251 4302 taliter
272 4241 398 4316 qualiter
418 4242 650 4320 appellaverunt,
673 4249 705 4302 et
719 4244 813 4303 dictus
829 4245 961 4303 ioannes
976 4243 1047 4314 Hus,
1065 4242 1197 4316 quamvis
1212 4240 1345 4315 perprius

151 4344 237 4416 plura
258 4343 353 4403 dictos
377 4359 494 4404 errores
517 4345 732 4414 concernentia,
756 4346 842 4404 etiam
864 4362 939 4419 quae
963 4345 1120 4404 scissuram
1142 4348 1174 4403 61
1202 4340 1343 4403 meream

151 4444 182 4502 16
215 4441 271 4503 lide
294 4437 440 4503 catholica
462 4445 587 4517 sapiunt,
620 4445 835 4517 praedicaverit
856 4452 887 4505 et
908 4445 1048 4514 docuerit,
1081 4450 1112 4503 et
1132 4449 1232 4503 166166
1247 4442 1343 4503 ultim

151 4543 182 4601 in
211 4543 333 4615 quadam
363 4543 478 4616 capella
505 4551 671 4605 sanctorum
698 4546 889 4606 innocentum
911 4546 1063 4606 Bethleem
1089 4550 1265 4617 nuncupata,
1292 4540 1344 4602 sits

150 4643 180 4704 in
202 4644 321 4717 antiqua
342 4645 447 4718 majori
469 4645 585 4706 civitate
600 4645 752 4719 Propensi,
774 4652 842 4719 post
857 4650 887 4706 et
901 4652 1004 4707 contra
1018 4646 1124 4708 (1161661
1138 4644 1339 4709 161111166611
