2992 5258
426 442 567 482 ecsrccrc
584 428 657 495 apud
674 427 772 482 iratres
789 428 917 482 Minores.
952 430 993 482 82.
1011 430 1053 482 83.
1276 432 1332 494 131

148 634 252 694 amant
267 626 428 694 dominum
442 629 554 694 Jesum
568 627 739 707 Christum,
762 628 815 710 qui
837 647 950 711 passus
972 634 1026 692 cst
1043 646 1102 710 pro
1121 627 1223 699 nobis,
1245 628 1336 692 nobis

148 724 330 811 relinquens
357 729 550 812 exemplum,
582 736 618 794 ut
640 747 809 809 sequamur
837 729 971 809 vestigia
992 727 1071 810 ejus.
1114 728 1221 812 Ipsum
1243 736 1337 810 opor·

148 830 236 896 tebat
249 831 327 913 pati,
341 837 378 895 ut
392 831 462 912 ipse
474 831 527 909 ait,
543 835 576 895 et
591 847 649 895 nos
664 834 793 912 oportet
808 829 884 911 pati,
900 834 936 894 ut
951 828 1183 911 compatiantur
1196 828 1339 893 membra

148 930 254 1013 capiti,
277 929 332 1012 qui
353 929 414 995 ait:
448 928 500 1010 ,Si
523 929 592 1010 quis
614 929 682 994 vult
703 928 813 994 venire
834 935 908 1010 post
928 946 987 1008 me,
1009 927 1146 1008 abmget
1167 945 1203 993 sc
1223 927 1338 1009 ipsum,

148 1034 180 1095 at
199 1029 296 1096 tollat
315 1047 442 1096 crucem
464 1046 553 1095 suam
575 1035 609 1094 et
623 1034 777 1109 sequatur
790 1030 870 1094 me.¹‘
894 1028 1076 1111 Opiissime
1088 1025 1223 1106 Christe,
1246 1027 1339 1093 trahe

149 1148 205 1197 uos
228 1129 353 1197 debiles
374 1134 510 1212 postte,
533 1128 617 1210 quia,
638 1128 700 1193 nisi
722 1135 757 1193 tu
779 1145 837 1193 nos
859 1127 1005 1208 traxeris,
1026 1145 1090 1194 nou
1112 1133 1144 1193 te
1159 1128 1249 1209 sequi
1265 1145 1338 1209 pos·

149 1246 273 1309 sumus3
308 1229 350 1295 da
371 1228 486 1295 fortem
512 1228 667 1311 spiritum,
696 1233 732 1293 ut
754 1227 797 1294 sit
817 1234 991 1310 promptus,
1027 1228 1109 1293 etsi
1131 1244 1204 1293 caro
1227 1228 1269 1292 sit
1290 1228 1338 1292 in·

147 1328 250 1409 mora,
275 1337 332 1396 tua
355 1328 463 1410 gratia
485 1329 685 1411 praeveniat,
718 1327 837 1393 mediet
863 1333 903 1394 et
917 1334 1085 1410 sequatur,
1119 1328 1193 1410 quia
1213 1329 1283 1393 sine
1305 1334 1340 1393 te
1466 1350 1470 1357 >

151 1430 225 1495 nihii
246 1447 417 1513 possumus
444 1428 559 1509 iacere,
582 1433 615 1494 et
635 1429 824 1511 pracsertim
845 1434 978 1512 propter
1000 1435 1032 1494 te
1051 1428 1092 1495 ad
1112 1434 1247 1493 mortem
1268 1446 1340 1493 cru·

151 1529 251 1596 telem
273 1530 331 1595 ire.
373 1529 424 1594 Da
446 1528 592 1611 spiritum
615 1535 812 1610 promptum,
835 1545 890 1593 cor
910 1527 1116 1610 impavidum,
1155 1526 1249 1592 fidem
1271 1546 1341 1594 rec·

153 1636 222 1707 tam,
245 1646 336 1712 spem
357 1628 488 1709 firmam,
511 1629 740 1708 caritatemque
762 1627 946 1709 perfectam,
968 1636 1004 1694 ut
1024 1646 1083 1710 pro
1098 1634 1132 1693 te
1148 1645 1341 1709 exponamus

154 1730 383 1811 patientissime
412 1735 537 1794 etcum
559 1728 673 1810 gaudio
703 1728 800 1793 vitam
827 1735 981 1793 nostram.
1022 1728 1131 1793 Amen.
1181 1728 1341 1810 Scriptum

156 1831 336 1894 incarcere
357 1831 391 1895 in
412 1829 559 1909 vinculis,
602 1829 635 1892 in
658 1828 765 1908 vigilia
786 1828 887 1893 suncti
909 1828 1041 1893 Joannis
1063 1827 1242 1909 Baptistae,
1286 1828 1339 1910 qui
1426 1897 1429 1903 ,

157 1933 184 1995 in
205 1948 335 1995 carcere
357 1935 391 1995 ct
411 1930 444 1995 in
466 1929 600 1995 vinculis
621 1934 755 2012 propter
776 1930 1010 2010 correptionem
1031 1928 1192 2009 nequitiae
1214 1934 1265 1993 est
1285 1927 1341 1993 de-

158 2029 295 2111 collatus,
318 2030 372 2111 qui
393 2029 543 2110 dignetur
563 2046 657 2095 orare
679 2048 737 2111 pro
759 2028 850 2094 nobis
872 2029 1031 2094 dominum
1045 2028 1156 2092 Jesum
1171 2027 1340 2092 Christum.

161 2130 262 2194 tmen.

250 2244 280 2297 Ε
296 2242 357 2297 MS.
375 2243 503 2299 moden.
525 2261 554 2314 p.
572 2242 616 2300 91.
651 2243 735 2299 MSS.
761 2243 857 2297 Vican.
874 2243 960 2307 4524,
977 2244 1003 2314 f.
1022 2242 1066 2298 84.
1085 2273 1118 2283 -
1140 2242 1224 2303 4567,
1237 2242 1263 2310 s.
1276 2242 1340 2296 155.

165 2324 215 2379 NS.
233 2328 319 2395 capit.
337 2327 427 2396 Proy.
440 2328 466 2398 s.
486 2326 530 2382 76.

252 2427 329 2481 uuae.
347 2429 378 2480 a·
394 2428 486 2497 ropac
503 2430 581 2497 psas.
600 2426 633 2479 u.
650 2426 679 2479 5.
699 2426 770 2495 opp.
789 2426 854 2479 Ha
873 2427 898 2488 1,
922 2423 958 2479 cs
976 2436 1002 2480 a
1019 2425 1065 2480 ao.

652 2599 670 2605 ,,
704 2598 817 2606 ..o—u-
838 2599 844 2604 .

722 2789 783 2863 83.

516 2978 735 3063 Fidelibus
765 2979 977 3065 Bohem‘m.
1059 3055 1061 3060 .

174 3153 318 3215 „limatur
335 3167 361 3213 et
379 3161 524 3229 confirmat
535 3154 604 3213 'suos
621 3160 673 3212 hoc
690 3162 824 3227 epistola,
848 3177 882 3213 aa
899 3168 1072 3220 terreantur,
1096 3170 1247 3229 propterea
1274 3163 1347 3229 quod

175 3240 220 3305 ‘itte
232 3243 317 3297 libror
326 3244 388 3312 ipni
399 3243 551 3297 medendos
567 3243 732 3308 iudicaverit
743 3245 900 3306 concilium,
917 3260 1042 3296 asserens
1061 3260 1122 3295 com
1134 3260 1191 3295 esce
1198 3243 1347 3313 fortooom

174 3335 298 3380 Momm
315 3328 459 3390 iturorum,
484 3344 534 3381 nec
557 3328 649 3396 aare
666 3328 747 3397 hujus
769 3329 812 3381 rei
828 3329 960 3396 exempla.
996 3327 1106 3380 Deinde
1129 3335 1248 3379 recenset
1266 3329 1347 3397 hujus

191 3413 403 3481 oonpreyatiom'a
415 3412 640 3480 perversissimos
655 3427 753 3472 mores,
776 3412 893 3479 denique
907 3428 1004 3480 popae
1020 3411 1141 3464 Joonois
1158 3411 1324 3465 condorusto·

693 3496 822 3548 fimf!

642 3659 729 3729 (1415,
746 3663 780 3715 ss
796 3661 871 3724 aun.)

254 3828 350 3894 Mistr
370 3828 432 3894 Jan
453 3827 540 3908 Hus,
574 3845 601 3892 u
622 3827 729 3910 nadeji
751 3828 843 3893 sluha
872 3829 959 3906 boii,
992 3831 1088 3895 utem
1117 3829 1256 3912 weruy'm
1275 3831 1348 3912 jani

170 3922 240 3994 boia
270 3928 393 4011 ajeho
422 3928 524 3994 stkon
549 3928 649 4010 miluji
675 3947 694 3992 a
723 3928 810 3993 budui
832 3930 996 4010 milouati,
1029 3930 1141 3995 iidost
1173 3930 1256 4010 sui,
1289 3932 1349 4012 aby

169 4029 327 4110 oprande
350 4047 369 4094 a
390 4048 417 4092 w
439 4029 557 4095 milosti
579 4029 670 4093 boiie
692 4028 863 4111 pieby'wali
885 4047 904 4094 a
926 4028 966 4093 do
988 4029 1079 4094 smrti
1100 4032 1244 4096 caterno
1266 4029 1349 4094 stuli.

256 4128 450 4210 Nejmilejstt
473 4127 673 4211 napominam
688 4128 759 4207 wts,
782 4129 893 4210 abyste
914 4147 949 4195 se
972 4129 1117 4208 neiekali,
1139 4130 1192 4194 ani
1206 4130 1351 4195 ustrasiti

167 4226 223 4293 dali
253 4237 363 4312 proto,
396 4230 433 4294 ie
461 4227 570 4292 sume
592 4229 689 4311 knihy
717 4228 883 4311 kspaieni
909 4230 1054 4295 odsudili.
1097 4230 1266 4309 Pomnote,
1299 4227 1352 4294 iet

167 4326 200 4390 sui
219 4329 359 4394 swoteho
380 4327 558 4394 Jeremiise
579 4330 780 4410 proroctuie,
799 4330 850 4412 jai
870 4330 935 4412 jest
958 4330 1041 4394 buoh
1056 4329 1148 4393 kazal
1163 4328 1256 4411 psati,
1279 4329 1351 4411 spt-

165 4425 214 4506 lili,
235 4429 353 4494 awtak
374 4429 412 4492 sui
434 4429 519 4508 toho,
553 4431 608 4494 coi
627 4431 693 4512 jest
714 4429 922 4511 prorokowal,
945 4430 1059 4509 neusli,
1081 4429 1144 4493 neb
1167 4446 1207 4510 po
1228 4428 1351 4509 spaleni

164 4525 250 4594 sazai
267 4530 354 4610 jemu
376 4529 440 4612 pau
460 4527 525 4595 boh
546 4530 599 4594 tui
621 4531 676 4596 iet
694 4549 713 4595 a
724 4531 813 4612 jesca
829 4530 923 4596 wicco
939 4529 1068 4611 piidau,
1090 4528 1225 4611 popsati.
1248 4529 1349 4594 Jakoi

164 4643 196 4692 sc
216 4629 313 4696 atala:
335 4647 377 4695 on
399 4628 509 4711 prawil
531 4629 606 4694 sedo
630 4648 651 4692 u
672 4631 793 4695 wezcni
815 4629 973 4695 aBaruch
988 4627 1085 4710 suaty'
1101 4627 1180 4709 psal,
1200 4628 1272 4709 jeui
1285 4628 1351 4710 jest

1092 4732 1094 4736 ,
1150 4727 1182 4780 9,
