2992 5258
403 402 482 464 annia
500 408 565 464 1412
584 408 666 464 -1414
682 424 717 463 ex
734 406 822 464 enssin.
857 411 898 464 29.
1208 415 1246 479 61

58 611 209 677 virtutum
231 611 385 679 derelicto
414 612 482 679 loco
515 610 694 678 ostenditur
725 630 745 678 a
776 612 1064 696 pseudoprophetis
1094 613 1248 680 Christus.

59 712 266 795 Prophetavit
287 718 321 779 ct
341 713 541 796 praemonuit
561 730 636 778 suns
653 712 798 778 Christus
819 714 980 779 dominus:
1007 714 1086 780 Cum
1107 715 1251 781 videritis

59 813 324 879 abominationem
344 815 377 879 in
399 815 468 880 loco
490 820 617 893 sancto;
646 814 699 896 qui
720 815 807 896 legit,
829 815 995 895 intelligat.
1038 814 1081 879 Et
1100 823 1188 897 post:
1218 815 1251 880 Si

60 913 206 995 dixerint
229 933 303 981 ecce
318 915 351 979 in
366 915 493 981 deserto
509 922 560 981 est
571 914 725 995 Christus,
747 915 846 980 nolite
868 915 1010 994 credere,
1032 915 1131 981 nolite
1154 916 1250 996 exire,

60 1012 124 1078 scil.
147 1032 167 1079 a
187 1012 250 1080 fide
271 1021 367 1095 recta
390 1033 483 1097 quam
504 1016 593 1082 vobis
615 1014 750 1099 ostendi,
773 1015 898 1095 dicans,
921 1015 1005 1097 quod
1026 1016 1126 1098 major
1148 1023 1198 1082 ast
1219 1015 1251 1081 in

61 1131 158 1195 regno
180 1113 349 1195 coelorum,
386 1114 439 1196 qui
462 1123 512 1184 eat
533 1116 689 1197 humilior,
726 1123 760 1184 et
781 1117 835 1199 qui
856 1134 892 1182 se
928 1116 1055 1195 eadat,
1088 1116 1251 1198 abjectior.

62 1214 165 1281 Nolite
199 1214 330 1282 credere
364 1218 525 1297 omnibus,
561 1237 642 1299 quae
669 1217 808 1282 dixerint
839 1217 928 1283 vobis
954 1216 1251 1300 pseudoprophetae

63 1315 279 1397 ostendentes,
308 1319 383 1398 quia
403 1318 521 1384 Romae
543 1317 665 1383 residet
685 1318 865 1401 capitaliter
885 1318 918 1383 in
939 1335 1076 1400 persona
1097 1316 1251 1382 Christus.

65 1416 88 1481 0
109 1416 232 1497 beatus,
255 1419 309 1499 qui
330 1437 393 1484 non
416 1418 513 1485 fuerit
534 1418 780 1484 scandalizatusl

159 1517 241 1583 Item
262 1520 295 1583 in
324 1519 386 1585 isto
409 1523 475 1585 sto:
511 1518 872 1600 pampinationibus
905 1519 1048 1596 ccclesia,
1086 1519 1135 1584 vel
1171 1537 1253 1601 papa

66 1635 131 1683 cum
152 1618 376 1699 cardinalibus,
399 1618 578 1685 decreverit
600 1618 650 1685 vel
677 1618 875 1685 mandaverit
895 1619 1067 1685 tenendum
1096 1620 1146 1684 vel
1178 1619 1252 1684 faci-

66 1718 175 1783 endum
198 1719 370 1786 secundum
396 1719 499 1802 legem
515 1718 644 1800 Christi,
666 1718 743 1785 illud
767 1719 929 1785 humiliter
953 1727 989 1787 ut
1003 1718 1105 1785 fidelis
1120 1718 1253 1784 Christi-

67 1836 141 1884 anus
164 1819 237 1886 uolo
259 1818 401 1885 revereri
423 1827 456 1886 et
476 1819 704 1885 uenerabiliter
725 1826 900 1902 acceptare.
933 1819 997 1885 Sed
1018 1839 1081 1886 non
1103 1820 1255 1903 quidquid

65 1934 143 2001 papa
164 1938 236 1985 cum
259 1919 479 1989 ,cardinalibus
512 1920 736 1986 universaliter
767 1917 929 1986 diffinierit
961 1919 1011 1985 vel
1041 1920 1254 1999 mandaverit;

69 2021 138 2100 qnia
153 2021 221 2103 jam
241 2020 303 2087 leci
324 2016 504 2105 oppositu‘m
527 2025 630 2087 etsta
653 2020 686 2084 in
708 2020 864 2103 opposito,
887 2022 1117 2104 propterquod
1132 2038 1255 2087 excom·

69 2120 217 2200 muniam,
239 2128 337 2204 prout
357 2122 446 2187 scitis
467 2140 526 2204 pro
547 2122 619 2187 isto.

164 2220 348 2288 Hostiensis
369 2224 402 2288 in
431 2225 553 2290 lectura
585 2242 682 2306 super
702 2221 739 2287 5⁰
770 2223 976 2289 decretalium
997 2222 1064 2304 (ca0
1092 2224 1256 2304 Anubis)

71 2326 162 2403 tenet
186 2322 271 2405 quod
292 2342 376 2405 papa
396 2324 480 2389 sicut
500 2329 534 2389 et
555 2329 624 2390 tota
645 2322 732 2388 curia
754 2322 894 2389 Romana
931 2341 1039 2391 errare
1071 2324 1192 2406 poterit
1222 2324 1256 2388 iu

70 2422 116 2489 ria
135 2441 269 2504 morum
292 2424 375 2490 sicut
395 2443 491 2508 saepe
514 2430 601 2490 errat
621 2424 654 2489 in
683 2422 802 2505 jndicio
835 2424 988 2490 veritatis.
1031 2421 1128 2490 Istam
1161 2442 1255 2507 expo·

71 2523 215 2590 altionem
235 2523 387 2591 audacter
409 2530 513 2591 teneo.
556 2524 637 2603 Quia
660 2542 699 2590 ex
720 2542 781 2607 qun
806 2529 844 2590 12
859 2524 994 2607 apostoli
1016 2529 1203 2590 erraverunt
1225 2525 1257 2588 in

68 2622 183 2704 jndicio
206 2624 352 2691 veritatis
374 2626 461 2691 etin
483 2627 685 2706 damarum,
718 2645 737 2691 a
766 2623 892 2690 Christo
922 2625 1016 2692 electi
1049 2632 1082 2691 et
1103 2625 1257 2692 habentes

71 2725 214 2807 spiritum
237 2731 390 2805 sanctum,
414 2725 569 2808 quomodo
591 2745 674 2809 papa
696 2744 767 2792 curn
788 2725 1000 2805 cardinalibus
1032 2743 1095 2791 nnn
1117 2725 1259 2806 poterint
1286 2797 1291 2811 .

71 2822 238 2900 injudicio
260 2826 406 2893 tentatis
425 2824 560 2892 delicere
583 2828 670 2892 etin
693 2827 743 2892 via
764 2826 909 2892 morum?
950 2826 1081 2893 Factum
1103 2832 1162 2906 est,
1183 2824 1257 2891 dum

70 2922 223 2999 ioannes,
241 2945 325 3010 papa
345 2928 453 3008 Agnes
474 2927 588 2993 mulier
610 2931 644 2995 et
664 2944 773 2991 omnes
795 2924 988 3005 cardinales,
1008 2926 1070 2993 imo
1093 2925 1257 3008 pcrtinen-

71 3028 116 3090 as
136 3023 179 3092 ad
200 3026 369 3092 ecclesiam
390 3028 562 3093 Romanam
582 3027 712 3093 luerunt
732 3026 857 3109 decepti
887 3026 919 3093 in
945 3025 1064 3108 judicio
1096 3024 1256 3104 veritatis3

71 3141 137 3190 cnm
167 3126 313 3192 loannes
344 3126 415 3210 ipsa
435 3127 542 3208 Agnes
564 3125 644 3193 dixit
665 3144 700 3191 se
723 3144 794 3191 esse
816 3134 938 3209 patrem
961 3125 1201 3205 sanctissimum,
1225 3131 1258 3188 et

72 3224 246 3293 wdinalcs
268 3245 339 3292 cum
370 3227 441 3293 aliis
469 3226 502 3293 id
534 3227 638 3311 ipsum
669 3225 913 3293 affirmaverunt.
955 3225 1074 3293 Beatus
1107 3226 1150 3291 sit
1180 3241 1257 3306 ergo

73 3324 217 3392 Christus
238 3326 344 3408 iesus,
374 3328 428 3409 qui
448 3327 489 3393 ad
509 3334 652 3394 nostram
675 3327 849 3395 doctrinam
877 3333 911 3391 ct
931 3335 1071 3393 sanctam
1104 3325 1258 3393 cautelam

74 3427 214 3509 permisit
235 3427 270 3492 in
291 3445 349 3494 sua
369 3427 502 3494 ecclesia
523 3426 601 3493 illud
622 3426 746 3495 sactum.

169 3542 200 3598 E
215 3542 280 3600 MS.
298 3542 399 3604 eadam,
412 3542 467 3613 fol.
485 3542 521 3599 12
537 3559 576 3611 aq.

168 3626 225 3682 Ed.
243 3624 350 3696 Hbflcr,
367 3626 411 3690 II,
427 3625 493 3681 228.
