2992 5258
157 412 220 478 448
409 403 612 459 (lontrorareine
630 403 665 458 de
682 404 811 472 religione
829 405 857 460 in
874 406 1019 461 Bohemio:
1037 408 1112 464 llll.

158 612 209 676 vel
237 609 277 675 ad
305 607 424 673 curiam
453 607 624 672 Romanam
658 607 709 671 vel
736 607 776 672 ad
798 607 1016 690 quodcumque
1038 608 1178 675 studium
1202 610 1355 691 generale

158 711 375 794 approbatum,
399 710 527 790 utrique
549 709 633 790 parti
655 706 849 789 indifferens,
873 716 906 774 et
927 709 971 774 ibi
995 709 1100 792 aliqua
1121 710 1356 777 determinare:

156 816 327 894 protestor,
350 808 434 890 quod
446 826 505 889 ego
517 814 647 890 paratus
660 807 757 891 (snm)
769 808 809 874 ad
826 809 1059 875 defendendum
1071 810 1156 877 dicta
1170 830 1252 892 mea,
1272 830 1354 893 quae

156 912 221 977 dixi
242 911 354 976 diebus
377 916 410 974 et
424 908 512 974 horis
528 908 724 992 opportunis,
747 909 790 974 Et
803 908 883 976 haec
897 909 1026 976 fuerunt
1047 911 1135 977 dicta
1144 929 1230 978 mea:
1248 912 1353 994 ,quod

157 1012 183 1076 si
206 1010 321 1076 scirem
335 1009 473 1091 aliquem
487 1009 591 1088 talem,
615 1010 668 1091 qui
683 1009 806 1090 legeret
827 1008 878 1075 vel
900 1011 1045 1076 studeret
1067 1012 1099 1077 in
1121 1011 1212 1078 libris
1228 1012 1354 1093 Wiclei,

156 1112 207 1178 vel
228 1111 280 1192 qui
304 1110 400 1176 vellet
422 1108 531 1174 fovere
554 1114 587 1174 et
608 1108 749 1173 retinere
772 1126 846 1174 suas
872 1110 1047 1192 opiniones
1069 1129 1129 1194 ego
1151 1112 1268 1178 vellem
1291 1106 1352 1179 nbi

156 1212 323 1278 consulere
353 1228 392 1275 ex
417 1218 508 1293 parte
538 1210 590 1275 dci
611 1216 645 1275 et
669 1210 836 1276 caritativa
857 1209 1042 1290 dilectione,
1072 1231 1166 1294 qnam
1189 1212 1352 1295 proximus

155 1313 273 1379 habere
287 1318 417 1378 tenetur
430 1310 471 1375 ad
485 1310 672 1392 proximum,
695 1310 779 1391 quod
793 1310 974 1393 desisteret,
997 1312 1071 1393 quia
1086 1313 1169 1379 benc
1194 1330 1351 1395 cognosco

155 1419 245 1479 tanta
258 1413 341 1478 mala
363 1429 402 1475 ex
417 1411 473 1476 tali
489 1410 604 1490 studio,
626 1410 711 1492 quod
733 1409 784 1474 vix
807 1412 965 1493 reperiret
977 1413 1134 1479 hominem
1155 1414 1254 1481 etiam
1268 1414 1351 1480 bene

156 1512 345 1595 dispositum
366 1509 406 1575 ad
428 1510 554 1589 bonum,
576 1510 666 1592 quin,
689 1510 717 1576 si
738 1511 771 1575 in
794 1511 913 1578 eisdem
942 1513 1091 1579 continue
1114 1513 1286 1589 studuerit,
1308 1533 1346 1580 ex

155 1631 307 1696 processu
329 1613 483 1694 temporis
509 1611 688 1678 involvatur
708 1613 741 1677 in
766 1612 953 1678 haeresim.“
989 1613 1077 1680 Haec
1098 1613 1230 1681 luerunt
1251 1613 1347 1680 verbo

155 1731 241 1792 mea;
257 1729 320 1777 non
332 1712 405 1792 dixi,
423 1712 612 1793 quicumque
624 1711 753 1793 legerim
771 1731 830 1777 nec
841 1714 903 1780 ista
914 1714 1012 1780 verba
1025 1715 1205 1796 ,radicatus
1217 1717 1251 1782 in
1270 1719 1349 1785 bona

155 1815 235 1881 fide“
260 1814 333 1880 dixi.
356 1815 461 1880 Etiam
484 1814 608 1895 quando
623 1820 693 1879 crat
715 1833 734 1879 a
756 1832 805 1879 me
827 1814 1059 1895 demandatum,
1082 1817 1240 1899 quomodo
1254 1808 1348 1884 luerit

155 1916 273 1982 Wiclcl
291 1922 324 1981 et
347 1914 549 1996 opinionibus
571 1915 637 1979 suis
660 1914 691 1977 iu
715 1931 813 1995 regno
836 1921 947 1980 nostro
969 1915 1117 1998 Anglide,
1146 1916 1243 2000 (dini)
1264 1907 1344 2000 qnod

155 2017 199 2082 ibi
220 2016 357 2082 habetur
378 2033 437 2097 pro
460 2015 638 2093 baeretico;
662 2019 695 2079 et
716 2013 789 2079 libri
816 2014 866 2079 sui
887 2020 1044 2096 quotquot
1065 2021 1243 2098 potuerunt
1256 2036 1344 2101 repe·

155 2117 221 2197 ri'ri,
244 2122 320 2181 sunt
341 2115 414 2196 igne
430 2113 587 2179 combusti
603 2120 635 2179 et
657 2115 807 2194 cremati;
829 2120 861 2180 et
886 2115 1052 2198 opiniones
1074 2135 1150 2183 snae
1173 2124 1250 2202 sunt
1263 2117 1343 2183 dnm-

153 2223 247 2282 natae
276 2221 312 2280 ut
341 2216 499 2280 haereses.
542 2217 608 2279 Ista
637 2216 707 2280 volo
736 2213 907 2281 defendere
935 2216 1028 2282 modo
1056 2223 1089 2281 et
1114 2217 1343 2284 conditionibus

77 2364 81 2369 .
154 2318 346 2400 praemissis.
390 2316 432 2381 Et
458 2315 484 2379 si
517 2314 631 2396 aliquis
661 2333 699 2379 cx
727 2314 789 2381 illis
819 2316 956 2382 voluerit
985 2318 1045 2383 boc
1066 2317 1172 2385 lacere
1194 2319 1342 2386 sumtibus

153 2418 312 2501 propriis;
334 2422 368 2482 et
389 2417 442 2498 qui
464 2434 527 2480 non
554 2416 719 2495 baberent,
741 2434 800 2496 ogo
821 2417 892 2482 volo
916 2418 963 2481 eis
984 2417 1167 2484 ministrare
1182 2434 1339 2502 expensas.

252 2517 340 2583 Haec
367 2516 522 2583 intimatio
550 2514 610 2581 fnit
642 2535 765 2582 annexa
794 2517 826 2580 in
855 2516 976 2582 foribus
998 2517 1152 2585 ecclcsiae
1174 2518 1337 2602 Pragemis

153 2620 204 2684 die
233 2618 388 2684 dominico
414 2623 489 2683 ante
517 2617 741 2683 exaltationem
770 2623 898 2683 sanctae
925 2618 1036 2683 Crucis
1066 2617 1122 2702 (13
1147 2618 1251 2703 Sept)
1266 2636 1338 2684 anno

153 2719 270 2785 domini
295 2717 487 2789 Mccccm.

652 2833 823 2840 --.—-—--
835 2832 846 2840 ι

712 2994 771 3068 45.
893 3104 896 3109 .

153 3187 481 3274 Controversiae
506 3190 616 3272 inter
642 3185 698 3270 M.
733 3185 776 3270 J.
804 3184 898 3270 Hus
927 3199 970 3270 et
996 3185 1195 3272 doctores
1222 3188 1328 3271 theo·

149 3326 291 3437 legiae
318 3328 361 3407 in
386 3325 665 3407 universitate
680 3319 888 3432 Progensi
919 3319 973 3405 de
1004 3325 1219 3407 erectione
1245 3352 1327 3406 cru·

340 3460 400 3563 cis
432 3468 475 3540 et
504 3455 750 3540 venditione
776 3454 1155 3568 indulgentiarum.

596 3671 623 3725 S.
642 3671 668 3725 d.
687 3672 764 3737 (1412
781 3688 815 3726 m.
832 3671 908 3740 Jun.)

648 3843 845 3855 —-.,-„-

415 3907 460 3974 (E
475 3906 537 3963 MS.
557 3906 694 3961 tabularii
714 3906 831 3961 Trebam.
849 3907 877 3960 A
894 3904 939 3970 16',
952 3906 977 3976 s.
1000 3904 1078 3972 115.)

652 4032 696 4040 .-
718 4034 731 4039 ..
755 4032 844 4040 .—

721 4174 758 4244 A.

248 4331 297 4397 Ex
319 4337 411 4414 parte
438 4329 598 4395 facultatis
622 4328 846 4411 magistrorum
868 4328 1007 4395 omnium
1028 4344 1137 4396 sacrae
1159 4327 1325 4410 theologis

149 4439 261 4499 mntra
281 4433 322 4497 ll.
344 4432 500 4498 loannem
522 4430 590 4495 Ilus
612 4429 652 4494 de
674 4429 817 4495 Husinec
839 4436 1060 4512 proponuntur
1081 4430 1292 4512 infrascripta:

247 4534 363 4614 Primo,
385 4531 470 4613 quod
492 4531 616 4613 publice
643 4530 675 4594 in
697 4529 881 4612 quodlibeto
902 4530 1064 4596 facultatis
1085 4531 1200 4597 artium
1220 4530 1325 4597 diotnm

148 4633 223 4715 init,
255 4642 288 4700 et
320 4639 431 4717 postea
463 4632 496 4696 in
528 4631 655 4714 scriptis
685 4630 864 4712 redactum,
895 4631 981 4713 quod
1001 4632 1055 4697 ille
1076 4632 1229 4698 maximus
1247 4628 1326 4698 Anti-
