2992 5258
150 403 212 464 504
400 394 608 449 controversiae
626 394 661 448 de
679 393 810 459 religione
828 394 854 446 in
873 392 1015 447 Bobenrie:
1035 393 1108 447 1413.

153 618 210 683 pro
226 599 370 682 possibili
386 595 596 674 decidendus3
619 597 672 676 qui
688 614 727 659 ex
742 593 950 674 consequenti
979 611 1017 657 ex
1033 584 1196 658 contemtu
1220 591 1348 657 clavium

152 718 308 765 erroneus
331 700 485 763 hactenus
511 698 680 778 reperitur.

250 803 279 865 4.
302 800 340 863 It.
356 799 389 862 in
405 804 518 880 quarto
536 797 681 877 articulo,
705 796 795 877 quasi
818 814 853 860 se
865 795 987 875 justum
1003 794 1166 875 objiciens,
1190 793 1348 860 desiderat

151 920 240 967 suam
255 899 468 965 innocentiam
484 898 639 980 publicari
655 915 715 978 per
737 895 890 977 plebanos
909 901 941 960 et
955 895 1114 978 plebejos:
1131 894 1183 959 cui
1209 894 1346 973 dicimus,

150 1011 187 1068 ut
209 1004 381 1067 Romanam
404 1000 523 1063 curiam
545 998 700 1075 consulat,
724 1014 787 1061 nou
810 1014 878 1075 nos,
901 1013 958 1078 pro
982 1013 1016 1061 se
1039 997 1118 1077 ipso.

251 1105 279 1166 b.
302 1102 341 1167 lt.
363 1101 395 1163 in
419 1101 529 1180 quinto
544 1099 678 1163 articulo
697 1098 823 1162 invocat
844 1098 895 1161 sui
911 1097 1142 1173 criminatores,
1165 1105 1202 1162 ut
1224 1115 1260 1162 se
1282 1115 1345 1163 cun

152 1222 189 1268 eo
222 1201 434 1267 inscriberent
467 1198 499 1262 in
522 1199 586 1275 his,
622 1216 701 1278 quae
735 1197 775 1262 ad
804 1199 923 1262 curiam
945 1198 1119 1263 Romanam
1140 1198 1344 1279 scripserunt,

150 1305 261 1369 uolens
295 1302 435 1383 desuper
469 1301 639 1381 expurgari
670 1300 701 1363 iu
725 1316 823 1378 reguo
846 1298 1017 1364 Bohemiae
1039 1307 1073 1364 et
1093 1317 1158 1363 non
1181 1298 1344 1375 tritona

152 1404 317 1486 oppositus
351 1401 513 1483 apostolo,
546 1401 599 1480 qui
632 1400 796 1481 appellans
832 1400 977 1478 Rouram,
1013 1399 1109 1481 clegit
1132 1400 1251 1466 Rornae
1273 1399 1345 1463 mori

152 1505 384 1587 potiusquam
409 1501 656 1583 appellationem
681 1518 745 1565 non
768 1502 919 1581 prosequi
941 1501 973 1565 in
996 1500 1104 1565 Roma.

251 1607 279 1670 6.
303 1605 341 1669 Ιι.
364 1604 396 1667 in
420 1607 509 1667 sexto
526 1602 660 1666 articulo
684 1602 832 1666 doctores
848 1601 1029 1682 theologiae
1052 1607 1085 1667 et
1103 1602 1187 1684 juris
1209 1600 1346 1666 canonici

153 1713 186 1772 et
219 1703 411 1786 capitulares
446 1702 613 1767 canonicos
647 1702 829 1783 siugulatim
863 1702 982 1783 requiri
1016 1702 1148 1782 satagit,
1182 1703 1211 1767 si
1233 1719 1269 1766 se
1298 1710 1348 1766 aut

151 1806 246 1871 alium
278 1805 328 1868 vel
362 1803 442 1867 alios
481 1803 661 1867 haereticos
703 1802 868 1882 noverint,
909 1819 1016 1867 coram
1049 1802 1184 1867 notariis
1216 1802 1347 1884 publicis

151 1906 267 1985 dicant,
294 1911 328 1969 et
350 1911 386 1968 ut
409 1903 519 1968 eadem
542 1904 608 1966 suis
631 1902 743 1982 sigillis
766 1903 928 1982 roborent,
951 1910 1111 1983 quatenus
1133 1902 1264 1969 eosdem
1280 1922 1348 1986 prc-

136 2005 268 2071 -ditorie
287 2005 451 2083 extinguat
473 2004 505 2066 in
528 2003 715 2085 corporibus
738 2011 771 2067 et
794 2004 899 2067 rebus.

252 2107 281 2170 7.
304 2105 342 2169 lt.
366 2105 398 2168 in
432 2104 569 2185 septimo
593 2110 759 2184 procurat,
797 2111 834 2167 ut
855 2103 961 2167 nullus
984 2103 1078 2168 alium
1102 2103 1283 2172 haereticet
1304 2107 1350 2171 vel

151 2223 318 2269 erroneum
336 2211 506 2286 nuncupet,
524 2213 680 2284 quatenus
696 2204 755 2267 sub
770 2204 825 2268 tali
839 2204 945 2268 colore
962 2205 1198 2270 communitatis
1214 2206 1348 2271 omniurn

48 2372 51 2379 ,
148 2306 334 2373 innocentia
355 2314 386 2370 et
409 2306 477 2387 ipse
501 2306 652 2369 innocens
676 2306 779 2369 valcat
801 2324 967 2385 apparere.

249 2410 279 2470 8.
302 2406 342 2470 It.
364 2406 396 2469 iu
420 2414 531 2471 octavo
554 2407 613 2470 sub
636 2405 747 2470 codem
764 2405 872 2470 colore
887 2407 1089 2472 innocentiae
1115 2407 1350 2474 communitatis

150 2506 289 2570 omnium
312 2505 379 2569 vult
402 2513 434 2569 ct
457 2507 525 2586 ipsc
548 2507 700 2569 innocens
723 2522 880 2586 apparere
905 2504 1158 2586 innocentesque
1179 2505 1349 2585 involvere,

150 2612 203 2687 ut¹
221 2623 310 2670 suam
332 2607 512 2672 nocentiam
535 2625 605 2670 cum
627 2605 839 2669 rrraculatioue
865 2612 941 2669 suae
964 2605 1167 2670 innocentiae
1189 2615 1350 2671 assumant

151 2713 184 2769 et
218 2713 414 2787 expurgent,
450 2706 632 2788 turpissimo
656 2724 849 2786 suggerens,
887 2712 923 2770 ιιι
945 2724 1001 2769 rex
1024 2725 1063 2769 eu
1086 2707 1162 2771 cleri
1186 2709 1350 2773 exactione

151 2806 316 2870 collectam
332 2805 459 2885 iaciens,
478 2806 561 2888 apud
577 2807 749 2870 Romanam
772 2806 891 2869 curiam
913 2824 1000 2870 suam
1016 2806 1190 2887 nequitiam
1197 2806 1351 2888 justificet

151 2916 184 2970 et
206 2906 284 2970 cleri
304 2906 459 2988 justitiam
482 2905 680 2985 condemnet,
705 2904 854 2970 assumtis
876 2905 1016 2987 desuper
1037 2907 1115 2972 cleri
1138 2908 1298 2974 sumtibus
1319 2914 1350 2973 et

150 3007 312 3088 expensis.

249 3111 278 3172 9.
301 3107 339 3172 It.
362 3108 394 3171 in
428 3125 511 3172 nouo
546 3126 701 3171 venenum
723 3126 799 3172 suae
827 3107 960 3173 effundit
981 3108 1136 3188 malitiae,
1169 3109 1297 3175 instans
1316 3115 1351 3175 ut

151 3207 323 3289 praedicet,
345 3227 407 3272 nec
428 3208 633 3272 interdictum
655 3209 791 3272 obsistat
812 3210 1031 3289 apostolicum,
1053 3226 1220 3275 assumens
1242 3227 1349 3292 prose

151 3306 292 3386 lalsidice
321 3307 603 3372 determinationes
626 3309 799 3386 ecclesiae,
834 3327 914 3389 quae
937 3328 1107 3390 numquam
1128 3311 1348 3391 promulgatae

150 3408 292 3485 fuerunt,
324 3429 364 3474 ne
386 3410 517 3473 verbum
541 3411 696 3490 evangelii
719 3411 855 3474 sentiret
878 3411 1015 3487 obicem,
1039 3410 1096 3475 sed
1119 3412 1411 3493 praecludebat-

151 3509 354 3573 nihilominus
377 3510 525 3589 gannitus
549 3511 695 3591 vulpinos
722 3518 755 3574 et
775 3511 922 3591 luporum
944 3511 1098 3590 ululatus,
1122 3513 1176 3593 qui
1198 3530 1235 3577 se
1256 3530 1411 3578 voceffi

153 3610 350 3688 evangelicas
385 3609 494 3674 dolose
527 3610 778 3689 mentiebantur,
812 3611 949 3692 qualiter
982 3612 1024 3676 M.
1045 3612 1188 3678 loannes
1223 3613 1292 3678 Hus
1315 3614 1409 3677 ir:-

127 3711 130 3717 ’
152 3712 316 3791 proposito
339 3729 413 3775 suas
434 3728 528 3775 uoces
564 3710 772 3776 dissensionis
795 3718 828 3776 et
849 3712 1028 3777 schismatis
1051 3729 1145 3777 voces
1169 3731 1242 3779 esse
1262 3730 1401 3778 uren—

152 3810 233 3873 titur
255 3812 455 3892 evangelicas
482 3818 514 3876 et
537 3812 687 3876 caritatis

654 4078 852 4087 —-———
