2992 5258
292 96 334 158 28.
368 93 489 156 Oddonis
507 98 541 156 de
559 96 689 158 Columna
706 98 803 159 literae
820 98 856 159 ad
874 100 1046 174 Zbynconem
1063 96 1150 161 datae.
1254 106 1317 175 403

128 311 277 385 episcopo,
299 325 317 369 a
338 325 395 384 quo
417 308 513 369 iuerat
533 309 722 383 appellatum,
744 315 777 369 ut
795 294 933 371 'similiter
954 311 1068 390 dicitur,
1090 311 1160 373 iecit
1181 315 1314 375 commis·

123 412 252 486 sionem,
283 408 369 484 cnjus
401 416 494 470 totum
527 417 658 472 tenorem
689 410 801 470 babere
833 410 993 486 dignemini
1025 428 1080 488 pro
1112 429 1254 487 expresso
1288 422 1319 476 et
1436 496 1442 503 Ι

124 512 251 592 mserto3
284 517 438 584 praetextu
471 513 555 586 cujm
586 516 763 586 praetensae
803 512 1018 573 commissionis
1048 512 1126 572 idem
1156 513 1192 573 D.
1214 515 1317 576 Arabi·

124 613 280 685 episcopus
310 612 348 672 de
377 628 476 670 mense
508 613 588 672 lunii
619 612 750 684 proxime
780 613 950 684 praeterito,
970 613 1001 672 in
1031 614 1113 674 curia
1139 631 1193 674 sua
1220 616 1317 676 arabi·

123 712 284 787 episcopali
313 713 371 772 sita
396 712 426 772 in
457 713 567 772 Minori
599 713 715 773 dvimte
743 712 895 786 Pragensi,
933 714 1009 773 mala
1040 715 1125 775 malis
1159 718 1317 788 cumulans,

124 815 265 887 quaudam
288 819 475 887 praetensam
497 814 674 873 sententiam
696 812 880 873 diffinitivam
902 820 989 887 atque
1010 832 1167 888 processus
1188 816 1318 890 frivolos,

123 916 246 989 iniquos,
273 914 399 988 injustos
428 921 460 973 et
490 914 596 984 nullos,
626 915 720 972 varias
746 914 777 973 in
800 931 833 974 se
855 917 1039 975 continentes
1061 932 1174 989 poenas
1197 925 1227 978 et
1248 934 1317 979 cen·

125 1033 207 1076 suras
240 1015 460 1093 intolerabiles,
477 1014 606 1100 'eisdem
643 1015 858 1087 exponentibus
891 1017 976 1075 valde
1010 1018 1252 1092 praejudiciales,
1285 1025 1318 1079 ut

125 1118 237 1191 dicitur,
260 1117 335 1185 tulit,
364 1117 571 1189 pronuntiauit,
593 1114 756 1175 fulminavit
783 1123 813 1175 et
838 1116 1005 1188 publicauit,
1035 1119 1123 1178 mem
1155 1120 1201 1179 vel
1223 1120 1319 1179 consi

123 1218 218 1278 utilem
240 1218 270 1277 in
294 1235 326 1277 se
347 1224 479 1276 tenorem
502 1217 700 1275 continentes:

222 1318 333 1378 Christi
352 1318 470 1376 nomine
491 1319 635 1386 invocato,
657 1316 711 1388 prt
734 1317 873 1376 tribunali
895 1319 1035 1379 sedentes
1062 1326 1094 1380 et
1113 1321 1209 1392 ipsum
1224 1321 1317 1380 solum

124 1419 208 1479 deum
229 1435 300 1493 prae
323 1419 415 1478 oculis
440 1418 585 1476 habentes
607 1433 645 1476 oc.
669 1416 748 1492 (side
772 1433 860 1489 supra
881 1434 947 1492 pag.
971 1418 1055 1499 380.)

222 1522 316 1581 Prout
342 1522 375 1580 in
396 1521 470 1593 ipsis
493 1519 657 1591 praetensis
681 1520 828 1597 sententia
850 1520 911 1578 sive
934 1522 1172 1592 pronuntiatione
1195 1530 1225 1582 et
1246 1538 1315 1595 pro·

124 1622 258 1682 cassibus
287 1622 394 1681 dicitur
421 1639 485 1680 cum
511 1620 577 1679 aliis
606 1621 739 1692 pluribus
772 1622 987 1694 gravaminibus
1018 1622 1128 1682 ibidem
1158 1623 1316 1685 fulminatis

121 1723 237 1793 plenius
260 1724 414 1783 contineri.
456 1721 583 1794 Propter
606 1722 682 1793 quod
705 1737 759 1792 pro
781 1730 864 1794 parte
888 1723 1030 1783 dictorum
1053 1726 1261 1796 exponentium
1284 1733 1316 1785 et

118 1825 162 1884 eis
193 1825 224 1883 in
253 1824 309 1883 bac
335 1829 418 1896 parte
446 1822 666 1882 adhaerentium
694 1828 724 1880 et
752 1823 915 1883 adhaerere
949 1824 1106 1883 volentium
1134 1827 1247 1886 exstitit
1278 1825 1317 1887 ad

113 1931 253 1985 sanomm
285 1926 385 1986 sedem
417 1924 610 1997 apostolicam
644 1929 675 1981 et
695 1921 724 1981 S.
747 1923 824 1980 V¹⁸¹¹²
855 1924 1042 1997 appellatum,
1072 1933 1160 1998 prout
1186 1928 1216 1986 in
1247 1928 1316 1999 ipsa

108 2026 334 2102 appellatione,
357 2026 437 2098 quus
460 2031 553 2084 totum
574 2031 707 2083 tenorem
728 2023 776 2082 bic
799 2024 957 2097 dignemini
979 2025 1089 2086 babere
1104 2042 1158 2098 pro
1174 2043 1316 2100 expresso

101 2133 148 2186 et
179 2128 318 2203 inserto,
350 2126 454 2184 melius
488 2124 663 2184 continetur.
706 2123 849 2197 Dignetur
879 2125 969 2199 igitur
1009 2125 1037 2185 S.
1068 2126 1103 2189 V.
1138 2144 1256 2187 causam
1287 2134 1318 2188 et

92 2242 225 2288 causas
247 2243 349 2287 omnes
372 2235 404 2287 et
424 2226 555 2301 singulas
577 2227 784 2299 appellationis
806 2231 836 2285 et
850 2227 1080 2298 appellationum
1102 2229 1315 2300 praedictarum

81 2342 152 2387 ac
173 2328 288 2401 negotii
321 2327 492 2400 principalis
525 2327 700 2397 earumdem,
733 2343 788 2386 nec
820 2344 879 2386 non
911 2327 1090 2402 nuditatum,
1122 2329 1316 2403 iniquitatum,

67 2427 328 2502 ‘injustitiarum
360 2435 419 2488 tam
451 2435 675 2488 memoratarum
710 2435 932 2500 praetensamm
969 2430 1193 2500 sententiarum,
1231 2446 1316 2504 quam

67 2530 339 2606 praedictorum
365 2535 587 2602 praetensorum
616 2544 815 2601 processuum,
844 2529 1045 2588 mandatorum
1075 2537 1105 2589 et
1125 2530 1316 2590 monitionum

61 2629 300 2698 generalium
327 2637 357 2689 et
384 2630 554 2703 specialium
583 2644 637 2700 per
668 2629 776 2688 dictum
797 2628 833 2685 D.
856 2626 1040 2702 Sbynconem
1063 2631 1315 2705 archiepiscopum

58 2723 302 2804 Pragensem
331 2730 457 2789 latarum
485 2738 515 2790 et
542 2729 764 2799 fulminatorum,
794 2745 867 2802 quae
901 2736 1059 2800 vertuntur,
1092 2748 1145 2789 sen
1177 2733 1252 2791 verti
1285 2738 1317 2791 et

58 2841 189 2889 esse
227 2835 400 2903 sperantur,
435 2834 513 2889 inter
555 2831 649 2890 dictos
692 2836 873 2902 exponentes
915 2837 946 2889 et
980 2832 1164 2902 appellantes
1200 2848 1235 2891 ac
1271 2831 1315 2892 eis

56 2928 316 2991 adhaerentes
332 2939 362 2990 et
383 2931 546 2991 adhaerere
569 2931 701 2990 volentes
716 2948 754 2991 ex
769 2948 826 2990 une
841 2937 923 3004 parte
941 2939 971 2990 et
985 2931 1146 3004 praefatum
1158 2931 1194 2991 D.
1209 2933 1313 2992 Archi·

57 3033 293 3104 episcopum
314 3033 493 3107 Pragensem
515 3033 551 3091 de
574 3039 604 3091 et
625 3022 715 3104 super
737 3033 823 3093 dictis
845 3032 1093 3104 appellationibus
1116 3034 1313 3093 et‘contentis

56 3125 125 3185 in
182 3134 224 3192 eie
253 3136 285 3193 et
312 3133 442 3207 ipsarum
470 3133 624 3192 occasione
654 3140 738 3207 parte
770 3149 805 3191 ex
826 3133 933 3202 altera,
962 3133 1049 3191 alicui
1079 3134 1115 3192 de
1143 3135 1314 3194 reverendis

60 3232 254 3296 Patribus
267 3234 392 3294 dominis
414 3240 532 3293 sanctae
556 3235 699 3293 ecclesiae
715 3234 865 3293 Romanae
880 3233 1086 3304 cardinalibus,
1101 3240 1131 3293 et
1146 3234 1316 3308 specialiter

62 3340 208 3389 reem
239 3336 317 3409 patri
339 3334 375 3393 D.
398 3335 549 3394 cardinali
571 3336 608 3393 de
632 3335 779 3404 Columna,
803 3335 849 3394 cui
876 3335 913 3394 de
940 3341 971 3393 et
992 3351 1081 3408 super
1103 3334 1253 3393 nonnullis
1275 3349 1312 3393 ex

68 3435 319 3494 contrutinet
344 3452 380 3493 ex
412 3435 570 3509 praedictis
604 3435 851 3508 appellationibus
884 3435 991 3494 dicitnr
1024 3451 1090 3493 esse
1123 3433 1202 3493 facta
1233 3440 1315 3493 certa

72 3538 294 3607 communio,
316 3537 504 3607 committere,
526 3552 563 3594 ne
587 3552 738 3595 causarum
767 3537 964 3595 continentiae
994 3536 1167 3605 dividantur,
1190 3550 1313 3608 cognos-

77 3637 229 3697 tendas
256 3645 289 3697 et
315 3635 372 3695 fine
400 3636 500 3697 debito
533 3637 743 3711 terminandae,
777 3653 840 3694 cum
873 3637 1009 3696 omnibus
1043 3643 1074 3695 et
1095 3636 1218 3709 singulis
1253 3635 1314 3694 suis

82 3739 316 3815 emergentis,
344 3738 526 3807 incidentiis,
554 3737 758 3811 dependentiis
787 3743 818 3795 et
839 3738 990 3808 connexis,
1019 3744 1049 3796 et
1078 3755 1141 3795 cum
1168 3742 1313 3808 potestate

88 3824 230 3899 fiunti
251 3838 359 3898 dictum
382 3838 417 3896 D.
433 3839 695 3913 Arcbiepiscopum
716 3839 746 3896 in
770 3839 851 3897 curia
873 3845 904 3897 et
918 3845 1002 3897 extra
1017 3838 1054 3896 ad
1069 3847 1176 3912 partes,
1198 3838 1313 3911 quoties

93 3938 287 4015 ⁰11nsent,
313 3956 348 4000 ac
376 3956 431 4013 per
459 3941 584 4000 edictum
610 3941 641 3999 in
671 3939 751 3998 curia
778 3939 912 3999 Romana
940 3947 972 3998 et
997 3940 1026 3998 in
1056 3940 1158 3999 vicinis
1181 3938 1313 4012 partibus

97 4027 302 4113 maenium,
323 4059 389 4099 cum
410 4041 448 4100 ad
470 4057 536 4100 eum
561 4058 621 4101 non
654 4047 754 4113 pateat
784 4047 863 4100 tutus
896 4057 1044 4110 accessus,
1078 4057 1136 4098 non
1170 4040 1314 4109 obstante,

104 4139 202 4200 (duod
236 4158 340 4202 causae
376 4142 543 4213 hujusmodi
575 4160 632 4202 non
666 4149 734 4201 sunt
764 4142 802 4200 de
832 4141 963 4213 ipsarum
996 4147 1100 4200 natura
1133 4141 1169 4199 ad
1203 4139 1312 4200 curiam

10 4232 12 4237 ’
108 4220 281 4303 ROmanam
318 4244 446 4316 legitime
483 4243 653 4316 devolutae,
690 4258 785 4315 neque
822 4242 853 4300 in
895 4258 931 4301 ea
962 4243 998 4301 de
1028 4243 1104 4315 jnris
1137 4240 1313 4300 necessitate

10 4254 66 4671 x
117 4329 290 4404 *munero
312 4350 344 4403 et
362 4342 536 4404 finiendae!

1115 4455 1164 4511 28*
