2992 5258
453 398 493 449 ll.
528 392 686 449 Mandatum
704 393 776 460 regie
793 391 828 446 de
845 392 975 460 Gregorio
991 392 1054 447 XII.
1295 399 1357 462 349

149 607 266 668 contra
292 601 473 682 juramenta
505 602 539 663 at
571 602 645 662 vota
676 614 734 661 sua
755 593 816 660 deo
839 603 872 660 et
894 596 1073 660 bominibus
1094 597 1269 678 praestita,
1285 597 1355 661 uni·

149 719 312 783 versoque
334 700 404 766 orbi
426 698 492 762 suis
514 697 617 762 literis
640 696 816 778 publicata,
846 695 878 759 in
902 695 1044 777 praefata
1066 696 1259 776 lacrymabili
1275 696 1355 761 divi·

149 801 397 867 sioneretinere
413 803 563 878 satagunt
585 803 618 862 et
633 797 847 874 contendunt,
871 802 922 860 est
943 795 1117 860 temeritati
1139 796 1178 860 ab
1194 797 1353 861 universis

151 902 250 968 deum
273 899 459 966 timentibus
481 896 705 962 resistendum.
733 895 824 974 Quod
846 895 1052 961 attendentes
1074 914 1146 974 nos,
1169 897 1223 976 qui
1245 897 1355 962 matris

151 1011 286 1069 nostrae
319 1000 551 1087 calamitatibus
573 999 687 1064 merito
718 999 963 1081 compatientes,
993 997 1034 1061 ad
1056 996 1156 1078 ipsius
1178 998 1354 1078 reintegra·

151 1103 276 1168 tionem
306 1120 365 1185 pro
398 1101 522 1167 cunctis
554 1099 646 1165 malis
668 1098 816 1164 sedandis
850 1114 970 1162 summo
994 1104 1108 1163 conatu
1131 1114 1258 1179 semper
1272 1098 1355 1180 aspi·

153 1221 274 1282 ramus,
297 1221 390 1286 quam
405 1202 501 1269 etiam
516 1218 690 1284 procurare
706 1200 783 1265 totis
806 1198 927 1264 viribus
942 1197 1124 1264 nullatenus
1147 1197 1355 1276 desistemus3

150 1303 400 1371 considerantes
414 1320 549 1385 quoque,
573 1300 658 1383 quod
686 1301 773 1366 rev¹¹¹¹
799 1301 832 1365 in
848 1299 921 1364 Chr.
943 1305 1063 1382 patres,
1086 1299 1154 1364 DI).
1172 1298 1356 1364 cardinales

149 1406 324 1487 utriusque
339 1403 475 1485 collegii,
498 1402 589 1468 amici
604 1401 707 1466 nostri
723 1400 886 1480 carissimi,
909 1399 997 1482 pacis
1012 1403 1046 1464 et
1060 1399 1185 1464 unionis
1201 1398 1356 1466 ecclesiae

148 1506 207 1572 dei
230 1504 389 1570 verissimi
411 1504 586 1583 zelatores,
608 1507 777 1585 postquam
803 1501 908 1566 varios
929 1499 1039 1565 modos
1062 1517 1121 1582 pro
1143 1499 1261 1563 unione
1274 1499 1355 1582 ejus·

150 1605 228 1671 dem
252 1606 422 1684 ccclesiae,
448 1602 519 1669 fulti
542 1602 739 1666 diversorum
764 1600 928 1666 doctorum
951 1606 984 1665 et
1006 1600 1182 1681 peritorum
1205 1599 1355 1680 consiliio,

150 1714 255 1789 prout
287 1724 326 1770 ex
358 1705 461 1770 literis
495 1722 603 1769 eorum
637 1710 670 1767 et
702 1702 839 1783 plurium
872 1698 934 1764 fide
963 1700 1129 1781 dignorum
1162 1702 1354 1768 testimoniis

149 1807 347 1889 accepimus,
370 1810 593 1881 attentassent
617 1802 701 1885 apud
728 1801 888 1884 praefatos
911 1801 1004 1866 hodie
1028 1802 1259 1869 contendentes
1274 1802 1354 1867 nihil

154 1908 287 1972 omnino
317 1904 473 1988 proficere
506 1908 697 1987 potuerunt;
720 1907 854 1984 propter
886 1900 971 1983 quod
1002 1901 1042 1965 ad
1065 1909 1241 1968 extremum
1262 1903 1357 1985 hujus

149 2008 258 2073 morbi
275 2006 482 2072 devenientes
498 2004 682 2082 remedium,
704 2003 792 2084 ipsos
807 2002 839 2066 in
855 2021 913 2068 sua
935 2003 1111 2068 obstinacia
1133 2011 1167 2068 et
1180 2004 1357 2086 pertinacia

152 2108 368 2189 reliquerunt,
393 2113 426 2171 et
447 2107 487 2172 ab
509 2106 556 2171 eis
582 2106 796 2188 personaliter
818 2105 958 2187 separati
981 2115 1014 2170 et
1034 2105 1067 2169 in
1090 2124 1187 2170 unum
1209 2107 1357 2173 conveni·

154 2215 249 2273 entes
265 2207 442 2289 collegium,
465 2206 559 2289 Maj²¹⁸
578 2206 715 2272 Nostrae
732 2212 764 2269 et
786 2206 1006 2269 universorum
1022 2205 1200 2288 principum
1215 2212 1249 2271 et
1263 2225 1356 2272 cunc·

155 2316 263 2372 torum
293 2307 412 2373 Christi
441 2306 582 2372 fidelium
612 2300 805 2388 praesidium
827 2306 1044 2385 obtestantur,
1079 2306 1269 2388 suppliciter
1284 2325 1357 2373 ero-

158 2415 281 2485 rantes,
315 2416 352 2474 ut
373 2409 467 2474 dictis
490 2406 771 2487 contendentibus
795 2407 841 2472 sie
866 2406 899 2471 in
920 2406 1092 2487 reprobum
1115 2425 1241 2472 sensum
1264 2407 1356 2483 datis,

161 2511 260 2575 omnis
293 2511 422 2593 penitus
450 2508 632 2575 obedientia
654 2508 869 2588 subtrahatur,
906 2526 965 2572 nec
987 2508 1034 2572 eis
1056 2506 1096 2572 de
1116 2508 1242 2591 juribus
1264 2507 1355 2573 Sedis

165 2608 361 2691 apostelicae
391 2611 591 2693 aliquatenus
618 2608 865 2691 respondeatur:
887 2616 925 2673 ut
947 2609 1005 2675 hac
1027 2608 1139 2674 saltem
1160 2609 1212 2675 via
1233 2608 1355 2677 inducti

168 2717 312 2790 cogantur
334 2711 514 2777 accelerare
540 2710 581 2787 ad
603 2710 774 2775 Christiani
797 2708 908 2793 populi
931 2727 1040 2792 pacem
1063 2715 1096 2774 et
1117 2709 1169 2775 dei
1202 2711 1357 2777 ecclesiae

172 2810 325 2875 unitatem.

258 2911 324 2976 Nos
351 2912 450 2991 igitur
472 2929 581 2976 eorum
609 2911 748 2977 salubria
770 2909 925 2990 remedia,
960 2930 1029 2975 cum
1052 2912 1151 2976 multa
1172 2913 1357 2979 maturitate

174 3007 215 3085 (ut
228 3012 304 3076 certi
320 3011 443 3095 sumus)
458 3013 595 3090 inventa,
609 3014 722 3077 eximie
738 3011 1005 3091 commendantes
1018 3030 1126 3077 eorum
1143 3011 1356 3078 deliberamus

173 3112 422 3189 requisitionibus
449 3113 545 3194 justis
566 3131 707 3177 annuere
731 3119 763 3176 et
786 3114 926 3193 ipsorum
949 3129 1007 3176 nos
1030 3109 1195 3176 affectibus
1218 3131 1276 3193 pro
1292 3120 1356 3178 tam

170 3219 269 3277 saneto
285 3219 317 3278 et
333 3212 386 3296 pio
409 3210 611 3295 exsequendo
627 3214 710 3278 bono
736 3212 910 3278 efficaciter
924 3213 956 3277 in
980 3213 1125 3277 omnibus
1148 3214 1353 3278 conformare.

166 3303 344 3377 inhibemus
365 3314 472 3394 itaque
499 3314 643 3378 omuibus
667 3322 700 3377 et
723 3312 855 3393 singulis
878 3312 1089 3394 principibus,
1117 3319 1181 3378 tam
1203 3314 1353 3395 spiritua·

163 3402 244 3475 libus
265 3433 359 3494 quarn
375 3414 582 3491 secularibus,
606 3415 787 3495 ceterisque
804 3412 1038 3478 cathedralibus
1065 3432 1102 3479 ac
1117 3414 1357 3493 collegiatarum

161 3510 367 3580 eeclesiarum
390 3515 558 3596 praelatis,
582 3515 742 3580 canonicis
765 3519 798 3578 et
819 3513 989 3592 ministris,
1013 3532 1072 3578 nec
1095 3533 1158 3579 non
1180 3513 1357 3595 abbatibus,

158 3602 348 3694 abbatissis,
382 3616 576 3697 praepositis
610 3621 642 3680 et
677 3614 985 3680 commendatoribus
1008 3615 1288 3695 monasteriorum,
1322 3635 1359 3681 ac

157 3704 257 3779 etiam
271 3713 511 3791 archidiaconis,
539 3714 667 3780 decanis
684 3724 717 3780 et
739 3715 884 3797 plebanis
900 3716 1107 3781 ecclesiarum
1123 3718 1358 3798 parochialium,

157 3815 347 3896 cuneusque
362 3814 434 3880 aliis
449 3813 612 3880 officiariis
628 3823 661 3880 et
675 3815 811 3880 subditis
832 3817 952 3880 nostris
977 3823 1010 3882 et
1032 3818 1123 3897 regni
1138 3820 1242 3884 nostri
1257 3818 1359 3883 Bohe·

157 3901 253 3987 miae,
275 3915 516 3997 quibuscunque
539 3917 719 3980 nominibus
732 3922 964 3998 nuncupentur,
988 3917 1210 3998 praesentibus
1225 3916 1359 3982 firmiter

158 4004 194 4104 Pi
216 4007 375 4095 districte,
410 4035 449 4080 ne
472 4016 628 4098 quispiam
655 4016 694 4081 de
718 4022 826 4080 cetero
849 4017 970 4096 aliquas
992 4017 1117 4095 literas,
1151 4019 1285 4099 gratiam
1309 4018 1358 4082 vel

159 4110 314 4180 iustitiam
336 4117 555 4196 continentes,
579 4115 727 4196 Gregorii
759 4116 890 4181 Romani
919 4123 952 4182 et
982 4117 1198 4198 delegatorum
1221 4136 1359 4198 auomm,

163 4202 213 4267 Vel
235 4214 294 4280 sibi
309 4216 561 4294 adhaerentium,
585 4218 796 4298 recipereaut
818 4218 948 4299 exsequi
971 4217 1090 4283 audeat
1112 4218 1162 4283 vel
1184 4219 1357 4301 permittat,

167 4309 220 4368 ant
243 4317 272 4379 ei
290 4317 361 4397 jura
383 4334 438 4382 seu
463 4318 672 4383 obventiones
695 4336 898 4399 quascunque
920 4318 1115 4399 respondeat
1137 4318 1358 4401 quovismodo

171 4400 294 4493 tiulldiu,
315 4436 480 4499 quousque
496 4419 569 4483 unio
592 4420 624 4483 iu
646 4425 755 4483 sancta
769 4426 870 4482 matre
898 4419 1034 4484 ecclesia
1045 4436 1109 4482 non
1122 4421 1248 4485 veniret
1262 4420 1359 4501 adop·

175 4498 255 4610 'itas
274 4527 365 4598 prout
386 4518 636 4600 indignationem
658 4525 799 4583 nostram
821 4538 858 4583 ac
881 4521 1024 4602 corporis
1047 4526 1080 4583 et
1102 4538 1207 4584 rerum
1229 4538 1359 4585 suarum

180 4592 331 4688 ⁶¹⁸l>⁹ndta
349 4619 480 4685 affectat
501 4619 631 4684 evitare.
