2992 5258
142 424 205 488 468
386 422 590 477 Controversiae
609 423 642 477 de
660 423 835 493 religionem
853 418 1005 481 Bohemia:'
1018 430 1091 482 1413.

140 625 216 691 ralis
238 624 335 692 officii
357 626 465 692 debito
495 634 657 708 tenemur,
688 630 831 695 volumus
854 630 974 711 inhia,
1009 637 1161 712 quantum
1185 649 1257 696 cum
1278 631 1336 697 deo

140 745 318 809 possumus,
348 747 518 795 occurrere
540 731 691 812 periculis
718 732 901 814 animarum,
927 750 966 796 ne
989 732 1073 812 qnod
1094 734 1140 798 eit
1161 733 1336 815 apostolus,

140 830 235 895 variis
263 836 295 895 et
322 832 501 913 peregrinis
532 832 686 916 doctrinis
709 830 828 898 Christi
851 832 961 899 fideles
982 834 1015 897 in
1037 834 1164 900 devium
1179 833 1336 898 deducan-

141 933 202 1008 tur,
232 950 310 1014 quos
346 932 440 997 etiam
463 950 584 997 summa
606 951 684 997 cura
710 933 849 999 salvator
875 934 1056 1014 ammonuit,
1086 940 1122 999 ut
1144 939 1338 1001 caverenta

139 1032 294 1098 fermento
310 1033 558 1099 Pharisaeorum.
584 1030 680 1114 Cujus
703 1035 750 1098 rei
765 1034 1067 1116 perniciosissimam
1088 1035 1337 1118 pestiferamque

138 1134 288 1199 malitiam
319 1135 439 1216 optime
470 1133 618 1199 fermenti
640 1134 855 1201 manifestavit
877 1137 1034 1218 exemplo;
1058 1154 1129 1200 nam
1152 1135 1253 1202 veluti
1274 1137 1336 1201 ler-

137 1241 277 1300 mentum
299 1234 466 1316 modicum,
489 1236 672 1301 testimonio
694 1238 840 1317 apostoli,
864 1244 964 1303 totam
986 1256 1122 1303 massam
1144 1237 1336 1320 corrumpit:

136 1335 183 1400 sic
212 1335 445 1401 haereticorum
477 1335 557 1401 falsa
589 1336 734 1402 doctrina
755 1355 879 1405 omnem
902 1339 1088 1405 catholicam
1111 1338 1334 1416 eruditionem,

137 1439 186 1503 cui
209 1438 416 1517 admiscetur,
448 1438 546 1503 veluti
567 1437 712 1502 rabidum
735 1456 907 1519 venenum,
937 1440 997 1504 nisi
1022 1446 1242 1519 occurreretur,
1266 1437 1335 1503 infi-

137 1545 234 1605 ceret.
279 1540 378 1616 Quam
406 1540 501 1604 etiam
531 1540 705 1604 doctrinam
732 1540 999 1606 abominationem
1021 1540 1230 1606 desolationis
1252 1538 1335 1605 idem

136 1641 276 1706 salvator
303 1641 489 1722 appellavit,
518 1639 640 1705 dicens:
667 1638 764 1720 ,Cum
785 1641 931 1707 videritis
952 1642 1220 1707 abominationem
1243 1638 1335 1705 deso·

136 1739 264 1805 lationis
287 1756 325 1804 ac.
349 1740 448 1816 Quem
471 1739 573 1803 locum
596 1740 709 1804 doctor
731 1757 822 1804 sacer
845 1740 1058 1823 Hieronymus
1082 1757 1247 1823 exponens
1260 1740 1335 1806 abo·

135 1841 340 1906 minationem
363 1839 439 1905 dicit
454 1858 549 1922 posse
574 1840 709 1921 intelligi
725 1841 942 1922 omnedogma
956 1860 1153 1924 perversum.
1178 1842 1332 1907 Volentes

135 1949 242 2007 autem
253 1943 285 2006 in
301 1941 495 2023 praemissis,
518 1942 594 2006 licet
608 1941 734 2007 notoria
760 1942 833 2021 sint,
855 1948 981 2008 mature
996 1942 1171 2025 procedere
1194 1948 1229 2007 et
1243 1959 1333 2007 omne

135 2041 391 2125 scrupulositatis
407 2041 536 2108 dubium
551 2049 724 2124 amputare,
749 2044 845 2108 certis
869 2061 908 2107 ex
930 2043 1165 2122 venerabilibus
1180 2042 1332 2109 iratribus

136 2144 255 2208 nostris
284 2144 314 2208 S.
342 2144 501 2210 Romanae
532 2145 686 2209 ecclesiae
716 2144 930 2209 cardinalibus
960 2150 1056 2225 atque
1083 2144 1247 2210 nonnullis
1268 2145 1332 2227 epi·

136 2245 249 2326 scopis,
272 2262 382 2310 sacrae
406 2245 585 2326 theologiae
607 2251 640 2310 et
661 2246 827 2327 utriusque
846 2245 928 2326 juris
940 2244 1175 2328 professoribus
1198 2250 1233 2310 et
1253 2244 1329 2324 aliia

135 2345 346 2411 commisimus
362 2347 543 2428 plenissime
567 2347 728 2427 inquirere
744 2353 776 2412 et
799 2347 962 2428 negotium
984 2346 1165 2429 huJusmodi
1187 2344 1329 2428 diligenti

135 2446 368 2512 examinatione
397 2447 573 2512 discutere:
603 2466 642 2511 ex
669 2464 801 2529 quorum
829 2464 983 2529 processu
1005 2453 1039 2513 et
1059 2448 1219 2513 relatione
1239 2446 1328 2512 nobis

136 2551 169 2612 et
184 2546 287 2612 cidem
299 2544 389 2614 sacro
402 2549 537 2614 concilio
561 2548 705 2614 constitit
719 2554 815 2631 atque
838 2553 973 2624 constat,
996 2548 1172 2630 praemissa
1193 2553 1259 2614 tam
1275 2562 1329 2630 per

133 2648 209 2714 lacti
225 2649 424 2730 evidentiam,
441 2667 534 2731 quam
545 2669 605 2732 per
620 2649 728 2732 plures
743 2646 927 2714 diffinitivas
943 2650 1129 2729 sententias,
1141 2654 1207 2714 tam
1223 2654 1327 2715 aucto

134 2748 230 2816 ritate
252 2749 434 2832 apostolica,
458 2768 551 2832 quam
572 2750 1115 2833 nonnullorumarchiepiscoporum
1130 2749 1163 2814 in
1177 2748 1245 2815 suis
1258 2765 1327 2815 con·

134 2851 215 2916 ciliis
237 2856 270 2915 et
291 2851 369 2916 locis
391 2850 569 2941 insignibus
581 2850 725 2930 diversis,
748 2849 846 2916 fuisse
860 2856 976 2916 etesse
998 2849 1125 2916 notoria
1139 2857 1326 2933 atquevera

233 2951 299 3017 Nos
328 2951 425 3033 igitur
456 2953 567 3018 eodem
596 2951 795 3034 approbante
822 2952 956 3017 concilio
983 2952 1182 3018 declaramus
1215 2956 1249 3016 et
1278 2949 1324 3016 de

133 3052 299 3131 cemimus,
323 3051 377 3116 illa
402 3071 474 3117 esse
499 3053 633 3132 notoria,
657 3069 737 3133 quae
764 3051 849 3117 nulla
875 3056 1010 3133 possunt
1025 3051 1212 3116 defensione
1237 3051 1326 3131 tueri,

85 3222 90 3231 ,
133 3157 167 3218 et
194 3170 292 3234 super
313 3152 375 3216 illis
397 3151 466 3217 sore
488 3157 646 3233 tamqnam
669 3168 767 3234 super
789 3151 922 3217 notoriis
945 3150 1198 3233 procedendum3
1223 3157 1257 3218 et
1279 3170 1326 3218 er·

133 3259 300 3336 surgentes
323 3253 356 3317 iu
378 3251 429 3317 dei
453 3253 571 3318 virtute
598 3257 709 3318 contra
730 3253 812 3317 hauc
834 3252 943 3317 falsam
966 3259 1000 3317 et
1021 3269 1207 3333 perversam
1231 3253 1323 3335 pesti·

130 3353 293 3435 seramque
322 3354 513 3431 doctrinam,
551 3353 661 3418 eodem
688 3371 778 3418 sacro
812 3353 1010 3434 approbante
1042 3352 1194 3433 concilio,
1228 3352 1324 3420 dictor

130 3440 269 3534 libellos,
297 3460 453 3520 tractatus
476 3460 509 3520 et
531 3455 698 3536 opuscula,
722 3453 1065 3535 videlicetDialogum,
1088 3453 1272 3536 Trialognm
1292 3469 1323 3519 rt

131 3561 165 3619 et
186 3572 296 3619 omnes
318 3555 395 3621 alios
418 3561 452 3620 et
473 3556 549 3633 alia,
581 3572 661 3636 quae
684 3553 826 3636 ejusdem
847 3554 980 3620 ioannis
1001 3554 1119 3621 Wiclei
1139 3555 1270 3622 nomine
1283 3556 1323 3621 in·

131 3656 315 3720 scribuntur
344 3661 377 3720 et
405 3657 622 3733 intitulantur,
656 3655 881 3738 cujuscumque
914 3655 993 3721 artis
1015 3661 1049 3721 et
1076 3654 1240 3722 facultatis
1262 3655 1323 3721 cxl·

131 3759 226 3835 stant,
248 3759 371 3820 attento
394 3757 536 3837 maxime,
560 3755 644 3837 quod
666 3757 698 3819 in
720 3757 768 3820 eis
790 3757 865 3821 licet
886 3757 992 3837 aliqua
1013 3774 1088 3822 vera
1111 3758 1233 3840 scripta
1254 3758 1322 3835 sint,

131 3855 209 3920 salsa
230 3860 336 3920 tamen
359 3856 421 3921 illis
452 3857 550 3922 veluti
582 3857 673 3937 lepra
695 3858 728 3921 in
746 3857 883 3923 humano
906 3875 1041 3939 corpore
1063 3857 1224 3940 permixta
1245 3860 1320 3930 sunt,

131 3961 164 4021 ct
190 3956 221 4020 iu
250 3957 375 4022 illorum
406 3957 542 4023 lectione
570 3958 748 4039 periculose
779 3965 938 4039 tamquam
970 3958 1055 4023 inter
1086 3958 1275 4040 scorpiones
1293 3958 1321 4022 et

130 4056 276 4122 colubres
303 4056 421 4122 Christi
455 4057 564 4123 fideles
587 4063 809 4137 versarentur,
846 4059 1030 4124 damnamus
1053 4064 1087 4124 et
1108 4058 1318 4141 reprobamus

130 4162 224 4238 atque
248 4158 416 4223 salvatoris
433 4159 623 4223 sententiam
639 4166 851 4240 exsequentes
877 4159 1028 4224 dicentis:
1055 4159 1104 4240 „Si
1128 4159 1201 4243 quis
1223 4160 1256 4224 iu
1276 4172 1318 4225 me

129 4276 192 4322 non
215 4259 377 4338 manserit,
400 4259 545 4323 mittetur
566 4260 651 4325 iuras
674 4265 707 4323 et
722 4260 804 4324 sicut
826 4260 946 4341 palmes
968 4264 1103 4341 arescet,
1125 4259 1206 4326 etin
1223 4261 1319 4342 ignem

129 4358 274 4423 mittetur
307 4365 340 4424 ct
372 4359 494 4438 ardet,“
530 4360 603 4440 igue
621 4360 769 4441 jubemus
792 4360 917 4441 publice
940 4360 1153 4438 concremari3
1185 4360 1318 4443 ejusdem

129 4459 225 4523 etiam
257 4461 448 4526 auuctoritate
472 4460 594 4525 concilii
619 4460 795 4526 districtius
817 4462 1014 4543 inhibentes,
1048 4481 1089 4527 ne
1111 4461 1185 4542 quis
1206 4455 1316 4527 Christi

130 4560 255 4624 nomine
284 4560 455 4642 insignitus
471 4562 586 4628 audeat
602 4562 737 4643 aliquem
754 4563 804 4627 vel
825 4563 947 4646 aliquos
969 4581 1025 4628 seu
1048 4562 1155 4645 aliqua
1177 4580 1218 4628 ex
1231 4560 1314 4628 dictis

128 4659 259 4741 libellis,
288 4662 478 4727 tractatibus
508 4667 541 4727 et
570 4663 730 4745 opusculis
757 4662 834 4730 dicti
861 4660 978 4731 Wiclel
1008 4656 1313 4748 nomine'iuaeriptir
