2992 5258
170 226 236 289 284
381 220 455 275 Petri
473 218 507 274 de
525 218 704 275 Mladenonic
721 218 819 274 relatio
837 218 871 274 16
889 219 928 273 ld.
945 220 971 274 J.
989 219 1050 274 llus
1066 232 1161 275 cauca:

177 421 354 502 erroribus,
376 419 434 484 sed
456 420 647 486 correctioni
668 419 795 485 concilii
816 427 851 486 et
871 418 1087 487 informationi
1107 428 1140 488 te
1151 422 1314 505 subjicias,
1336 428 1372 489 ct

173 520 341 589 concilium
365 526 443 601 aget
464 525 567 585 tecum
589 520 762 585 secundum
783 520 1040 587 misericordiam.

270 621 314 686 Et
338 638 397 685 rex
418 620 513 685 dixit:
539 618 659 684 Audias
692 620 832 685 loannes
853 620 942 686 Husl
967 620 1130 688 Dixerunt
1151 620 1261 705 aliqui,
1283 620 1370 705 qnod

171 722 273 807 primo
304 725 378 803 post
410 719 470 785 XV
503 718 570 783 dics
603 719 796 800 captivitatis
829 727 903 786 tuae
936 721 993 787 tibi
1025 722 1146 788 salvum
1174 722 1368 788 conductum

171 820 348 887 dedissem:
370 838 429 901 ego
451 818 538 898 dico,
561 817 645 899 quod
665 836 729 883 non
753 825 803 884 est
816 838 935 900 verum,
959 821 1031 901 quia
1053 840 1112 903 ego
1133 822 1205 888 volo
1226 822 1368 905 probaro

171 919 452 1003 comprincipibus
468 923 501 983 et
521 916 592 982 aliis
607 918 863 999 quampluribus,
887 921 971 1001 quod
993 939 1051 1003 ego
1073 922 1147 988 1611
1168 923 1227 988 tibi
1241 922 1365 988 salvum

171 1020 361 1089 conductum
375 1019 470 1084 etiam
485 1016 573 1099 prius
595 1036 689 1098 quam
711 1016 751 1083 16
765 1020 870 1100 Praga
892 1021 1028 1098 exivisti,
1051 1028 1084 1087 ot
1105 1022 1201 1088 etiam
1216 1020 1367 1088 mandari

170 1120 289 1188 ibidem
315 1118 450 1184 dominis
471 1117 657 1183 Wenceslao
679 1123 713 1183 et
733 1118 863 1195 Joanni,
900 1126 990 1187 1116
1012 1119 1208 1187 adducerent
1229 1127 1367 1187 616666·

170 1223 334 1301 curarent,
369 1221 407 1282 ut
434 1217 534 1282 libere
562 1222 595 1282 16
629 1218 809 1282 venientem
837 1219 878 1284 ad
911 1218 1127 1286 Constantiam
1158 1237 1223 1286 non
1256 1220 1368 1303 oppri-

168 1325 313 1399 merent,
345 1316 404 1384 sed
426 1323 461 1380 ut
494 1315 554 1380 tibi
585 1316 743 1399 publicam
764 1316 879 1384 darent
900 1319 1108 1398 audientiam,
1140 1327 1177 1385 ut
1198 1320 1306 1402 666616
1326 1318 1368 1386 16

170 1420 234 1487 fide
256 1426 311 1485 tua
331 1415 536 1499 respondere.
564 1414 655 1493 Quod
669 1423 702 1481 et
723 1416 876 1498 iecerunt,
900 1425 934 1484 et
946 1419 996 1483 lric
1017 1419 1074 1483 tibi
1097 1419 1255 1500 publicam
1276 1418 1367 1485 audi·

172 1521 290 1587 ontiam
313 1524 346 1584 et
366 1515 527 1601 pacificam
543 1523 576 1581 et
597 1517 760 1582 honestam
775 1517 942 1597 dederunt,
966 1525 999 1583 et
1021 1536 1079 1600 ego
1102 1521 1262 1601 regratior
1276 1519 1366 1601 ipsis,

169 1622 247 1687 licet
273 1618 380 1687 dicant
409 1617 479 1695 alii,
507 1616 591 1697 quod
612 1634 671 1697 ogo
698 1635 762 1682 non
784 1635 910 1699 possem
932 1618 1009 1683 1616
1031 1619 1151 1684 salvum
1173 1619 1366 1685 conductum

171 1720 348 1800 haeretico,
380 1718 430 1782 vel
459 1717 499 1781 16
526 1717 652 1781 haeresi
681 1724 840 1799 suspecto.
862 1716 905 1782 Et
925 1717 997 1783 ideo
1020 1719 1102 1784 sicut
1123 1719 1175 1784 hic
1196 1718 1234 1782 D.
1251 1717 1366 1784 Cardi-

171 1822 253 1888 ualis
274 1819 412 1886 considit
432 1817 500 1887 tibi.
523 1817 569 1881 ita
593 1822 627 1881 et
647 1834 706 1897 ego
730 1816 860 1881 consulo
882 1817 954 1897 tibi,
988 1818 1071 1899 quod
1093 1825 1128 1883 tu
1150 1818 1228 1882 nihil
1251 1824 1365 1884 teneas

171 1920 395 2004 pertinaciter,
427 1916 543 1982 66111
571 1916 659 1995 istis,
692 1934 773 1998 quae
795 1916 846 1980 lric
868 1923 943 1981 sunt
975 1923 1139 1982 contrata
1172 1914 1311 1999 6161616
1332 1926 1366 1984 61

171 2037 254 2104 quae
282 2018 445 2085 confessus
467 2033 517 2096 es,
550 2015 607 2079 166
629 2023 661 2080 16
684 2016 827 2081 totaliter
848 2016 888 2080 61
907 2017 1042 2097 gratiam
1063 2017 1146 2082 sacri
1168 2018 1305 2099 concilii,
1328 2027 1362 2083 et

170 2119 234 2203 ipsi
255 2118 314 2186 tibi
334 2124 469 2200 propter
489 2134 549 2181 nos
572 2123 605 2182 et
625 2117 778 2182 honorem
799 2124 943 2182 nostrum
966 2117 1150 2183 6111611611
1171 2124 1367 2184 nostramet

171 2238 305 2302 regnum
318 2215 488 2283 Bohemiae
502 2217 621 2282 facient
635 2217 768 2297 gratiam
782 2216 960 2297 aliqualem,
973 2224 1006 2282 et
1020 2217 1250 2299 poenitentiam
1264 2218 1366 2283 susci·

171 2320 241 2404 6166
262 2335 321 2401 616
343 2317 472 2383 eisdem.
495 2317 527 2382 si
550 2334 625 2382 vero
647 2317 694 2381 116
716 2316 925 2398 pertinaciter
945 2317 1017 2383 illos
1040 2329 1167 2397 tenere,
1189 2335 1266 2384 vere
1289 2326 1365 2382 tunc

170 2418 233 2503 ipsi
260 2419 343 2485 bene
365 2418 477 2497 sciunt,
502 2417 579 2498 quid
606 2417 744 2482 debeant
766 2423 870 2482 tecum
891 2417 1005 2482 166616.
1028 2418 1095 2499 Ego
1118 2418 1367 2500 linteisque

171 2518 292 2584 nullom
322 2518 393 2583 volo
421 2518 616 2583 haeredem
648 2515 834 2594 defendere,
867 2516 929 2581 imo
962 2518 990 2582 si
1022 2518 1366 2583 111616116111616

169 2617 296 2685 haeresi
318 2624 397 2684 6666·
405 2617 561 2699 pertinax,
584 2634 643 2698 ego
666 2617 752 2681 solus
767 2617 879 2681 vollem
902 2618 1095 2684 succendere
1116 2624 1150 2684 et
1173 2618 1364 2684 comburere

171 2717 289 2802 ipsum;
315 2719 372 2784 sed
401 2735 460 2798 ego
489 2718 686 2783 consulerem
717 2717 790 2797 tibi,
824 2717 908 2799 qnod
930 2723 965 2782 tn
986 2718 1130 2783 totaliter
1151 2723 1184 2783 16
1207 2718 1302 2783 dares
1323 2717 1365 2782 ad

170 2819 304 2900 61611611
326 2819 474 2898 concilio,
508 2826 541 2885 et
568 2817 817 2900 quantocitius,
850 2825 938 2883 tanto
961 2819 1087 2899 melius,
1115 2838 1156 2884 ne
1178 2819 1212 2883 11
1233 2818 1366 2901 prolun-

170 2918 276 2984 diores
298 2918 468 2983 involvaris
491 2935 627 2982 errores.
650 2917 693 2982 Et
713 2917 783 2998 ipse
805 2916 972 2999 respondit
992 2916 1033 2981 ad
1054 2916 1204 2999 primurn:
1227 2916 1298 2998 Ego
1314 2936 1365 2983 re·

170 3019 292 3100 gratior
327 3018 501 3085 Serenitati
534 3017 668 3082 Vestrae
701 3018 741 3081 de
769 3018 856 3082 saluo
883 3017 1057 3095 conductu,
1087 3016 1171 3097 quod
1199 3016 1365 3083 Serenitas

170 3117 287 3184 Vestra
308 3119 385 3183 milri
408 3117 542 3182 eundem
564 3117 641 3182 darc
663 3118 792 3199 dignata
807 3124 856 3182 661
878 3118 1027 3199 gratiose.
1051 3117 1094 3182 Et
1115 3117 1239 3183 1116166
1260 3118 1362 3202 11161·

170 3225 325 3300 ceperunt
346 3218 407 3282 sibi
429 3218 482 3282 elii
505 3235 696 3297 sermonem,
731 3224 764 3282 61
785 3218 902 3282 oblitus
924 3216 992 3296 luit,
1026 3218 1118 3297 qnasi
1139 3216 1179 3281 de
1200 3234 1266 3281 non
1288 3235 1362 3298 per·

168 3317 286 3382 tinacia
321 3317 502 3399 6161661611.
553 3317 640 3381 Tunc
674 3317 711 3380 D.
744 3318 884 3383 Joanoes
929 3316 969 3381 de
1003 3316 1115 3381 Clrlum
1147 3323 1236 3381 stans
1268 3316 1362 3382 dixit:

169 3416 211 3482 Μ.
232 3416 388 3497 Joannes,
417 3416 638 3498 respondentis
668 3417 705 3481 D.
732 3418 811 3497 Regi
842 3418 882 3483 ad
904 3419 1086 3484 secundnm.
1108 3417 1151 3482 Et
1172 3419 1242 3500 ipse
1264 3417 1362 3483 dixit:

168 3516 212 3581 Et
232 3516 434 3581 serenissime
455 3517 619 3599 princeps!
643 3519 724 3583 sciat
746 3518 862 3583 Vestra
883 3518 1062 3598 Serenitas,
1095 3517 1179 3598 quod
1201 3534 1263 3598 ego
1284 3515 1358 3582 vani

168 3618 231 3682 lunc
252 3616 367 3696 libere,
396 3634 460 3682 non
481 3616 522 3682 ad
543 3618 661 3699 aliquid
684 3618 891 3700 pertinaciter
912 3618 1161 3698 defendendum,
1183 3615 1242 3682 661
1263 3616 1358 3683 16616

170 3718 357 3798 ubicumque
380 3720 562 3797 erraverim,
586 3719 625 3784 61
648 3719 810 3784 humiliter
832 3719 1063 3798 corrigendum.

199 3823 202 3829 '
267 3816 310 3885 Et
332 3819 390 3883 sub
417 3819 568 3884 cardinali
589 3820 773 3884 Florentino
790 3819 922 3885 sedebat
943 3838 1025 3883 rinus
1046 3819 1190 3884 notarius
1205 3816 1362 3898 publicus,

169 3917 222 3998 qui
251 3922 326 4000 6661
357 3918 526 4000 cujuslibet
557 3919 681 3984 articuli
703 3919 857 3983 lecturam
890 3926 922 3984 et
951 3918 1191 4001 responsionem
1219 3916 1359 3995 notabat,

168 4034 250 4098 quae
275 4016 445 4082 cardinalis
476 4017 581 4083 dictus
614 4018 674 4083 sibi
706 4018 890 4098 mandabam
913 4024 1019 4083 utrum
1048 4025 1155 4084 autem
1181 4017 1360 4082 6611666616

168 4134 227 4198 661
247 4116 433 4198 magistrum
453 4118 504 4183 vel
525 4137 599 4197 non,
621 4118 660 4183 de
682 4119 741 4183 boo
762 4137 826 4184 non
849 4138 919 4183 sum
941 4125 1058 4198 661116,
1080 4118 1137 4184 661
1158 4120 1220 4183 lroc
1240 4115 1306 4182 vidi
1325 4122 1359 4181 et

168 4215 283 4297 audivi,
305 4215 390 4297 quod
411 4225 485 4299 post
506 4218 678 4298 quamlibet
699 4219 940 4299 responsionem
963 4224 996 4283 ot
1017 4219 1259 4283 altercationem
1274 4215 1358 4299 ipso·

168 4332 238 4379 rum
267 4334 336 4380 curn
357 4317 524 4397 magistro,
547 4317 667 4400 aliquid
688 4317 748 4382 sibi
771 4324 883 4384 notare
904 4318 1131 4401 praecipiebat.
1165 4316 1208 4382 Et
1228 4315 1277 4381 sic
1296 4314 1358 4381 illis

168 4419 204 4480 61
229 4414 337 4480 multis
365 4416 435 4481 aliis
457 4418 598 4484 articulis
621 4417 681 4483 sibi
704 4425 736 4482 et
758 4419 790 4483 in
812 4419 994 4500 praesentia
1016 4419 1064 4484 sni
1087 4418 1238 4500 objectis,
1253 4430 1357 4483 rocos·
