2992 5258
151 380 214 445 358
402 370 609 426 Controversiae
628 367 662 422 (le
680 368 810 436 religione
828 370 856 423 in
874 368 1016 424 Bobenia:
1036 371 1108 424 1409.

151 581 262 650 tentio,
298 587 331 638 ut
367 580 449 649 patet
483 593 538 650 per
573 575 678 635 librum
700 577 800 636 Josne.
845 575 894 636 Sic
928 576 1045 635 videtur
1080 592 1098 634 a
1133 577 1237 649 simili,
1273 578 1352 653 quod

153 682 226 741 deus
257 679 441 751 omnipotens
471 677 569 737 divisit
594 683 703 736 terram
733 692 813 736 suam
842 676 976 736 tribubus
1009 677 1167 748 nationum,
1200 684 1232 738 ut
1263 679 1351 739 aliam

152 786 264 855 partem
286 779 455 853 possideret
475 777 568 837 tribus
591 777 794 848 Bobemorum,
820 777 907 836 aliam
931 777 1024 836 tribus
1047 776 1236 854 Bavarorum,
1265 778 1353 839 aliam

153 883 246 943 tribus
268 881 451 951 Ungarorum
483 893 520 939 ic.
554 884 584 937 ct
614 878 671 936 hoc
704 876 817 938 iecerat
854 880 916 938 sine
951 879 1128 937 admixtione
1156 880 1188 939 iu
1210 880 1354 940 Bohemia

151 985 274 1043 aliarum
295 982 430 1051 tribuum,
453 998 516 1040 cum
538 980 568 1038 in
591 978 731 1039 Bohemia
753 980 822 1039 olim
846 987 930 1040 eraut
952 986 1065 1040 tantum
1086 980 1223 1054 Bohemi3
1245 988 1275 1040 et
1296 982 1353 1042 hoc

151 1102 188 1144 no
222 1082 307 1143 fieret
339 1081 419 1140 zelus
454 1086 484 1138 et
515 1081 671 1151 contentio,
706 1096 781 1160 quae
812 1081 873 1153 jam
907 1082 1066 1140 seminatur
1099 1098 1134 1140 ex
1163 1080 1353 1142 admixtione.

150 1186 243 1261 Igitur
274 1184 369 1245 tribus
393 1180 586 1240 Bobemorum
618 1181 707 1240 debet
737 1181 768 1240 in
803 1182 899 1254 quieto
933 1183 1024 1254 potiri
1054 1183 1085 1240 in
1113 1181 1258 1242 Bohemia
1291 1184 1354 1243 suis

150 1285 267 1363 legibus
295 1284 357 1344 sine
382 1283 608 1342 Teutonicorum
637 1282 867 1356 perturbatione,
897 1282 973 1341 sicut
994 1282 1149 1356 aliquando
1172 1283 1354 1356 potiebatur.

250 1387 285 1445 It.
315 1384 502 1444 Invictissimi
532 1383 675 1455 principis
704 1390 823 1442 sauctae
855 1385 1011 1442 memoriae
1040 1383 1141 1444 caroli
1171 1383 1255 1443 Rom.
1277 1383 1353 1458 Imp.

152 1496 182 1550 ct
203 1487 364 1547 Bohemiae
395 1484 481 1558 regis,
512 1483 655 1556 principis
679 1484 896 1556 sapientissimi,
920 1484 1001 1543 bulla
1023 1485 1107 1556 canit,
1130 1487 1208 1561 quod
1230 1501 1355 1560 regnum

150 1591 309 1650 Bohemiae
346 1586 569 1663 „praerogativa
596 1585 701 1644 mentis
731 1583 886 1644 affcctione
915 1586 1140 1658 complectimur,
1164 1588 1247 1660 cuijus
1272 1584 1353 1646 exal-

152 1693 294 1752 tationem
325 1689 402 1746 omni
432 1703 488 1760 qua
517 1702 672 1757 possumus
700 1685 853 1759 diligentia
880 1691 1089 1758 procurantes,
1122 1688 1216 1760 ipsius
1245 1686 1353 1747 honori

150 1791 336 1859 intendimus,
359 1795 392 1847 ut
414 1787 517 1847 fidelos
539 1787 632 1845 nostri
648 1787 824 1858 regnicolas,
848 1787 896 1860 qui
912 1766 1099 1846 scientiarum
1115 1787 1225 1847 fructus
1240 1788 1353 1847 indesi-

150 1901 254 1954 nenter
285 1890 427 1962 esuriunt,
453 1905 507 1960 per
534 1888 631 1946 aliena
660 1888 826 1946 mendicare
850 1887 989 1962 suffragia
1010 1904 1069 1947 nou
1093 1889 1196 1959 coacti,
1218 1894 1354 1961 paratam

151 1996 208 2055 sibi
229 1995 260 2052 iu
282 2009 374 2066 regno
396 2007 524 2049 mensam
547 1990 703 2060 inveniant,
727 1995 757 2048 ct
778 2006 850 2062 quuos
872 1991 1053 2064 ingeniorum
1083 1992 1182 2050 nativa
1203 1991 1353 2051 subtilitas

150 2097 187 2156 ad
217 2094 341 2155 consilia
362 2092 459 2151 reddit
486 2092 669 2163 conspicuos,
696 2091 848 2150 literarum
877 2092 1000 2151 scientia
1021 2092 1113 2152 iaciat
1141 2090 1294 2152 eruditos“
1317 2108 1354 2151 sc.

150 2198 231 2258 Ecce
254 2195 311 2254 duo
335 2193 481 2253 affectavit
502 2193 664 2264 imperator
686 2193 892 2253 serenissimus
914 2200 944 2252 et
966 2199 1078 2252 amator
1092 2195 1175 2267 regni
1190 2194 1353 2254 Bohemiae

152 2297 391 2357 celantissimos:
415 2293 588 2354 scilicetne
612 2294 657 2352 sui
679 2294 849 2367 regnicolae
870 2296 901 2353 in
925 2296 1034 2354 exteris
1061 2296 1232 2369 regionibus
1255 2295 1352 2356 scien·

151 2401 208 2459 tiaa
231 2398 451 2469 mendicarent3
475 2396 603 2455 secundo
633 2402 665 2455 nt
687 2396 786 2455 serent
806 2396 845 2455 ad
868 2396 993 2456 consilia
1014 2396 1128 2465 eruditi,
1150 2413 1214 2455 cnm
1237 2413 1277 2456 ex
1296 2413 1353 2456 ua·

152 2500 240 2561 turali
269 2497 459 2558 inclinatione
486 2496 656 2569 regnicolas
688 2496 842 2557 consulant
871 2495 1000 2556 fideliter
1029 2498 1210 2570 principibus
1233 2504 1265 2557 et
1285 2512 1353 2572 pro-

152 2606 287 2661 moveant
316 2599 423 2657 bonum
453 2598 535 2669 regui
588 2598 628 2655 Et
656 2614 693 2656 ne
722 2604 814 2656 totum
842 2598 888 2656 vel
921 2599 1045 2669 amplius
1075 2615 1129 2670 pro
1162 2615 1194 2659 sa
1217 2599 1350 2659 extranei

151 2706 327 2773 usurparent
356 2700 512 2768 domiuum,
542 2705 627 2757 caute
654 2698 788 2771 adJuuxit
816 2699 956 2771 princeps
986 2701 1203 2772 invictissimus,
1233 2702 1353 2761 dicens:

154 2804 332 2882 „gloriosum
361 2802 528 2860 existiment
555 2798 632 2877 (scil.
663 2798 846 2878 regnicolae)
877 2808 1035 2861 extraneos
1062 2802 1137 2861 alios
1167 2803 1205 2862 ad
1225 2804 1352 2877 gratitu-

153 2906 228 2964 dinis
251 2904 436 2977 participium
461 2900 612 2964 evocare.“
658 2904 736 2962 Ecce
760 2904 831 2963 dicit
855 2920 997 2976 „evocare
1021 2905 1057 2962 ad
1081 2904 1297 2977 participium,“
1322 2906 1352 2965 id

153 3015 199 3067 cst
228 3006 353 3079 aliquam
385 3012 499 3078 partem
529 3004 730 3077 gratitudinis3
754 3021 811 3078 quo
835 3012 937 3064 contra
960 3006 1100 3075 extranei,
1123 3012 1154 3064 ut
1176 3006 1219 3064 eis
1243 3006 1350 3079 placat,

151 3107 297 3167 Bohemos
321 3106 357 3164 ad
381 3105 567 3177 participium
589 3112 721 3179 evocant,
744 3112 844 3177 partes
867 3106 979 3179 aliquot
999 3108 1127 3179 majores
1144 3105 1351 3166 beneficiorum

151 3215 182 3268 ct
211 3208 401 3280 collegiorum
429 3207 565 3265 continue
595 3207 766 3264 retinentes.
809 3207 891 3274 ltcm,
921 3224 958 3265 ne
986 3207 1015 3265 iu
1046 3207 1240 3267 universitate
1265 3204 1352 3268 fieret

151 3308 310 3373 condomio,
334 3314 363 3364 ct
389 3322 426 3365 ue
456 3307 591 3364 extranei
621 3307 737 3378 possint
758 3306 917 3380 regnicolis
940 3307 1092 3386 dominari,
1116 3308 1251 3381 subjecit,
1273 3309 1352 3382 quod

154 3410 324 3487 „libertates
340 3424 447 3478 omnes,
472 3407 575 3481 quibus
592 3414 649 3465 tam
672 3407 701 3465 in
715 3408 876 3467 Parisicnsi
899 3423 983 3480 apuam
1005 3409 1035 3467 in
1048 3407 1230 3469 Bononiensi
1246 3409 1350 3470 stodiis

151 3511 304 3585 (doctores
335 3516 365 3567 et
394 3507 545 3567 scholares
576 3509 705 3581 gaudere
736 3515 803 3567 suut
829 3506 932 3588 soliti),
954 3510 1135 3583 impertimur
1156 3517 1187 3569 et
1207 3509 1350 3571 faciemus

151 3612 187 3670 ab
219 3609 352 3668 omnibus
383 3615 413 3667 ct
441 3608 562 3682 singulis
591 3609 801 3670 inviolabiliter
829 3608 1008 3670 observari.“
1054 3611 1094 3669 Et
1124 3611 1193 3683 quia
1213 3611 1245 3670 in
1267 3610 1350 3671 Pari·

151 3711 241 3771 siensi
264 3710 359 3769 studio
382 3726 434 3768 seu
456 3709 647 3768 universitate
671 3711 839 3784 regnicolae
862 3711 973 3769 babent
995 3717 1055 3770 tres
1078 3727 1175 3788 voees,
1204 3711 1349 3771 similiter

149 3811 180 3870 in
208 3808 398 3878 Bononiensi,
428 3815 458 3866 ct
483 3809 613 3880 regimen
643 3812 830 3883 praecipuum
860 3812 1074 3871 universitatis:
1106 3812 1197 3885 igitur
1219 3810 1345 3872 excelle*

149 3910 291 3984 principis
312 3910 362 3981 pia
384 3914 414 3968 et
435 3910 561 3981 sapienti
584 3910 753 3970 fundatione
777 3918 807 3970 ot
829 3929 867 3970 ex
889 3910 970 3971 ιιι1111
993 3913 1136 3985 principis
1159 3912 1239 3986 regis
1252 3912 1347 3973 Wen·

151 4012 241 4072 coslai
264 4010 422 4070 donatione
447 4017 477 4069 et
499 4011 698 4071 declaratione
722 4013 801 4071 natio
823 4014 982 4072 Bohemica
1004 4015 1034 4072 in
1064 4014 1258 4074 universitate
1278 4014 1348 4073 Pra-

150 4113 233 4185 gensi
257 4111 345 4171 debet
366 4119 426 4171 tres
442 4127 530 4170 voees
545 4113 573 4170 in
597 4113 720 4185 siugulis
736 4114 877 4179 consiliis,
897 4114 1024 4187 judiciis,
1056 4114 1248 4189 examinibus,
1269 4115 1348 4176 elec·

150 4214 279 4273 tionibus
309 4221 339 4274 et
368 4212 594 4286 quibuscumque
625 4214 691 4272 aliis
720 4215 832 4272 uatibus
866 4224 896 4273 et
932 4213 1178 4288 dispositionibus
1209 4215 1348 4276 similiter

153 4314 296 4373 obtinere.

249 4413 307 4472 Sed
330 4420 433 4472 contra
462 4414 647 4472 donationem
675 4413 756 4473 ser¹¹¹¹
779 4417 920 4487 principis
944 4416 979 4478 D.
1012 4417 1100 4490 Regis
1131 4415 1236 4490 objicit
1267 4418 1346 4478 natio

151 4515 321 4583 Teutoniea,
345 4515 421 4587 qnod
445 4514 625 4574 consuetudo
657 4516 800 4588 longaeva
829 4517 947 4587 exstitit,
972 4519 1132 4579 secundnm
1158 4535 1244 4593 quarn
1266 4519 1344 4579 natio

152 4613 312 4673 Teutonica
334 4619 396 4672 tres
419 4630 509 4673 voces
533 4621 563 4673 et-
585 4620 685 4674 cctcra
714 4633 802 4689 super
829 4617 975 4677 nationem
999 4618 1185 4678 Bohemicam
1208 4618 1357 4683 obtinuit:
