2992 5258
157 394 219 459 306
369 391 442 445 Petri
461 391 495 445 de
513 390 690 445 illudenowic
711 386 807 444 'relatio
824 387 858 445 de
875 388 913 444 M.
931 389 956 446 J.
975 389 1033 447 llus
1050 407 1147 447 cause:

160 596 317 670 progenies
337 597 512 668 viperarum,
541 595 685 668 ‹promodo
707 601 753 653 est
775 602 862 666 caput
883 597 1028 655 ccclesiae
1052 603 1171 656 sauctae
1186 597 1261 655 dei?
1298 598 1309 657 l

161 697 324 768 spondeant
356 697 469 755 scribac
503 701 533 754 ct
564 696 730 764 Pharisaei,
761 697 809 767 qui
843 695 960 753 sumunt
987 698 1016 754 iu
1047 697 1171 755 correilio
1195 698 1309 771 Pragcu

159 798 308 868 praetorii.
352 797 527 855 Possibilius
551 797 627 854 euim
650 802 707 866 est,
732 796 808 868 qaod
831 795 967 869 loquatur·
988 799 1152 867 praescitas
1175 798 1309 867 boua‚c

157 906 344 972 potestesse
367 897 396 955 iu
418 897 514 970 gratia
536 897 695 956 secuudum
716 901 904 968 praesentem
923 897 1083 968 justitiam,
1106 913 1192 969 quam
1215 896 1296 969 quod

158 1006 244 1071 caput
267 998 410 1056 ecclesiae
432 1002 551 1055 sanctae
574 996 629 1058 dei.
668 997 741 1054 Item
764 996 849 1056 Juan.
874 998 891 1050 t»
915 996 1044 1055 salvator
1065 997 1161 1069 arguit
1183 1013 1309 1071 quaeret

157 1099 200 1156 sic
223 1113 241 1154 a
262 1097 397 1156 ludaeis:
420 1095 571 1167 Quomodo
584 1096 709 1166 potestis
731 1112 784 1153 ros
807 1079 937 1165 iredcre,
960 1097 1009 1168 qui
1030 1095 1153 1167 gloriam
1169 1099 1207 1155 ab
1229 1098 1308 1157 invio

156 1198 298 1270 accipitis,
321 1203 351 1255 et
371 1197 502 1270 gloriam,
525 1212 599 1269 qnae
622 1212 640 1253 a
663 1195 727 1253 solo
750 1195 806 1254 deo
829 1202 883 1267 est,
905 1214 965 1254 uon
987 1197 1152 1268 quaeritis?
1196 1198 1237 1256 Et
1260 1212 1309 1271 egr

157 1298 243 1357 simili
266 1313 388 1371 quaero,
422 1297 583 1370 quomodo,
615 1297 642 1355 si
664 1312 741 1368 papa
763 1303 809 1355 est
840 1296 1021 1370 praescitus,
1053 1303 1155 1369 potest
1176 1312 1247 1357 esse
1268 1314 1309 1370 cn]

155 1398 299 1457 ccclesiae
323 1403 442 1457 sauctae
465 1398 529 1466 dei,
551 1397 600 1469 qui
620 1397 744 1470 gloriam
766 1397 910 1455 amando
932 1397 1046 1468 recipit,
1068 1404 1099 1456 et
1119 1396 1254 1471 gloriam,
1277 1415 1309 1471 qu

155 1515 175 1556 a
195 1498 260 1558 solo
289 1498 344 1556 deo
366 1502 419 1568 est,
441 1514 499 1555 non
522 1496 653 1569 eluserit?
688 1496 865 1555 Possibilius
888 1496 963 1554 euim
986 1503 1045 1568 est,
1067 1498 1145 1571 quod
1167 1514 1248 1570 papa
1267 1514 1309 1571 pu

157 1598 248 1658 scitus
265 1599 376 1672 credat,
399 1598 578 1678 quantaquod
600 1598 640 1655 sit
654 1603 741 1668 caput
764 1597 1048 1656 ecelesiaesanctae
1071 1598 1134 1668 dei,
1157 1599 1208 1671 qui
1228 1598 1309 1673 glori:

153 1676 176 1756 ¹a
197 1699 304 1757 maudo
326 1682 432 1770 recipit
452 1715 489 1757 oc.
511 1697 624 1757 Ibidem
646 1699 675 1755 in
697 1696 774 1754 libro
796 1697 856 1755 late
879 1697 982 1770 arguit.

184 1787 195 1810 ⁹
252 1796 410 1877 Magister
432 1796 529 1857 clarit:
562 1794 712 1859 Vocaudo
735 1795 942 1859 conformiter
964 1795 1129 1859 ecclesiam
1151 1814 1210 1876 pro
1234 1813 1309 1861 cour

154 1897 279 1963 catione
304 1896 354 1960 vel
383 1896 594 1960 universitate
624 1895 943 1977 praedestinatorum,
966 1912 1026 1973 ego
1048 1913 1167 1976 quaero
1190 1896 1246 1975 ibi,
1268 1897 1309 1961 sic

154 1997 232 2078 legit
260 1996 488 2078 pronuntians:
512 1995 544 2059 Si
572 2014 655 2076 papa
684 2000 733 2059 est
760 1995 954 2076 praescitus,
984 1994 1139 2076 quomodo
1169 2003 1221 2060 cst
1253 2013 1309 2078 cap

153 2096 238 2161 illius
262 2096 418 2160 ccclesiae
441 2103 570 2160 sauctae
593 2094 670 2160 dei?

252 2251 281 2310 3.
306 2246 399 2323 „Non
421 2251 465 2307 cst
487 2242 632 2307 scintilla
653 2247 869 2326 apparentiae,
892 2244 975 2326 parad
996 2252 1136 2324 oporteat
1165 2265 1231 2306 esse
1251 2266 1308 2307 aaut

152 2348 295 2427 cupedia
309 2346 529 2427 spiritualibus
550 2366 659 2428 repens
670 2346 839 2418 corbeiam,
864 2345 945 2425 praed
968 2366 1088 2425 semper
1108 2366 1179 2408 cana
1204 2347 1309 2421 grean

153 2445 265 2509 litante
285 2446 410 2508 ecclesia
430 2449 652 2507 convenerunt
677 2447 765 2528 (Cap.
788 2449 807 2509 5
829 2444 881 2511 fol.
904 2446 965 2526 2⁰.)

249 2546 316 2606 Ista
336 2549 379 2607 sic
398 2548 538 2608 scribitur
558 2549 592 2607 in
612 2548 701 2607 libro:
722 2548 857 2606 Distorta
878 2554 925 2607 est
937 2563 1007 2621 ergo
1022 2547 1096 2606 haec
1117 2548 1309 2621 consequenti

152 2665 205 2707 rex
226 2648 384 2707 Bobemiae
407 2654 452 2707 est
475 2654 563 2720 caput
590 2649 674 2721 regni
695 2648 870 2718 Bohomiae,
900 2665 971 2722 ergo
1001 2665 1079 2721 papa
1109 2650 1277 2719 praescitus
1305 2671 1309 2703 ι

153 2752 240 2819 caput
261 2748 351 2808 totius
372 2749 526 2807 militantis
549 2748 704 2807 ccclesiae.
728 2748 861 2808 Christus
884 2750 960 2807 euim
982 2756 1029 2809 est
1051 2748 1187 2820 caputia
1210 2749 1309 2825 spiritu

152 2846 238 2919 libus,
274 2864 381 2922 regens
404 2849 578 2907 militantem
601 2849 755 2906 ecclesiam
778 2848 867 2906 rurrrlto
890 2849 1091 2917 necessarius,
1122 2865 1208 2920 apuam
1231 2864 1309 2922 opor

152 2948 308 3007 Caesarem
330 2948 424 3021 ipsam
450 2949 481 3007 in
508 2950 719 3020 temporalibus
752 2966 870 3023 regere;
904 2949 971 3021 quia
1004 2949 1153 3024 christoe,
1186 2949 1238 3022 qai
1265 2964 1309 3009 ser

151 3046 189 3106 ad
212 3048 344 3107 dextram
373 3049 420 3107 dei
448 3049 557 3122 patris,
585 3049 753 3110 necessario
797 3048 962 3120 capitaliter
987 3050 1064 3121 regit
1093 3047 1251 3108 ecclesiam
1272 3051 1309 3108 mi

151 3153 268 3207 tantem.
311 3148 351 3206 Et
372 3165 430 3206 non
454 3154 500 3207 est
528 3149 656 3208 scintilla
683 3150 887 3221 apparentiae,
911 3149 988 3222 quod
1018 3154 1136 3220 oportet
1163 3164 1232 3208 esse
1259 3165 1309 3209 uua

151 3248 288 3320 caputia
312 3248 512 3320 spiritualibus
535 3265 642 3321 regens
665 3249 835 3318 ecclesiam,
858 3250 935 3321 quod
957 3266 1074 3320 semper
1095 3266 1160 3307 curn
1181 3248 1250 3321 ipsa
1271 3248 1309 3307 mi

151 3354 230 3408 tante
255 3349 381 3407 ecclesia
414 3355 613 3421 conversetur,
646 3349 706 3409 nisi
726 3346 853 3407 infidelis
875 3349 964 3408 vellet
978 3349 1135 3418 haeretice,
1158 3349 1236 3421 quod
1259 3365 1309 3421 opt

151 3455 194 3507 tct
215 3449 385 3507 militantem
415 3451 569 3508 ecclesium
600 3450 648 3509 hic
675 3449 786 3508 habere
809 3449 955 3508 civitatem
985 3457 1149 3507 innitentem
1169 3456 1309 3523 perpetua

151 3552 181 3605 et
201 3564 260 3606 uon
282 3546 405 3607 lutrarum
427 3549 584 3622 inquirere.
628 3549 667 3608 Et
700 3549 823 3607 ulterius
855 3555 935 3619 patet
957 3549 1074 3617 ibidem,
1097 3564 1183 3620 aluam
1207 3549 1309 3608 incorr

150 3648 236 3706 triens
260 3656 305 3707 est
326 3648 524 3707 similitudinis
547 3649 708 3720 proportio,
731 3665 797 3707 esse
819 3664 924 3722 papam
940 3649 1115 3721 praescitum
1139 3653 1229 3719 capnt
1249 3646 1309 3707 eccl

152 3748 214 3805 stae
236 3748 394 3817 rnilituutis,
417 3748 453 3806 ad
477 3764 542 3806 cssc
566 3765 666 3821 regem
688 3753 776 3819 caput
797 3750 879 3820 regui
901 3748 1060 3806 Bohemiae
1082 3764 1118 3809 rc.
1141 3748 1263 3807 ibidem.

251 3844 320 3920 Quo
350 3845 443 3924 pituita
464 3854 493 3907 et
516 3844 589 3907 lecto
612 3846 659 3907 M.
675 3846 817 3907 Ioannes
839 3846 936 3909 altrat:
959 3846 1025 3911 Imo
1047 3864 1157 3909 verum
1180 3851 1239 3917 est,
1260 3863 1309 3927 qu·

151 3944 215 4009 tale
241 3950 337 4027 caput
363 3946 538 4028 corporale,
568 3946 609 4010 de
639 3965 700 4027 quo
730 3946 878 4011 (lectores
909 3946 1070 4027 ponebant
1091 3946 1125 4010 iu
1147 3944 1242 4011 dictis
1263 3962 1301 4010 sn

150 4062 214 4108 nou
239 4062 366 4127 semper
392 4052 540 4127 oporteat
569 4055 640 4111 esse
668 4052 700 4111 et
730 4065 799 4110 oum
819 4046 975 4115 militante
998 4046 1134 4112 ecclesia
1155 4045 1251 4111 etiam
1271 4060 1309 4111 at

149 4144 304 4226 puraliter
325 4146 517 4226 conversari,
541 4166 610 4210 cum
633 4146 728 4210 etiarn
750 4164 809 4227 pro
831 4164 915 4210 nuuc
936 4147 1056 4210 nullum
1078 4145 1143 4211 tale
1158 4152 1255 4229 caput
1272 4162 1309 4210 c«

150 4245 260 4326 porale
282 4246 463 4327 babeamus
487 4247 544 4311 sed
567 4247 667 4311 solam
691 4247 851 4311 domiuum
872 4248 983 4312 lesum
1005 4245 1175 4311 Christum.

242 4399 271 4459 4.
297 4396 461 4470 ,Claristus
472 4397 539 4458 sine
551 4395 667 4458 talibus
677 4398 885 4460 monstruosis
896 4399 1050 4477 capitibus
1059 4418 1120 4477 per
1134 4417 1208 4459 saeos
1220 4412 1307 4459 tert!

150 4492 320 4575 dissipatos
348 4517 478 4577 sparsos
500 4517 559 4577 per
595 4501 699 4559 orbem
728 4506 887 4561 tantarum
918 4498 1030 4559 aurelius
1060 4519 1154 4560 saram
1184 4493 1309 4559 eccleis

150 4594 333 4675 reperierat.a
