2992 5258
213 123 274 206 392
436 118 657 190 ‚controversiae
676 118 711 172 de
728 118 858 186 religione
875 119 904 174 in
921 118 1063 182 Bohemin:
1083 121 1155 173 1410.

212 361 216 375 ·
312 322 435 383 Constat
462 339 586 396 namque
615 323 668 382 toti
698 340 788 396 reguo
817 323 984 394 Bobemiae,
1011 327 1133 398 primam
1163 314 1408 396 praemunitae,

209 422 378 482 sententiae
400 428 431 481 et
451 439 643 495 processuum
665 425 734 483 inde
756 432 932 498 secutorum,
955 427 991 486 de
1014 425 1207 499 pullulatione
1229 442 1362 485 errorum
1377 432 1407 485 et

214 506 368 580 haeresum
396 522 427 580 in
457 539 548 595 regno
569 523 727 581 Bobemiae
757 531 788 582 et
808 525 1009 584 marchionatu
1031 526 1191 598 Moraviae,
1213 525 1279 585 iore
1302 523 1406 585 fulsum

217 627 247 680 et
282 623 399 680 nullam.
444 621 517 679 Nam
555 622 620 695 ipse
654 622 689 680 D.
730 621 846 696 Sbyncn
886 624 1035 696 praelatus
1066 626 1098 685 in
1130 627 1242 701 synodo
1277 625 1422 698 generali

209 720 341 787 omnium
370 737 487 780 suorum
516 723 715 796 praelatorum
743 730 774 782 et
802 712 1014 798 magistrorum,
1043 726 1203 796 doctorum,
1233 726 1438 794 studentum.

213 822 404 895 plebanorum
434 829 464 880 et
493 823 617 880 aliorum
646 824 754 882 Christi
785 821 912 882 fidelium
934 825 964 882 in
986 827 1067 884 curia
1088 843 1141 884 sna
1162 825 1474 900 archiepiscopali

209 923 361 996 Progensi
394 925 430 981 de
472 939 547 981 anno
583 923 692 981 domini
728 926 821 993 1408,
857 927 894 981 17
929 924 976 982 die
1008 927 1117 984 mensis
1144 927 1215 985 iulii
1248 926 1464 1004 celebrata,

113 1035 116 1039 ’
215 1023 350 1081 omnibus
371 1022 480 1080 ibidem
511 1023 676 1091 insinuarit,
709 1023 859 1092 intimarit,
897 1021 1057 1083 notificavit
1077 1030 1108 1084 et
1130 1027 1294 1085 solenniter
1314 1026 1482 1098 publi*

214 1124 275 1182 eari
304 1125 463 1196 praecepit,
492 1124 570 1198 qnod
595 1125 661 1194 ipse
692 1139 745 1194 per
773 1140 805 1181 se
835 1129 866 1181 et
895 1141 963 1182 suos
991 1125 1115 1184 vicarios
1145 1126 1176 1186 in
1206 1125 1493 1198 spiritualibnss

215 1221 330 1295 officiis,
358 1230 389 1282 et
416 1226 575 1297 praelatos,
597 1224 632 1282 de
656 1239 800 1281 consensu
822 1231 851 1281 et
872 1224 1020 1282 voluntate
1042 1224 1192 1295 expressis
1218 1222 1303 1285 ser¹¹¹¹
1326 1225 1394 1297 prin

216 1324 290 1395 cipis
319 1330 349 1382 et
381 1325 489 1382 domini
511 1323 546 1381 D.
569 1323 736 1382 Wenceslai
763 1322 960 1380 Romanorum
990 1325 1070 1396 regis
1093 1341 1211 1396 semper
1231 1326 1362 1398 Augusti
1379 1341 1448 1386 *e
1486 1366 1496 1380 .

216 1423 376 1483 Bobemiae
401 1427 488 1497 regis,
510 1425 539 1482 in
563 1424 686 1492 civitate,
710 1423 840 1481 dioecesi
863 1439 897 1480 aa
918 1424 1070 1495 pruvincia
1092 1441 1145 1483 sua
1159 1425 1311 1498 Pragensi,
1335 1424 1381 1485 lac
1465 1461 1474 1484 ι

210 1529 248 1582 et
275 1524 376 1582 habita
405 1525 538 1597 diligenti
566 1524 653 1582 etiam
682 1529 712 1581 et
740 1531 843 1582 exacta
871 1523 1068 1595 inquisitione,
1090 1526 1235 1583 neminem
1258 1540 1385 1583 erroueu
1472 1562 1485 1589 .

211 1622 262 1708 γε]
284 1625 463 1683 haereticum
493 1625 611 1695 reperit,
640 1640 695 1681 nce
722 1624 818 1695 potuit
843 1625 985 1695 reperire.
1030 1623 1181 1695 Quomodo
1215 1641 1287 1698 ergo
1310 1631 1344 1684 et
1363 1625 1472 1692 ab

210 1741 252 1793 ‚ae
284 1726 314 1783 in
349 1726 452 1798 quibus
484 1724 649 1783 hominibus
684 1724 780 1782 dictae
811 1723 951 1782 haereses
986 1730 1017 1782 et
1048 1741 1173 1795 errores,
1205 1732 1239 1784 nt
1270 1725 1348 1785 false
1380 1745 1459 1790 ε
1489 1762 1496 1781 .

216 1826 358 1885 mendose
381 1827 530 1894 asseritur,
552 1823 754 1896 pullularunt?

209 1966 212 1973 -
316 1926 403 1984 Patet
425 1926 511 1982 etiam
532 1923 695 1993 manifeste,
718 1938 771 1981 nos
788 1938 842 1995 per
857 1923 892 1993 D.
904 1924 1103 1982 Alexandrum
1118 1930 1239 1983 sauctae
1254 1926 1489 1990 memoriae

218 2040 321 2096 papam
335 2026 463 2097 quintum
486 2024 743 2095 praenominatum,
766 2039 802 2080 ex
824 2023 942 2080 sinistra
965 2030 994 2081 et
1015 2023 1091 2083 feisa
1112 2025 1231 2084 nictit),
1244 2025 1482 2100 Sbyneouis

219 2142 393 2198 suorumque
422 2126 593 2184 nunciorum
622 2124 775 2191 relatione,
804 2122 867 2181 fore
894 2124 1095 2196 multipliciter
1122 2133 1262 2197 gravatos
1296 2143 1334 2184 ex
1366 2143 1481 2198 εο,

219 2226 297 2298 quod
322 2225 387 2297 ipse
414 2225 548 2283 dominus
570 2240 648 2295 papa
668 2224 699 2281 iu
726 2223 916 2293 vilipendium
938 2224 1176 2296 litispeudentiae
1195 2226 1477 2298 jurisdictionis

219 2325 362 2397 praedicti
382 2315 418 2383 D.
440 2325 561 2383 Henriei
582 2324 732 2393 auditoris,
766 2324 813 2381 cni
835 2310 1152 2395 causa'nppellationis
1175 2324 1231 2384 fnit
1246 2326 1473 2397 summust„

219 2425 257 2483 ab
287 2425 389 2482 eodem
417 2424 447 2481 in
476 2430 607 2482 nostrum
635 2423 856 2496 praejudicium,
888 2424 972 2481 nobis
995 2440 1053 2481 non
1076 2425 1337 2495 consentientibus,
1358 2438 1473 2484 nee

212 2525 459 2600 procuratoribus
487 2525 606 2594 uostris,
638 2524 687 2598 qui
715 2524 753 2583 ad
782 2523 838 2583 boc
865 2522 1031 2584 laciendum
1052 2524 1225 2584 habuissent
1247 2527 1469 2585 mandatum

220 2625 365 2697 speciale,
388 2632 418 2683 ut
439 2631 538 2682 tamen
560 2624 709 2692 asseritur,
732 2623 802 2681 licet
822 2621 906 2691 false,
928 2629 1032 2682 eontra
1053 2622 1173 2680 formam
1196 2625 1374 2696 generalem
1421 2623 1468 2677 et

213 2727 292 2815 ¹J'n'ris
320 2725 479 2785 communis
519 2723 757 2796 dispositionem,
795 2723 833 2782 ad
872 2724 1124 2794 praenominatum
1152 2724 1188 2786 D.
1221 2724 1463 2798 suynconem,

220 2832 335 2898 partem
356 2824 509 2884 adversam
531 2831 561 2882 et
579 2824 719 2895 judicium
742 2841 832 2892 suum,
855 2839 873 2881 a
895 2840 951 2896 quo
975 2825 1088 2881 exstitit
1109 2825 1146 2881 ad
1170 2825 1272 2882 sedem
1293 2827 1461 2896 aposto·

220 2927 314 2994 Deam,
342 2932 374 2984 ut
403 2924 577 2997 praefertur,
603 2924 790 3000 appellatum,
821 2939 875 2981 uos
903 2924 1047 2996 nobisque
1075 2924 1273 2984 adhaerentes
1302 2911 1459 2982 remisit

218 3026 403 3097 judicandus.

323 3126 444 3184 Constat
459 3125 593 3196 denique,
607 3125 764 3181 sententias
781 3129 811 3181 et
825 3138 983 3196 processus
999 3122 1124 3194 praelati
1136 3122 1173 3181 D.
1188 3123 1361 3199 prneonis,
1381 3134 1420 3178 ιε
1437 3108 1458 3159 ¹

223 3229 249 3286 si
277 3227 440 3298 praemissa
466 3241 525 3284 non
556 3226 681 3294 obstent,
710 3225 816 3281 nullius
847 3241 914 3282 esse
943 3225 1059 3282 roboris
1089 3224 1136 3282 rel
1166 3226 1351 3283 munimenti:
1375 3214 1461 3280 οὐ

223 3328 300 3398 quod
329 3332 398 3397 post
427 3333 551 3384 mortem
572 3326 608 3382 D.
631 3325 792 3383 Alexandri
820 3341 851 3380 re
881 3327 997 3397 integra
1026 3325 1170 3383 existente
1199 3329 1467 3382 emanaverunt&

220 3429 286 3500 jure
314 3418 457 3485 communi
485 3428 668 3497 disponente,
697 3425 774 3497 quod
796 3426 966 3484 mandatore
989 3431 1115 3493 mortuo,
1139 3424 1223 3482 utin
1246 3422 1470 3496 praemissi?

223 3527 330 3586 sactum
359 3534 412 3596 cst,
438 3528 531 3599 ipsius
561 3527 735 3595 mandatum,
763 3541 795 3582 rc
821 3525 937 3598 integra
962 3542 1022 3583 non
1053 3531 1205 3594 manente,
1241 3524 1349 3583 nullum
1367 3529 1404 3583 est

224 3637 255 3689 et
276 3629 416 3698 exspiret.

323 3729 448 3799 Insuper
470 3729 533 3800 quis
550 3745 638 3786 sanae
654 3730 759 3786 mentis
776 3733 806 3784 ct
821 3727 931 3796 doctius,
947 3743 1002 3784 nec
1017 3727 1109 3784 idiota
1130 3741 1233 3784 sacrae
1254 3727 1407 3798 scripturae

226 3833 256 3890 et
282 3831 356 3903 legis
384 3831 431 3888 dei
457 3847 491 3887 nc
521 3846 669 3888 sacrorum
697 3846 838 3887 balwinum
867 3828 1000 3901 ignarus,
1029 3827 1122 3886 libros
1149 3826 1302 3900 logicaies,
1322 3826 1409 3899 pbilo-

227 3933 372 4006 sophicos,
395 3931 528 3998 urerales,
552 3930 809 3998 mathematicales‚
832 3928 1079 4002 theophysicades,
1101 3927 1255 3985 multarum
1283 3933 1315 3986 et
1333 3928 1411 3986 nobi·

226 4033 296 4091 lium
311 4038 341 4089 et
355 4032 612 4104 pulcherrimarum
628 4031 790 4099 veritatum,
808 4030 906 4087 nullos
923 4046 1039 4087 errores
1055 4044 1107 4087 seu
1122 4028 1264 4087 articulos
1277 4044 1411 4087 erroneus

226 4133 256 4190 iu
285 4149 317 4190 se
343 4134 537 4203 continentes,
565 4132 666 4205 quales
696 4138 764 4189 sunt
784 4130 852 4188 libri
875 4131 911 4187 de
933 4130 1056 4187 materia
1078 4135 1107 4186 et
1128 4127 1230 4198 foruna,
1252 4128 1290 4187 de
1312 4129 1413 4200 probu-

222 4234 355 4292 :tionibus
377 4233 619 4304 propositionum,
643 4232 678 4289 de
701 4231 952 4304 propositionibus
974 4229 1181 4302 hypotheticis,
1204 4229 1240 4287 de
1255 4229 1412 4287 individua·

227 4333 307 4391 tione
335 4333 483 4404 temporis,
511 4333 547 4391 de
578 4333 661 4402 ideis,
693 4350 756 4391 cum
786 4333 841 4391 sibi
874 4333 1014 4389 similibus
1038 4330 1103 4390 aliis
1125 4330 1210 4389 libris
1233 4329 1273 4388 M.
1296 4330 1411 4389 ioannis
