2992 5258
149 408 209 472 122
366 404 507 473 Epistolae
525 404 642 474 scriptae
660 404 836 460 Gonmtitte
853 417 947 458 mense
962 403 1045 460 Junio
1063 403 1128 458 1415

149 607 323 673 exhibitum
346 607 479 673 concilio
503 607 700 688 submittere,
723 613 790 672 tum
813 608 886 690 quia
902 612 1069 689 oporteret
1090 606 1246 674 veritates
1266 607 1347 673 mul·

150 716 199 776 tos
222 710 445 791 condemnare,
477 728 572 792 quas,
607 715 643 775 ut
663 708 703 775 ab
725 708 803 792 ipsis
832 708 955 788 andivi,
988 714 1103 774 vocant
1125 707 1345 790 scandalosas;

149 820 224 895 tum,
258 814 332 895 quia
353 816 519 895 oporteret
539 829 589 876 me
612 811 785 894 perjurium
808 808 949 875 incidere
972 827 1010 873 ex
1024 809 1236 891 abjuratione,
1272 828 1347 877 con·

149 914 276 994 fitendo,
298 931 350 978 me
373 930 501 978 errores
523 915 683 978 tenuisse:
706 932 745 977 ex
768 913 882 995 quibus
905 910 1155 978 scandalizarem
1176 912 1269 979 valde
1291 931 1347 996 po·

149 1018 257 1099 pulum
290 1015 356 1096 dei,
391 1014 444 1096 qui
466 1032 497 1107 a¹
517 1033 567 1078 me
602 1014 633 1079 in
656 1013 895 1097 praedicatione
924 1011 1046 1079 audivit
1068 1015 1272 1079 contrarium.
1314 1012 1348 1081 si

150 1135 226 1198 ergo
249 1122 378 1183 sanctus
399 1115 589 1195 Eleazarus,
623 1115 743 1181 veteris
770 1115 850 1195 legis
872 1114 981 1194 homo,
1016 1113 1055 1179 de
1077 1131 1140 1195 quo
1164 1115 1198 1180 in
1219 1115 1348 1181 Macha-

148 1217 309 1297 baeorum,
331 1217 434 1282 uoluit
456 1214 600 1282 confiteri
623 1216 827 1297 mendaciter,
849 1232 885 1280 se
908 1213 1084 1280 comedisse
1106 1232 1219 1280 earnes
1241 1215 1348 1297 alege

150 1318 338 1402 prohibitas
370 1334 410 1381 ue
433 1323 545 1382 contra
567 1317 659 1383 deum
681 1317 802 1383 faceret
829 1322 923 1382 etue
945 1315 1084 1399 posteris
1106 1316 1221 1382 malum
1243 1333 1349 1384 erem·

149 1420 236 1503 plum
258 1420 472 1501 relinqueret:
499 1419 657 1501 quomodo
680 1437 749 1501 ego,
780 1417 930 1485 sacerdos
951 1435 1053 1483 norae
1075 1418 1171 1500 legis,
1203 1416 1280 1484 licet
1300 1417 1349 1484 in·

153 1521 281 1601 dignus,
314 1528 449 1603 propter
470 1520 616 1587 timorem
639 1539 776 1604 poenae,
805 1539 885 1602 quae
908 1520 972 1584 cito
994 1519 1200 1601 praeteribit,
1234 1519 1349 1586 vellem

150 1620 342 1703 transgredi,
364 1622 493 1703 gravim
515 1621 686 1704 peccando,
707 1621 811 1703 legem
826 1621 898 1687 dell
919 1621 1021 1704 primo
1037 1618 1217 1687 recedendo
1232 1619 1349 1688 aneri-

150 1727 236 1802 tate,
270 1722 410 1788 secundo
433 1723 609 1806 perjurium
630 1721 789 1803 faciendo,
826 1728 859 1788 et
881 1724 978 1789 tertio
1000 1724 1163 1806 proximos
1192 1719 1351 1789 scandali·

150 1821 262 1888 zando.
305 1824 430 1889 Revera
450 1823 583 1906 expedit
602 1823 680 1890 mihi
701 1823 801 1906 magis
822 1825 913 1907 mori,
935 1841 1028 1907 quam
1041 1820 1193 1904 fugiendo
1215 1839 1351 1905 poenam

149 1931 409 2003 momentaneam,
439 1924 581 1990 incidere
603 1924 637 1990 in
658 1942 769 1990 manus
791 1924 910 1992 domini
932 1931 965 1992 et
986 1924 1071 1991 torte
1092 1928 1167 2007 pust
1187 1921 1221 1987 iu
1242 1921 1350 2004 ignem

151 2031 184 2092 et
212 2024 417 2107 obprobrium
447 2026 684 2107 sempiternum.
728 2025 771 2092 Et
800 2026 875 2108 quia
900 2024 941 2093 ad
973 2022 1135 2091 Christum
1153 2023 1266 2090 Jesum
1293 2039 1350 2106 po·

150 2124 363 2191 tentissimum
391 2132 425 2191 et
448 2126 658 2208 justissimum
684 2116 823 2208 judicem
850 2125 1026 2209 appellavi,
1058 2125 1120 2191 sibi
1149 2122 1352 2191 committens

151 2242 277 2291 causam
309 2244 426 2291 meam:
459 2227 531 2293 ideo
554 2235 604 2293 sto
638 2246 714 2293 snae
736 2226 917 2294 diffinitioni
946 2233 979 2294 et
1000 2227 1198 2303 sententiae,
1231 2226 1350 2303 sciens,

152 2327 309 2409 quianon
340 2327 433 2410 juxta
453 2327 532 2394 falsa
554 2329 752 2409 testimonia,
786 2346 846 2394 nec
863 2328 956 2410 juxta
984 2344 1138 2406 erronea,
1171 2327 1229 2392 sed
1258 2329 1351 2410 juxta

151 2427 319 2495 veritatem
341 2433 374 2492 et
394 2427 509 2493 merita
531 2446 785 2511 unumquemque
807 2429 965 2494 homiuem
984 2426 1148 2510 judicabit

250 2559 279 2612 n
294 2558 356 2613 ns.
375 2557 503 2613 marm.
518 2576 549 2629 p.
567 2557 612 2615 99.
652 2560 737 2615 aras.
762 2559 858 2615 menn,
877 2559 964 2620 4524,
982 2560 1007 2628 f.
1026 2559 1071 2614 aa.
1097 2588 1127 2598 -
1146 2558 1270 2629 rosas
1289 2556 1352 2613 161.

151 2639 237 2709 4902,
249 2643 275 2713 j.
292 2640 338 2696 92.
373 2643 435 2697 MS.
455 2644 541 2713 capit.
560 2643 650 2714 Prag.
662 2645 688 2716 s.
708 2644 755 2699 80.
787 2644 932 2699 Univerait.
951 2645 1040 2715 Prag.
1058 2644 1117 2707 XI,
1135 2645 1174 2699 D.
1191 2639 1220 2705 9,
1243 2641 1263 2705 f.
1282 2641 1352 2697 206.

251 2742 305 2796 ur.
323 2744 353 2795 a
370 2745 456 2812 apsa.
471 2746 552 2815 praa.
574 2745 607 2799 o.
628 2744 651 2799 7.
672 2746 743 2816 opp.
763 2745 837 2807 fluo,
856 2746 881 2808 1,
901 2745 937 2799 70
949 2755 974 2798 a
986 2742 1030 2800 aa

721 3110 779 3186 to.

428 3301 654 3406 ,Pater“
689 3300 746 3386 M.
781 3303 944 3388 «Ioanni
975 3302 1083 3387 Hus.

153 3515 314 3583 Respondet
324 3516 363 3569 ad
371 3518 502 3586 mapulas
510 3533 613 3571 cauam
621 3535 640 3570 o
652 3517 787 3586 magistro
796 3516 862 3573 Huc
871 3477 1012 3588 prolatae,
1030 3519 1155 3588 refutare
1167 3536 1215 3572 eac
1226 3518 1352 3573 stadem.

712 3685 750 3752 (S-
770 3684 805 3751 dl

337 3883 504 3954 „Responsio
520 3884 652 3953 patrisad
669 3887 805 3941 motivuet
816 3888 1005 3942 excusationes
1016 3888 1147 3957 magistri,
1165 3895 1193 3944 et
1201 3889 1353 3956 hortamen,

420 3974 450 4022 ut
466 3969 561 4038 utique
578 3971 731 4025 consentiat
748 3967 783 4024 ad
801 3969 1009 4038 abjurandum.“

252 4134 301 4201 Ad
322 4136 466 4220 primum,
489 4138 703 4205 amantissime
726 4138 827 4205 irater
848 4145 881 4204 et
903 4138 1122 4207 dilectissime!
1144 4159 1209 4207 non
1222 4152 1349 4208 moveat

153 4255 209 4303 voa
224 4237 327 4320 istud,
348 4239 433 4321 quod
447 4239 664 4306 condemnetis
679 4240 842 4321 veritates,
866 4241 1019 4324 quianon
1036 4260 1100 4323 vos,
1116 4241 1172 4308 sed
1187 4242 1249 4326 ipsi
1265 4243 1351 4311 dem

154 4345 240 4419 nant,
256 4339 310 4420 qui
322 4345 398 4405 sunt
408 4341 544 4424 majores
556 4342 665 4415 vestri,
679 4347 713 4408 et
724 4341 820 4407 etiam
833 4342 935 4407 nostri
947 4342 987 4407 de
999 4344 1170 4425 praesenti.
1187 4343 1352 4410 Attendite

154 4439 214 4505 hoc
233 4440 377 4506 verbum:
392 4460 434 4508 ne
452 4442 601 4508 innitaris
628 4442 817 4526 prudentiae
832 4446 922 4522 tuae3
937 4443 1028 4509 multi
1044 4442 1210 4510 scientifici
1225 4451 1259 4511 et
1280 4460 1352 4511 ron-

153 4540 317 4607 scicntiosi
331 4541 392 4607 viri
413 4543 535 4610 suntin
556 4542 700 4623 concilia
714 4541 760 4609 fili
773 4544 825 4624 mi,
841 4544 915 4610 audi
928 4543 1031 4625 legem
1045 4544 1157 4613 matris
1175 4549 1260 4613 tuae.
1283 4542 1352 4615 Hoc

155 4641 259 4728 quoad
280 4642 424 4730 nmmum.
