2992 5258
41 405 45 411 ⁸
150 422 211 485 582
397 416 603 471 Controversiae
622 417 655 470 de
673 418 804 484 religione
822 419 849 473 in
867 417 1014 473 Bohemia:
1032 421 1106 475 1415.

105 702 107 707 ι
151 620 339 686 confitentes
370 627 403 687 et
432 624 658 702 protestantes,
687 621 771 704 quod
800 623 869 704 ipse
891 621 934 686 M.
955 622 1097 689 loannes
1118 622 1189 688 Hns
1219 623 1279 690 fnit
1299 625 1345 689 vir

150 724 259 805 utique
272 721 392 800 honus,
413 723 518 804 justus
540 729 574 787 et
595 724 780 803 catholicoe,
803 743 821 788 a
842 723 950 788 multis
964 722 1056 789 annis
1071 725 1104 790 in
1120 741 1221 807 regno
1236 732 1345 791 nostro

148 825 223 906 vita,
247 825 388 889 moribus
411 828 444 887 et
472 822 554 888 fama
580 823 783 890 laudabiliter
813 832 1021 891 conversatus
1047 831 1080 892 et
1102 826 1345 908 comprobatum

151 927 253 1005 legem
287 927 382 991 etiam
416 925 629 1006 evangelicam
662 931 696 989 et
728 931 912 990 sanctorum
940 927 1180 1008 prophetarum,
1211 930 1286 994 novi
1314 936 1345 996 et

150 1029 268 1093 veteris
291 1026 474 1092 testamenti
496 1028 604 1106 libros,
625 1029 716 1110 juxta
729 1027 960 1109 expositionem
976 1034 1159 1094 sanctorum
1179 1029 1344 1096 doctorum

150 1130 190 1195 ab
202 1129 337 1194 ecclesia
352 1129 608 1210 approbatorum,
624 1145 683 1191 nos
698 1131 732 1191 et
746 1126 891 1191 subditos
914 1133 1042 1194 nostros
1058 1129 1213 1196 catholice
1228 1130 1342 1213 docuit,

150 1230 347 1312 praedicavit
369 1230 449 1294 etin
464 1228 593 1310 scriptis
608 1227 706 1291 multa
721 1226 859 1308 reliquit,
876 1244 985 1293 omnes
1002 1247 1129 1295 errores
1146 1237 1181 1296 et
1195 1232 1344 1297 haereses

151 1330 407 1398 constantissime
441 1329 645 1407 detestando,
680 1332 713 1391 et
746 1326 787 1392 ad
820 1328 1043 1394 detestandum
1069 1330 1198 1396 eosdem
1224 1349 1285 1396 nos
1314 1338 1343 1398 et

151 1439 281 1499 cunctos
298 1431 416 1497 Christi
438 1430 547 1496 fideles
570 1430 720 1496 continue
743 1435 776 1495 et
798 1428 936 1496 fideliter
957 1430 1163 1504 admonendo,
1179 1432 1220 1498 ad
1235 1450 1342 1514 pacem

151 1552 275 1617 quoque
299 1539 332 1598 et
354 1533 528 1612 caritatem,
558 1540 710 1613 qnantum
739 1532 800 1596 sihi
822 1531 882 1597 fuit
903 1531 1063 1614 possibile,
1087 1532 1194 1613 verbo,
1217 1535 1342 1617 scriptis

151 1640 185 1699 et
206 1652 303 1716 opere
322 1633 444 1716 jugiter
466 1632 681 1711 exhortand03
712 1633 759 1697 ita
780 1632 865 1714 quod
886 1650 1055 1714 numquam
1076 1633 1265 1715 audivimus,
1287 1652 1341 1701 nec

150 1735 329 1815 intelligere
359 1735 526 1816 potuimus,
557 1734 651 1798 etiam
675 1733 759 1797 omni
781 1732 945 1814 diligentia
966 1734 1121 1816 apposita,
1145 1734 1231 1816 quod
1253 1752 1341 1818 prae·

150 1836 233 1901 fatus
255 1836 297 1900 M.
319 1835 459 1911 Joannes
482 1835 551 1900 Hus
581 1852 757 1916 quenquam
787 1852 928 1900 errorem
955 1836 1005 1900 vel
1034 1836 1194 1902 haeresim
1224 1837 1257 1900 in
1280 1837 1340 1902 suis

150 1937 349 2002 sermonibus
379 1937 548 2016 docuisset,
576 1935 792 2018 praedicasset
822 1937 872 2001 vel
895 1937 1120 2018 quovismodo
1143 1937 1339 2018 asseruisset

149 2056 206 2103 seu
228 2056 285 2103 nos
308 2038 358 2102 vel
381 2046 508 2103 nostros
530 2038 674 2103 subditos
696 2038 793 2102 verbo
816 2039 866 2103 vel
881 2039 963 2104 facto
979 2038 1200 2122 quoquomodo
1215 2039 1341 2106 scanda-

149 2139 292 2205 lisasset:
320 2140 459 2221 quinimo
489 2140 541 2222 pie
568 2145 601 2205 et
628 2146 793 2205 mansuete
820 2140 853 2203 in
876 2138 1002 2204 Christo
1025 2141 1143 2220 vivens,
1173 2159 1285 2205 omnes
1304 2140 1339 2206 ad

153 2239 339 2305 servandam
359 2228 461 2321 legem
484 2241 697 2320 evangelicam
721 2246 753 2305 et
765 2248 946 2306 sanctorum
968 2247 1094 2323 patrum
1109 2241 1268 2320 instituta,
1287 2258 1337 2325 pro

151 2340 368 2408 aedificatione
405 2348 534 2407 sanctae
573 2342 684 2406 matris
724 2342 878 2407 ecclesiae
920 2348 953 2432 et
985 2342 1086 2407 salute
1118 2343 1338 2424 proximorum,

151 2447 302 2522 quantum
323 2443 436 2523 potnit,
459 2444 556 2508 verbo
579 2448 612 2507 et
634 2460 732 2524 opere
755 2442 997 2524 diligentissime
1019 2442 1219 2508 hortabatur.

250 2541 318 2605 Nec
346 2542 521 2622 praemissa
549 2542 653 2606 omnia
680 2543 714 2606 in
740 2541 957 2608 contusionem
979 2547 1120 2608 nostram
1143 2549 1178 2609 et
1198 2546 1290 2626 regni
1308 2560 1340 2609 ac

149 2641 384 2707 marchionatus
422 2641 636 2724 praefatorum
676 2650 863 2725 perpetrata
903 2643 993 2708 vobis
1026 2643 1240 2711 suffecerunt:
1272 2643 1340 2727 quin

150 2743 257 2826 potius
286 2743 504 2809 honorandum
526 2743 568 2808 hl.
591 2744 820 2826 Hieronymum
850 2743 889 2809 de
911 2744 1022 2824 Praga,
1043 2744 1147 2810 virum
1169 2745 1341 2812 certissime

150 2844 253 2910 lacteo
286 2843 486 2925 eloquentiae
519 2843 605 2909 fonte
639 2850 829 2925 manantem,
863 2853 986 2927 septem
1018 2847 1134 2911 artium
1169 2846 1341 2913 hheralium

151 2945 337 3027 magistrum
370 2952 402 3010 et
435 2945 656 3026 philosophum
689 2945 799 3026 utique
831 2945 1004 3023 illustrem,
1037 2964 1100 3012 non
1134 2946 1252 3028 visum,
1283 2965 1341 3013 non

152 3045 300 3124 auditum,
324 3064 387 3110 non
409 3045 588 3111 confossum
610 3063 669 3111 nec
692 3046 879 3125 convictum,
902 3045 958 3111 sed
980 3046 1021 3112 ad
1042 3047 1141 3112 solam
1164 3065 1293 3114 suorum
1312 3052 1356 3114 et‘

152 3152 332 3212 nostrorum
362 3146 561 3228 proditorum
592 3147 754 3212 sinistram
784 3146 995 3226 traditionem,
1025 3148 1094 3213 sine
1116 3150 1203 3214 omni
1225 3148 1340 3215 miseri·

70 3320 79 3336 ,
153 3246 259 3313 cordia
286 3247 547 3328 comprehensum
576 3248 799 3312 incarcerastis
829 3251 862 3312 et
891 3247 1085 3327 trucidastis,
1114 3255 1148 3314 et
1166 3249 1234 3331 J'am
1255 3250 1340 3328 forte,

152 3349 234 3413 sicut
256 3354 289 3412 et
310 3348 351 3411 hl.
373 3349 530 3413 loannem
551 3345 629 3425 Hus,
653 3346 870 3412 crudelissima
892 3352 993 3412 morte
1016 3348 1236 3415 interemistis.

250 3451 421 3514 Praeterea
442 3448 481 3515 ad
504 3452 655 3528 nostram,
678 3449 761 3529 quod
784 3449 877 3514 nimis
899 3448 1045 3515 dolenter
1074 3448 1253 3530 referimus
1275 3469 1340 3534 per·

150 3549 236 3615 venit
273 3550 466 3615 audientiam
508 3556 540 3613 et
573 3567 612 3612 ex
644 3550 771 3631 scriptis
805 3551 920 3615 vestris
953 3550 1136 3629 collegimus
1170 3551 1339 3630 evidenter,

151 3651 306 3732 quomodo
329 3651 454 3732 quidam
477 3650 683 3729 detractores,
708 3651 767 3716 deo
780 3656 812 3717 et
827 3651 1005 3717 hominibus
1025 3651 1168 3731 odibiles
1191 3671 1230 3718 ac
1244 3651 1339 3718 nostri

151 3752 239 3833 regni
262 3752 432 3817 Bohenriae
462 3758 494 3815 et
520 3751 755 3817 marchionatus
777 3753 938 3818 Moraviae
960 3754 1075 3819 aemuli
1099 3760 1132 3819 et
1154 3754 1339 3836 proditores,

151 3871 256 3917 coram
286 3852 374 3918 vohis
404 3858 437 3917 et
459 3853 592 3918 concilio
614 3860 720 3918 vestro
744 3871 801 3918 nos
824 3860 857 3919 et
879 3872 1012 3934 regnum
1034 3872 1071 3919 ac
1092 3855 1339 3922 marchionatum

149 3952 330 4035 praedictos
353 3953 539 4033 gravissime
562 3959 594 4017 et
619 3954 812 4034 nequissime
835 3954 1027 4033 detulerunt,
1049 3961 1243 4036 asserentes,
1271 3957 1340 4021 licet

149 4052 237 4132 false,
261 4053 412 4119 mendose
439 4060 473 4119 et
502 4052 687 4135 proditorie,
717 4054 801 4136 qnod
823 4056 855 4118 in
877 4055 1029 4137 praelatis
1051 4073 1150 4137 regno
1172 4056 1340 4122 Bohemiae

151 4163 182 4220 et
204 4154 422 4220 marchionatu
446 4154 607 4220 hloraviae
630 4155 747 4221 diversi
771 4173 898 4220 errores
920 4160 953 4220 et
975 4156 1124 4221 haereses
1148 4157 1339 4238 pullularunt

149 4261 181 4320 et
204 4254 300 4320 corda
331 4261 441 4320 nostra
464 4261 496 4319 et
518 4257 689 4322 multorum
711 4256 850 4321 fidelium
872 4257 1104 4338 terrigenarum
1126 4259 1339 4342 multiplieiter

150 4360 184 4419 et
204 4357 344 4436 graviter
366 4356 544 4422 infecerunt
566 4356 654 4436 adeo,
679 4357 762 4438 quod
785 4357 846 4423 nisi
867 4358 940 4423 lima
962 4360 1169 4425 correctionis
1197 4360 1339 4426 celeriter

150 4464 373 4537 apponeretur,
396 4455 592 4538 praedictum
615 4476 747 4536 regnum
763 4465 795 4523 et
812 4458 1046 4525 marchionatus
1062 4478 1132 4524 cnm
1147 4460 1214 4525 suis
1225 4458 1337 4526 Christi

150 4553 294 4620 fidelibus
317 4556 499 4640 reciperent
520 4557 695 4624 animarum
718 4575 845 4624 suarum
866 4557 1115 4643 irrecuperabile
1138 4559 1283 4629 damnum
1307 4565 1336 4625 et

150 4673 282 4720 rumam.
