2992 5258
157 413 219 477 544
400 408 605 463 Controversiac
623 407 658 463 de
676 407 808 476 religione
826 409 853 460 iu
871 408 1014 462 Bohemia:
1034 409 1107 463 1415.

156 612 321 679 subeundo
353 612 495 693 labores,
528 612 697 695 providere
731 612 875 678 volentes
907 612 949 678 ad
969 604 1028 688 eu,¹
1043 630 1126 692 quae
1148 618 1282 678 sanctae
1301 609 1351 678 dei

156 713 416 794 reintegrationis
438 713 568 781 foedera
590 713 774 795 respiciunt,
798 731 858 778 nec
879 713 964 779 tesso
988 712 1107 779 retenti
1130 713 1273 795 brachio,
1293 729 1351 782 net

155 817 297 882 accincto
318 815 442 896 fatigati
464 815 593 894 femore,
614 814 725 894 jugum
747 814 865 879 domini
888 820 922 879 ct
943 831 1021 879 suae
1043 830 1182 895 sponsae
1205 834 1304 883 suave
1318 817 1350 882 in

155 935 213 982 nos
245 916 427 982 duxerimus
454 914 696 995 suscipiendum.
740 915 789 978 Ex
810 915 908 996 igitur
941 921 1004 980 tam
1025 914 1190 982 fructuoso
1224 921 1350 999 umque

155 1018 240 1081 felici
274 1016 461 1081 conimercio
494 1015 539 1098 (2²)
563 1017 711 1081 humeros
745 1016 869 1097 regios,
902 1016 1059 1082 sumtibus
1082 1034 1147 1082 non
1179 1018 1351 1099 parcendo,

154 1119 316 1184 laboribus
329 1136 391 1182 nou
416 1115 600 1195 deferendo,
623 1134 726 1198 neque
742 1117 1023 1182 innumerabilibus
1038 1118 1124 1183 curis
1146 1118 1349 1199 indulgendo,

155 1219 356 1284 submisimus
378 1217 509 1282 seriose.
540 1218 635 1282 Certe
656 1218 701 1281 nil
723 1217 882 1282 salubrius
903 1219 1011 1299 nilque
1033 1218 1064 1282 in
1088 1219 1148 1284 bac
1169 1236 1208 1282 re
1229 1219 1349 1286 felicius

155 1326 190 1384 ut
211 1318 411 1396 arbitramur,
435 1316 509 1397 quin
533 1318 635 1383 omnis
657 1317 878 1399 providentiae
900 1317 993 1399 vada,
1017 1318 1132 1400 quibus
1154 1320 1221 1385 ista
1244 1328 1351 1387 aneu

154 1426 187 1485 et
208 1424 319 1501 optata
341 1418 416 1482 tinio
440 1416 631 1500 perficiatur,
656 1417 858 1499 inquirantur
880 1419 988 1500 operIs
1011 1437 1069 1501 per
1090 1418 1252 1486 ellectum.

255 1519 333 1584 Cum
346 1520 445 1599 igitur
460 1519 699 1601 quampluribus
720 1519 753 1583 ln
775 1517 835 1584 boc
856 1518 942 1586 felici
957 1518 1198 1586 Constantieusi
1220 1521 1349 1587 concilio

154 1621 365 1687 existentibus
398 1620 535 1685 Nostrae
561 1619 653 1702 Maj‘¹⁸
682 1621 841 1686 salvorum
874 1619 1086 1686 conductuum
1110 1622 1225 1687 literas
1258 1621 1349 1687 dede·

155 1724 251 1788 rimus
273 1721 422 1803 gratiose,
446 1722 571 1802 ipsique
593 1721 694 1787 dictas
717 1721 837 1800 literas,
860 1728 896 1786 ut
918 1721 1010 1786 nobis
1032 1721 1172 1788 innotuit
1195 1723 1347 1790 relatione

154 1821 214 1887 fide
237 1822 340 1904 digna,
363 1823 526 1888 cautulose
550 1829 724 1900 reservant
750 1822 834 1904 quod
857 1840 896 1887 ex
918 1824 1015 1888 certis
1036 1822 1179 1902 indiciis,
1202 1842 1348 1907 praesen·

154 1923 238 1988 tibus
260 1942 323 1987 uon
346 1923 541 1993 reserandis,
570 1924 602 1987 in
624 1923 803 2004 aliquorum
826 1923 1042 1989 verisimiliter
1064 1941 1200 2005 vergere
1223 1925 1345 2008 dispen-

153 2023 237 2087 dium
260 2023 487 2089 formidantur:
521 2029 726 2104 quapropter‚
761 2023 800 2088 de
829 2037 987 2090 consensu
1009 2031 1043 2090 et
1066 2024 1232 2090 voluntate
1254 2027 1343 2109 hujus

154 2124 356 2189 sacratissimi
380 2123 514 2198 concilii,
534 2141 642 2188 omnes
665 2130 697 2189 et
720 2123 862 2204 singulos
884 2124 988 2188 salvos
1010 2124 1198 2204 conductus,
1220 2128 1344 2207 quibus·

153 2242 285 2305 euinque,
309 2225 522 2305 cujuscunque
538 2222 739 2302 conditionis
762 2223 889 2304 gradus,
914 2224 1104 2290 eminentiae
1120 2225 1272 2307 existant
1295 2245 1345 2310 pet
1384 2261 1385 2264 ¹

152 2341 210 2389 nos
233 2323 323 2387 datos
340 2330 372 2387 et
394 2341 562 2388 concessos
584 2326 616 2388 iu
639 2324 698 2388 bac
711 2322 840 2388 ciuitate
852 2323 1098 2403 constantiensi,
1122 2342 1260 2407 quorum
1275 2326 1342 2409 quid

152 2423 225 2487 dum
254 2424 325 2504 (sic)
347 2423 488 2504 ipsorum
514 2424 724 2505 impetrantes
753 2424 802 2487 usi
825 2432 908 2505 sunt,
936 2423 1045 2506 sicque
1074 2412 1278 2508 detinentes,
1308 2444 1343 2491 er

151 2525 247 2588 eerds
270 2524 374 2588 carisis
402 2526 539 2589 animum
563 2531 706 2590 nostrum
727 2525 929 2590 moventibus
951 2543 1127 2602 cassamus
1149 2527 1343 2593 annullamus

152 2630 185 2687 ot
207 2641 391 2688 revocamus
425 2634 536 2690 tenore
567 2625 792 2704 praesentium,
830 2626 951 2701 nullos
978 2644 1086 2692 cassos
1119 2633 1153 2692 et
1182 2636 1342 2695 revocatos

151 2733 263 2788 tenore
286 2726 501 2806 praesentium
523 2725 735 2802 declaramus
766 2726 981 2806 praesentium
1008 2726 1067 2792 sub
1095 2728 1201 2796 nostri
1233 2727 1341 2810 regan

151 2827 246 2906 sigilli
279 2826 488 2907 impressione
511 2828 692 2892 testimonio
725 2828 897 2893 literarum.
941 2827 1012 2892 Dat.
1036 2826 1244 2895 Constantiae
1265 2845 1340 2895 auno

151 2925 269 2990 domini
284 2926 490 3005 plecterit,
517 2927 591 2991 VIII
613 2928 665 2993 die
679 2930 797 2993 mensis
821 2928 949 3010 Aprilis,
971 2947 1143 3010 regnorum
1165 2937 1338 2996 nostrorum

150 3027 334 3107 Ilungariae
357 3027 533 3103 XXXVIII,
560 3029 772 3093 Romanorum
788 3046 864 3094 vero
886 3029 1006 3110 quinto.

248 3128 296 3190 nd
317 3127 500 3192 mandatum
528 3128 646 3192 domini
668 3129 768 3209 regis:
790 3130 931 3195 Ioannes
953 3130 994 3195 de
1015 3129 1179 3210 Strigonio
1200 3147 1240 3195 κ.

249 3228 291 3292 Et
314 3246 371 3292 nos
404 3228 545 3292 Ioannes
566 3228 826 3311 archiepiScopus
858 3230 1008 3311 Rigensis
1036 3237 1070 3296 et
1097 3230 1249 3297 Nicolaus
1280 3229 1336 3315 epi·

150 3326 561 3408 scopusllersoburgensis,
585 3328 729 3411 deputati
756 3331 988 3411 perustionem
1007 3330 1238 3410 Germanicam,
1261 3330 1335 3398 sitni-

150 3428 222 3492 liter
245 3445 428 3492 revocamus
451 3444 561 3492 omnes
587 3428 691 3492 salvos
714 3428 904 3509 conductus,
938 3438 974 3494 ut
996 3447 1094 3512 supra
1115 3430 1149 3496 in
1171 3433 1273 3498 literIs
1292 3449 1333 3496 re

149 3527 271 3608 galibus
297 3530 487 3595 continetur.

819 3632 1030 3714 Engeseletus
1056 3632 1128 3716 (sic)
1150 3633 1297 3700 notarius.
