2992 5258
332 384 408 437 arinis
427 385 590 437 lore-1412
609 390 671 436 urite
690 384 807 437 exilium.
844 388 882 436 12.
903 386 941 435 13.
962 384 1001 434 14.
1220 391 1253 449 31

73 585 234 650 deremiae
248 584 398 650 dicentis:
422 586 449 648 h
470 586 596 651 minimo
619 604 717 667 rusque
740 584 779 649 ud
794 585 960 650 maximum
974 602 1083 648 omnes
1097 585 1261 650 avaritiam

74 692 261 768 sequuntur,
296 691 329 750 et
349 705 369 751 a
393 686 551 769 propheta
582 705 681 767 usque
713 685 753 751 ad
781 686 977 752 sacerdotem
1010 685 1114 750 cuncti
1143 684 1261 750 faciunt

76 784 299 851 mendacium?
320 786 362 851 Et
381 786 531 867 numquid
545 785 625 852 fallit
637 785 755 851 Christi
776 785 949 867 discipulus
964 785 1111 851 dicendo:
1134 786 1261 863 Omnes,

76 904 156 967 quac
178 904 239 951 sua
258 891 341 966 sunt,
365 894 528 968 quaerunt
551 893 585 952 et
606 905 668 952 non
691 905 771 968 quiae
792 887 869 952 ‚Iesu
898 885 1040 952 Christi?
1084 886 1152 951 Vox
1174 887 1261 968 plan·

77 987 181 1069 gentis
203 987 365 1067 ecclcsiae,
388 988 463 1068 qnia
483 990 683 1053 obscuratum
705 994 757 1053 est
776 1005 902 1067 aurum,
934 990 1074 1053 muutus
1104 993 1154 1052 est
1175 987 1262 1051 color

78 1088 226 1169 optimus.
258 1087 339 1166 Quia
360 1089 435 1152 olim
457 1088 669 1154 sacerdotium
692 1095 727 1154 ut
748 1107 858 1154 aurum
880 1088 1013 1154 caritate
1035 1089 1177 1169 ignitum,
1200 1087 1262 1150 vir·

78 1188 200 1253 tutibus
221 1187 412 1269 dealbatum,
444 1208 528 1254 nunc
550 1189 664 1256 lactum
687 1198 738 1256 est
760 1197 899 1255 terreum
921 1194 955 1255 et
976 1187 1195 1268 tenebrosum,
1228 1196 1264 1250 ut

78 1288 122 1353 ait
142 1288 334 1354 Bernardus.
356 1289 510 1373 Impletus
523 1308 583 1356 vox
598 1291 763 1367 salvatoris
778 1291 893 1356 nostri:
908 1289 1088 1356 abundabit
1103 1290 1263 1370 iniquitas·

80 1389 143 1454 scil.
166 1394 199 1454 in
222 1390 322 1469 ciero,
352 1396 385 1454 ct
407 1389 592 1471 refrigescet
620 1392 736 1456 caritas
764 1391 796 1454 in
824 1391 950 1473 populo.
996 1391 1062 1456 Vae
1083 1389 1181 1471 igitur
1202 1390 1263 1454 isto

80 1495 222 1572 tempore
245 1508 306 1555 non
330 1489 508 1572 plangenti!
532 1489 627 1570 Haec,
651 1491 721 1555 illm
742 1491 906 1572 princeps,
936 1489 1069 1556 audiens
1097 1491 1200 1556 clerus
1222 1490 1264 1553 si-

80 1591 249 1669 moniacus,
271 1609 455 1673 pomposus,
485 1592 666 1658 luxuriosus
687 1599 720 1656 et
742 1591 922 1671 indomitus
944 1610 994 1655 me
1015 1591 1263 1657 detractionibus

82 1698 114 1755 et
133 1690 436 1756 haereticatiouibns
458 1697 586 1757 accusat
609 1710 713 1758 coram
728 1692 853 1774 populo.
876 1691 937 1756 Sed
960 1690 1110 1777 uuusquid
1132 1690 1265 1756 tacebo?

83 1791 187 1856 Absit!
213 1791 277 1856 Vae
299 1792 384 1871 mibi,
407 1791 434 1856 si
456 1794 600 1859 tacuero!
645 1792 759 1858 Melius
782 1793 865 1857 enim
889 1797 938 1857 est
959 1792 1033 1857 mihi
1056 1791 1150 1872 mori,
1173 1810 1264 1873 qnam

84 1898 188 1957 tantae
210 1910 273 1957 non
289 1892 417 1958 obviare
438 1893 585 1974 malitiae,
608 1912 689 1975 quae
712 1912 760 1959 me
780 1893 966 1976 participem
981 1894 1191 1959 constitueret
1206 1893 1266 1958 cri-

83 1992 173 2056 minis
196 1998 230 2057 et
250 1992 423 2074 gehennae.
452 1997 480 2060 Α
501 1994 615 2076 quibus
637 2012 694 2058 rex
716 1995 835 2075 gloriae
852 2000 1014 2075 regentem
1036 2000 1145 2058 sancte
1167 2011 1266 2074 popu-

84 2092 144 2158 lum
167 2093 244 2158 llmn
265 2093 415 2176 dignetur
436 2094 702 2178 Magnificentiam
723 2114 938 2178 praeservare.

423 2212 488 2281 Mr.
509 2214 650 2279 loannes
671 2212 761 2290 Hus,
784 2212 932 2279 sacerdos
955 2211 1073 2277 Christi
1097 2210 1224 2275 inutilis.

180 2327 210 2381 n
225 2327 286 2380 ms.
304 2329 363 2382 aaa
389 2327 485 2383 etan.
503 2326 588 2395 mou,
602 2328 627 2398 f.
645 2328 706 2382 124.

181 2410 236 2464 na.
255 2410 360 2480 mna,
379 2411 557 2475 11‚2oa-a

646 2776 703 2850 14.

125 2982 345 3067 Fratribus
380 2987 623 3068 monasterii
662 2984 916 3067 Dolanensis
952 2989 995 3067 in
1030 2984 1233 3067 Manavia.

166 3197 281 3252 Probra
299 3218 318 3251 a
338 3200 373 3252 D.
392 3199 531 3268 Stephano
549 3217 639 3252 eorum
659 3202 751 3269 priore
768 3200 822 3250 situ
839 3200 943 3268 olrjceta
962 3199 1066 3251 diluere
1083 3199 1180 3250 arridet.

632 3367 726 3434 (1412.)

285 3566 493 3622 Honorabilibus
512 3574 539 3622 et
551 3567 683 3636 religiosis
701 3567 813 3622 dominis
831 3574 976 3623 conventus
988 3567 1016 3621 in
1031 3567 1126 3634 Dolon,
1144 3567 1272 3621 fratribus

352 3651 378 3704 in
397 3650 502 3705 Christo
527 3646 647 3704 dilectis:
671 3651 802 3715 Magister
826 3652 944 3705 loannes
966 3651 1039 3717 llus,
1062 3665 1155 3703 semrrs
1174 3650 1271 3705 Christi

353 3736 461 3790 inutilis.

186 3904 312 3971 Caritas
334 3903 385 3969 dei
407 3911 440 3970 et
461 3924 521 3986 pax
545 3905 662 3970 Christi
686 3906 824 3971 abundet
854 3908 885 3971 in
907 3905 1054 3971 cordibus
1078 3903 1192 3967 vestris
1216 3920 1273 3984 per

95 4006 235 4087 spiritum
258 4012 410 4081 sanctum,
435 4006 486 4086 qui
510 4004 602 4070 datus
625 4012 675 4070 est
698 4006 797 4071 nobis

188 4106 397 4172 venerabiles
420 4105 551 4170 dominil
579 4107 721 4189 Percepi‚
749 4108 886 4187 qrraliter
908 4107 944 4170 D.
967 4107 1145 4189 Stephanus
1166 4104 1272 4170 multis

96 4207 268 4289 opprobriis
301 4223 363 4270 non
393 4206 493 4270 solum
522 4225 580 4285 me,
608 4206 664 4270 sed
692 4206 785 4271 etiam
808 4227 872 4287 eos,
895 4207 947 4287 qui
970 4224 1132 4271 sermones
1156 4205 1273 4270 Christi

96 4326 178 4372 nmo
198 4307 341 4385 audiunt,
374 4306 442 4371 dire
471 4306 821 4388 persentisceret<
849 4325 944 4372 causa
966 4307 1069 4388 justu,
1097 4306 1273 4370 mercedem

95 4405 239 4485 justitiae,
268 4408 294 4471 si
323 4406 442 4488 absque
469 4425 581 4486 causa,
611 4407 787 4472 mercedem
816 4406 990 4489 injustitiae
1012 4427 1031 4471 a
1053 4406 1187 4486 domino,
1220 4407 1272 4489 qui

98 4507 185 4573 corda
205 4507 296 4573 novit
317 4507 485 4588 hominnm,
507 4507 650 4589 accipiet.
687 4508 778 4573 Unde
801 4508 888 4573 vobis
911 4509 942 4570 in
964 4507 1089 4571 Christo
1112 4507 1272 4586 iratribus,

99 4626 168 4687 quos
195 4608 256 4674 etsi
286 4607 394 4673 luceatis
421 4608 571 4673 distantia
597 4616 629 4671 et.
655 4610 809 4674 sensualis
835 4607 986 4690 disjungit
1015 4607 1136 4685 notitia,
1168 4617 1272 4672 ncrrren
