2992 5258
154 395 214 460 652
347 450 350 455 ,
396 390 599 450 controversiae
618 390 652 445 de
669 390 800 458 religione
817 392 845 445 in
863 392 1009 447 Bohemie:
1027 395 1101 449 1416.

705 656 788 730 109.
1103 680 1125 727 ο

155 880 417 994 Sigismundi
452 880 575 964 Rom.
616 886 731 994 regis
767 913 1021 992 responsum
1059 888 1218 997 legatis
1251 916 1339 973 oon·

155 1018 240 1099 eilii
266 1013 608 1122 Christantiensis
635 1017 688 1099 de
715 1018 845 1100 rebus
864 1017 1107 1104 Bohemieis
1130 1022 1338 1130 fratreque

404 1180 480 1232 suo
510 1180 618 1263 rege
645 1149 905 1236 Weneeslao
933 1153 1093 1237 datum.

530 1399 557 1452 S.
577 1399 601 1452 d.
621 1398 682 1466 (sub
699 1398 780 1453 finem
799 1401 862 1453 anui
884 1403 965 1465 1416.)

210 1701 255 1761 (E
271 1699 331 1752 MS.
349 1703 489 1753 iemiuersit.
511 1700 597 1772 Prop.
616 1704 675 1764 ΙΙΙ,
696 1703 729 1756 G.
749 1701 793 1764 16,
814 1704 866 1773 jol.
887 1702 927 1766 77,
946 1714 971 1756 et
990 1704 1030 1766 X,
1051 1703 1078 1757 Ο.
1100 1703 1125 1764 1,
1139 1703 1194 1775 sol.
1211 1701 1289 1770 397.)

350 2004 524 2073 „Responsio
542 2003 616 2056 serm¹
640 2005 782 2073 principis
799 2003 887 2073 Repu
905 2004 1077 2073 Siyismundi
1095 2011 1150 2060 uc.“

248 2207 298 2274 Ad
324 2207 489 2290 proposita
516 2223 575 2287 per
604 2206 775 2288 deputatos
797 2206 937 2270 omnium
952 2206 1126 2287 ‚nationum
1147 2208 1244 2291 hujus
1266 2208 1335 2275 saeri

151 2311 275 2376 eovvoilii
308 2311 341 2374 iu
373 2310 507 2374 materia
539 2309 707 2374 haeresum
740 2315 774 2373 et
806 2326 950 2373 errorum
981 2309 1155 2390 vigentium
1183 2311 1217 2375 in
1249 2328 1336 2391 reguo

151 2412 323 2479 Bohemiae
352 2411 496 2492 inprimis
525 2410 729 2475 devotissime
759 2410 903 2475 exhibuit
929 2430 975 2491 se,
1005 2409 1247 2493 respondendo:
1280 2412 1336 2479 llos

150 2514 254 2594 parati
282 2530 389 2577 sumus
422 2511 464 2575 ad
489 2511 642 2575 honorem
672 2510 725 2575 dei
753 2517 786 2576 et
813 2500 968 2578 eeclesiae
1001 2529 1078 2576 suae
1112 2510 1191 2577 dare
1223 2531 1336 2579 omnem

150 2631 279 2696 operam
301 2632 360 2696 pro
383 2613 613 2696 exstirpatione
636 2621 805 2678 haeresum
828 2618 861 2677 et
883 2630 1028 2678 errorum
1051 2610 1233 2696 ubieunque
1256 2631 1337 2680 exor-

151 2723 264 2795 torum,
295 2723 328 2782 et
356 2715 490 2780 maxime
520 2715 552 2778 in
582 2733 681 2796 regno
704 2715 884 2796 Bohemiae,
906 2715 947 2780 ad
969 2715 1058 2796 eujus
1080 2714 1173 2796 regni
1196 2715 1338 2781 reforma·

150 2818 268 2883 tionem
290 2818 362 2899 plus
385 2817 515 2898 obligati
538 2834 656 2880 sumus.
685 2816 728 2881 Et
750 2816 824 2898 quia
844 2815 945 2881 frater
966 2820 1078 2880 noster
1100 2832 1158 2880 rex
1174 2814 1337 2882 Bohemiae

150 2927 255 2985 certos
284 2916 514 2984 ambasiatores
543 2918 726 2999 nuperrime
755 2917 795 2982 ad
823 2935 880 2982 nos
908 2916 1034 2994 direxit
1065 2933 1146 2998 quos
1169 2917 1233 2983 sibi
1254 2917 1336 2983 remi·

114 3041 116 3044 ·
149 3022 256 3097 simne,
279 3020 406 3098 taleque
430 3020 476 3083 eis
498 3034 688 3099 responsum
710 3016 864 3096 dedimus
888 3024 923 3081 ut
945 3018 976 3082 ei
997 3017 1113 3093 dicant
1149 3022 1186 3082 ut
1210 3018 1339 3085 barones

151 3138 226 3185 suos
253 3119 383 3184 inducat
410 3125 443 3184 et
465 3119 545 3183 alios
572 3136 647 3183 suos
670 3116 815 3183 subditos
838 3124 870 3181 et
891 3117 1025 3183 maxime
1047 3118 1191 3185 fautores
1213 3119 1338 3186 loannis

150 3221 219 3286 llus
247 3219 414 3286 damnatae
443 3221 615 3285 memoriae
643 3226 675 3285 et
705 3219 758 3301 qui
782 3237 840 3301 per
861 3219 973 3285 literas
1007 3237 1079 3284 suas
1102 3218 1339 3287 diffamaverunt

151 3319 233 3402 (aie),
272 3328 308 3386 ut
334 3321 374 3385 ab
403 3320 568 3385 erroribus
595 3319 775 3402 hujusmodi
804 3319 961 3385 desistant
990 3327 1023 3385 et
1054 3321 1282 3389 aturbatione
1310 3325 1339 3385 et

150 3421 339 3503 spoliatione
368 3421 445 3486 oleri
474 3420 665 3499 abstineant,
695 3425 729 3485 et
757 3419 919 3485 emundati
948 3419 988 3485 ad
1009 3421 1165 3501 gremium
1186 3440 1212 3487 s.
1236 3422 1337 3489 metris

150 3522 305 3587 eeclesiae
322 3527 533 3586 revertantur.
559 3520 648 3586 Haec
663 3520 827 3602 praedicta
842 3526 875 3583 et
887 3521 984 3585 etiam
995 3520 1184 3602 petitionem
1196 3529 1338 3600 vestram,

150 3641 242 3703 qnam
264 3621 367 3686 facilis
379 3641 418 3686 ex
433 3626 525 3703 parte
540 3621 678 3686 omnium
692 3621 864 3698 nationum,
881 3638 951 3685 eum
967 3624 1053 3686 certo
1077 3621 1191 3688 nuntio
1208 3621 1340 3690 secunde

149 3723 218 3788 vice
240 3724 357 3788 iterum
381 3721 523 3801 ejusdem
544 3721 653 3786 fratris
675 3722 786 3800 nostri,
811 3738 904 3802 quern
927 3727 1060 3803 propter
1090 3721 1152 3788 hoe
1180 3723 1267 3807 apud
1287 3739 1338 3789 uos

150 3824 347 3901 retinuimus,
380 3822 604 3886 intimabimus.
648 3821 784 3904 Insuper
813 3820 887 3902 quia
913 3821 1075 3904 praefatus
1101 3824 1206 3892 frater
1238 3832 1340 3891 noster

151 3924 314 3990 desiderat
336 3921 550 4005 praesentiam
573 3927 716 3987 nostram
738 3928 772 3988 et
794 3923 994 4004 personalem
1016 3925 1264 3991 couventionem
1283 3942 1339 3989 una

151 4043 221 4089 eum
242 4023 415 4089 baronibus
438 4023 528 4103 regui
551 4024 609 4100 sui,
632 4028 728 4104 prout
750 4023 818 4104 ipse
842 4023 990 4106 exposuit
1012 4023 1103 4089 nobis
1124 4043 1184 4106 per
1201 4026 1339 4091 mundos:

151 4124 191 4189 de
220 4124 333 4206 quibus
360 4122 605 4187 deliberavimus
632 4123 762 4188 mittere
790 4122 822 4188 in
850 4123 940 4187 brevi
961 4125 1171 4191 ambasiatam
1205 4131 1338 4191 nostram

151 4225 332 4303 solemnem,
362 4224 411 4288 cui
440 4224 670 4288 committemus
700 4223 817 4303 dicere,
848 4223 933 4305 quod
963 4224 1079 4290 dietam
1102 4227 1337 4292 conventionem

151 4325 307 4389 celebrari
329 4323 523 4388 intendimus
546 4323 718 4404 dumtaxat,
742 4325 769 4388 si
792 4325 869 4389 etin
885 4333 1037 4406 quantum
1053 4325 1103 4390 sui
1118 4326 1222 4392 velint
1235 4343 1336 4393 reoon·

151 4423 251 4488 eiliari
282 4423 435 4488 ecelesiae
463 4424 513 4488 dei
546 4430 579 4489 et
600 4424 693 4505 hujus
716 4425 799 4490 sacri
822 4425 946 4491 concilii
969 4426 1289 4493 determinationibus
1308 4429 1337 4489 et

150 4522 306 4588 mandatis
329 4524 490 4588 humiliter
512 4523 652 4604 obedire,
676 4532 709 4590 et
730 4524 808 4590 alias
824 4544 900 4604 non3
924 4526 986 4592 imo
1003 4527 1030 4592 si
1045 4544 1156 4593 sanam
1171 4527 1337 4594 doctrinam

151 4629 333 4690 sanctorum
355 4630 481 4707 patrum
502 4624 664 4693 noluerint
687 4626 832 4710 recipere
854 4633 888 4694 et
909 4625 1070 4695 dimittere
1092 4627 1245 4697 haereses
1259 4627 1335 4696 dau·
