2992 5258
424 413 502 467 anuis
520 413 686 466 taos-1412
703 415 767 466 ante
784 410 900 465 exilium.
936 415 960 465 3.
977 414 1001 464 t.
1286 416 1305 479 9

112 615 231 683 capiat!“
266 615 303 669 Et
320 620 430 668 sanctus
447 613 548 668 Paulus
565 612 657 667 multis
675 613 772 668 suadet
789 613 962 679 argumentis.
984 612 1172 680 Quamobrem,
1190 604 1305 667 dilecta‘e

113 699 238 765 munes,
256 698 386 767 conjuges
404 696 502 767 Christi
521 704 548 751 et
559 696 673 751 filiolae!
692 704 796 752 servate
816 697 840 751 ei
851 702 954 751 castam
971 695 1159 764 virginitatem,
1177 711 1246 763 quae
1265 701 1307 750 est

112 781 261 837 voluntatis
278 781 400 836 custodia
417 798 434 835 a
451 782 570 850 corporis
588 782 741 850 corruptela
759 783 786 835 in
805 797 836 835 eo
855 781 896 835 vel
915 781 942 834 in
960 797 1001 847 ea,
1019 781 1073 849 qui,
1092 786 1122 834 ut
1139 779 1261 833 Christus
1279 787 1307 833 et

112 865 294 933 virgoMaria,
314 881 457 934 numquam
475 865 595 933 corporis
613 865 743 932 voluptati
760 864 939 920 indulserunt.
957 865 1058 919 Beatus
1076 863 1185 918 eritille
1197 864 1306 919 caelebs

112 958 139 1003 et
156 949 241 1017 virgo,
260 965 341 1018 qurum
354 950 393 1002 ita
410 935 540 1016 degebtes
558 954 639 1017 atque
652 948 706 1003 alia
723 948 813 1003 divina
825 954 970 1016 praecepta
982 948 1156 1002 observantes
1174 947 1306 1014 accipient

111 1034 286 1102 praecipuam
304 1048 449 1101 coronam,
471 1032 499 1086 id
523 1039 565 1087 est
581 1031 741 1099 mercedem,
764 1033 792 1086 in
815 1039 927 1087 aeterna
949 1032 1066 1086 laetitia!
1101 1032 1202 1099 Quam,
1225 1046 1306 1085 caree

110 1117 243 1186 conjuges
260 1116 369 1185 Christi,
387 1118 465 1173 enixe
484 1134 568 1186 usque
586 1116 621 1173 ad
638 1124 751 1172 mortem
768 1117 933 1185 sequamini!
951 1114 1090 1183 Fideliter,
1109 1114 1190 1169 facile
1212 1130 1304 1169 conse·

110 1200 240 1270 quemiui,
259 1201 280 1255 si
294 1202 398 1256 aeterni
415 1201 490 1270 regni
508 1200 691 1269 memineritis,
710 1199 801 1255 mundi
814 1201 958 1255 vanitatem
970 1199 1147 1268 perspicietis,
1164 1205 1305 1254 consuetu-

111 1285 203 1339 dinem
226 1290 334 1355 turpem
357 1285 500 1351 cavebitis,
527 1283 672 1339 demissum
696 1285 722 1339 in
744 1284 869 1354 operibus
897 1284 1014 1337 animum
1036 1283 1179 1351 habebitis,
1205 1290 1306 1338 vestem

111 1369 258 1439 superbam
276 1385 329 1423 non
347 1368 481 1437 amabitis,
499 1374 580 1437 etque
598 1367 696 1423 Christi
715 1384 827 1438 corpore
845 1383 927 1436 saepe
944 1368 1078 1422 fruemini.
1111 1368 1169 1423 Hoc
1186 1385 1259 1436 rogo,
1278 1375 1307 1422 ut

110 1452 196 1521 probe
219 1452 316 1507 harum
340 1468 430 1506 rerum
452 1467 584 1507 memores
607 1453 680 1519 sitis,
707 1468 739 1506 ac
756 1453 778 1507 si
803 1452 871 1506 deus
892 1452 975 1506 otium
999 1451 1224 1520 tabellariumque
1241 1452 1307 1505 mihi

111 1535 204 1603 dabit,
231 1536 312 1605 plura
333 1536 409 1590 vobis
431 1535 555 1590 scribam.
591 1536 670 1590 Mitto
695 1542 785 1590 autem
806 1537 880 1591 vobis
904 1552 1024 1603 carmen,
1047 1535 1118 1605 quod
1142 1536 1257 1589 cantetis
1279 1536 1306 1588 in

111 1620 234 1688 vesperis
251 1620 383 1688 virginum
401 1624 564 1682 sanctarum,
583 1626 612 1674 ut
623 1621 706 1674 rerba
722 1620 921 1689 perpendentes
938 1619 1070 1674 laetitiam
1082 1620 1171 1674 animo
1183 1619 1307 1675 habeatis

110 1710 193 1773 atquc
211 1719 259 1759 ore
271 1705 394 1772 cantetis,
412 1704 450 1758 ita
462 1710 561 1772 tamen,
579 1720 613 1759 ne
625 1705 674 1758 viri
689 1704 815 1772 audiant3
832 1719 941 1773 pravam
957 1703 1027 1757 enim
1044 1704 1125 1758 animi
1137 1702 1307 1758 affectionem

109 1789 285 1858 conciperent
301 1803 334 1842 ac
350 1804 398 1843 vos
419 1789 447 1843 in
464 1794 605 1858 peccatum
622 1787 766 1856 superbiae
789 1786 832 1842 sel
850 1786 971 1842 scandali
988 1786 1151 1841 incideretis.
1176 1787 1307 1857 Magister

109 1872 232 1927 Joanues
249 1871 318 1938 Hus,
336 1870 462 1927 sacerdos
480 1870 638 1926 imbecillus.

690 2223 728 2297 4.

152 2412 360 2525 Magistro
392 2410 610 2516 Zawisaio,
644 2413 831 2523 plebano
863 2412 1197 2497 Praehatioensi.
1222 2414 1260 2519 ⁴*)

112 2610 300 2679 &maenaa
309 2627 379 2671 mm,
395 2609 469 2676 quod
481 2611 687 2664 cohaereticum
700 2611 810 2678 dicerit,
823 2614 934 2680 ipseque
948 2613 1070 2679 neplipot
1083 2611 1205 2681 officiam
1217 2629 1306 2665 saum.

631 2759 679 2828 (oc.
700 2761 785 2828 1409.)

211 2930 303 2996 Salus
326 2948 345 2993 a
373 2928 500 2993 domino
526 2929 605 2994 Jesu
632 2928 768 2994 Christo.
813 2930 967 3011 Magister
995 2932 1186 2997 reverende!
1231 2933 1306 2996 Per·

113 3031 198 3097 venit
218 3030 261 3096 ad
281 3047 341 3109 me,
364 3029 448 3110 quod
470 3028 615 3094 dixeritis
639 3048 790 3111 expresse
813 3049 862 3095 me
885 3031 1089 3098 haereticum,
1124 3030 1157 3096 Si
1180 3033 1224 3096 ita
1247 3039 1306 3108 est,

114 3150 198 3214 rogo,
222 3130 409 3197 rescribatis
431 3129 522 3208 milri,
557 3138 589 3195 et
618 3135 694 3196 tunc
725 3131 873 3196 videbitis
901 3149 972 3196 cum
999 3130 1050 3196 dei
1072 3133 1190 3211 gratia,
1224 3134 1307 3215 quod

114 3232 212 3313 fidem,
235 3252 330 3315 quarn
345 3240 449 3311 teneo,
473 3233 600 3315 publice
616 3232 792 3299 confitebor
807 3241 840 3299 et
854 3234 1030 3313 delendam,
1052 3251 1115 3298 non
1131 3235 1163 3297 in
1183 3235 1306 3314 angulis

113 3333 318 3412 detrahendo,
341 3334 398 3400 sed
417 3334 500 3400 sicut
522 3333 615 3400 decet
629 3353 739 3400 verum
755 3335 978 3401 Christianum.
1002 3336 1043 3401 Et
1058 3335 1178 3400 utinam
1193 3352 1305 3414 agnos·

113 3436 228 3500 ceretis
251 3434 493 3516 vosmetipsum,
528 3436 684 3515 quomodo
712 3436 795 3501 forte
824 3456 843 3502 a
866 3437 997 3517 triginta
1025 3436 1117 3502 aunis
1146 3435 1196 3500 vel
1227 3435 1307 3501 citra

113 3534 251 3601 tondetis
283 3552 359 3599 oves
385 3535 417 3598 in
444 3535 624 3614 Praelatio,
652 3543 684 3602 et
714 3537 766 3602 nbi
794 3536 993 3602 residentis?
1026 3537 1078 3602 ubi
1107 3535 1220 3600 labor?
1253 3535 1306 3601 ubi

112 3643 220 3717 pastus
251 3634 379 3701 ovium?
410 3633 482 3699 Non
511 3636 698 3701 meministis
727 3636 816 3702 verbi
840 3636 980 3701 Domini:
1016 3638 1082 3702 Vae
1115 3637 1305 3718 pastoribus,

112 3736 161 3816 qui
178 3740 316 3818 pascunt
338 3752 373 3799 se
395 3735 493 3817 ipsos,
517 3753 591 3801 oves
614 3742 720 3802 autern
744 3756 805 3802 non
829 3737 1015 3819 pascebant!
1039 3737 1102 3803 Ubi
1129 3756 1207 3819 rogo
1229 3738 1306 3803 illud

112 3835 229 3901 Christi
251 3835 451 3916 evangelium
479 3836 512 3900 in
539 3836 629 3901 vobis
658 3837 821 3920 impletur:
862 3838 969 3902 Bonus
992 3846 1101 3919 pastor
1129 3845 1203 3903 ante
1231 3856 1306 3903 oves

111 3936 204 4015 radit,
228 3942 262 4002 et
284 3953 360 4001 oves
391 3953 461 4001 eum
483 3945 676 4018 sequuntur,
710 3940 784 4020 quia
812 3939 918 4005 sciunt
946 3948 1054 4005 vocem
1084 3940 1174 4021 ejus?
1206 3940 1304 4020 Rogo.

111 4035 267 4118 quomodo
293 4037 437 4101 nansitis
469 4043 544 4102 ante
576 4056 661 4116 oves,
698 4044 732 4104 et
764 4039 919 4119 quomodo
954 4058 1010 4105 vos
1042 4047 1219 4121 sequuntur
1251 4049 1306 4105 aut

111 4136 252 4217 audiunt,
275 4155 346 4202 cum
368 4137 401 4200 in
423 4137 531 4203 multis
553 4140 644 4203 annis
667 4158 740 4205 raro
762 4158 818 4204 vos
841 4141 1062 4222 conspiciunt?
1088 4139 1205 4204 Veniet
1226 4139 1304 4207 dies.

112 4238 139 4302 in
162 4256 227 4319 quo
249 4236 393 4302 reddetis
414 4238 569 4303 rationem
592 4239 631 4305 de
654 4239 775 4320 ovibus,
799 4247 832 4306 et
853 4240 892 4304 de
908 4238 1070 4306 beneficiis
1090 4239 1242 4321 pluribus,
1266 4240 1305 4305 de

141 4475 166 4535 ’)
185 4477 225 4523 Ad
243 4486 349 4522 muron
365 4477 484 4524 admissus
504 4478 576 4533 lota,
594 4479 700 4525 obtinuit
710 4476 831 4525 licentiam
850 4481 874 4525 in
892 4479 983 4524 artibus
1003 4478 1074 4533 1³80,
1094 4493 1155 4525 anno
1176 4480 1238 4525 1³87
1253 4479 1303 4538 J'sm

183 4560 246 4606 iuter
271 4558 446 4606 examinatores
469 4560 498 4606 ds
525 4561 620 4607 natione
640 4561 796 4609 Bohesnorum
815 4561 944 4623 deputatus
961 4560 1023 4617 fuit;
1047 4563 1164 4622 posterius
1182 4569 1304 4608 assumtus

185 4643 250 4691 iuter
267 4643 393 4690 amnicos
410 4644 468 4693 scel.
487 4643 622 4704 Propensia
