2992 5258
403 454 460 506 100.
478 451 570 519 Pogpii
589 452 664 520 epist
684 450 717 504 de
734 451 865 519 supplicio
883 449 1046 519 Hieronymi.
1258 451 1319 515 627

133 652 274 737 Moysen,
306 653 393 718 illum
421 653 623 720 liberatorem
652 653 760 735 populi
789 661 822 719 et
850 653 1064 733 legislatorem
1093 654 1200 719 asnis
1223 668 1319 733 saepe

133 755 356 821 calumniatum
385 772 457 820 esse
485 754 573 834 dixit,
603 761 761 834 tamquam
784 754 933 819 seductor
956 761 1042 819 osset
1063 763 1119 821 aut
1141 760 1319 820 contemtor

133 856 255 938 populi3
279 855 401 938 Joseph
428 856 559 937 insuper
588 874 606 919 a
633 854 784 919 fratribus
815 854 975 921 venditum
999 855 1039 920 ob
1061 854 1223 934 invidiam,
1246 863 1320 936 post

133 954 173 1022 ob
195 957 298 1038 stupri
320 956 530 1038 suspicionem
552 956 584 1019 in
606 955 729 1021 vincula
751 956 941 1035 conjectnm3
965 962 1094 1038 praeter
1108 957 1166 1022 hos
1182 955 1319 1027 Esaiam,

134 1055 299 1123 Danielem
335 1062 368 1121 et
402 1058 502 1122 ferme
544 1056 716 1137 prophetas
753 1073 880 1136 omnes,
917 1061 1074 1139 tamquam
1110 1063 1321 1122 contemtores

133 1156 274 1237 deorum,
297 1163 455 1240 tamquam
471 1156 647 1237 seditiosos,
670 1157 786 1238 iniquis
813 1156 1043 1223 circumventos
1066 1158 1250 1236 sententiis;
1271 1155 1322 1222 hic

134 1263 167 1323 ct
189 1257 351 1324 Sasernae
370 1258 530 1341 judicium,
553 1258 784 1338 multorumque
806 1265 983 1339 praeterea,
1006 1259 1057 1339 qui
1073 1276 1141 1323 cum
1157 1259 1216 1324 viri
1232 1277 1322 1325 sanc·

134 1358 249 1425 tissimi
272 1360 478 1438 exstitissent,
501 1359 627 1441 injustis
649 1364 754 1423 tamen
779 1358 907 1440 judiciis
928 1359 1101 1440 perierunt.
1144 1359 1261 1425 Postea
1282 1360 1322 1426 ad

136 1458 293 1526 Joannem
319 1459 503 1542 baptistam,
531 1458 646 1525 deinde
672 1460 712 1524 ad
741 1459 930 1523 salvatorem
952 1466 1094 1524 nostram
1116 1459 1320 1540 descendens

136 1559 224 1626 falsis
256 1560 403 1639 testibus,
432 1560 520 1625 falsis
540 1559 669 1642 judiciis
697 1560 923 1625 condemnatos
951 1559 1053 1640 inquit
1083 1558 1226 1624 omnibus
1249 1578 1321 1626 con·

136 1665 232 1726 stare.
276 1660 400 1726 Deinde
427 1659 621 1742 Stephanum
656 1680 675 1724 a
711 1660 909 1724 sacerdotum
946 1659 1078 1739 collegio
1112 1659 1322 1739 interfectum,

138 1759 300 1843 apostolos
322 1767 429 1826 autem
457 1778 565 1825 omnes
593 1767 695 1824 morte
725 1759 898 1837 damnatos,
927 1777 991 1825 non
1025 1767 1183 1841 tamquam
1212 1761 1321 1840 bonos,

138 1859 194 1926 scd
216 1863 253 1923 ut
274 1860 443 1926 seditiosos
465 1861 652 1943 populorum
675 1860 894 1939 concitatores,
918 1866 1130 1925 contemtores
1145 1860 1276 1927 deorum
1291 1868 1325 1926 ot

135 1961 288 2027 malorum
327 1979 458 2044 operum
499 1961 673 2027 effectores.
717 1960 863 2041 Iniquum
902 1977 994 2041 esse,
1034 1960 1150 2041 injuste
1183 1961 1325 2027 damnari

136 2060 335 2128 sacerdotem
365 2081 384 2127 a
411 2061 585 2142 sacerdote,
618 2069 652 2127 at
680 2060 712 2125 id
739 2060 855 2127 iactum
883 2079 955 2125 esse
986 2061 1105 2140 docuit,
1138 2061 1276 2142 iniquius
1305 2081 1325 2127 a

137 2160 337 2227 sacerdotum
366 2161 509 2242 collegio,
538 2162 570 2226 id
600 2179 724 2243 quoque
746 2161 890 2243 exemplo
912 2161 1072 2244 probavit;
1096 2161 1325 2242 iniquissimum

136 2279 211 2328 vero
234 2280 254 2326 a
275 2262 407 2328 concilio
431 2263 638 2342 sacerdotum,
663 2261 695 2327 id
717 2262 812 2327 etiam
834 2261 987 2327 accidisse
1009 2261 1206 2328 monstravit.
1237 2260 1325 2327 Haec

137 2360 259 2429 diserte
292 2367 324 2427 et
352 2380 466 2444 magua
493 2380 563 2427 oum
590 2362 827 2444 exspectatione
857 2361 1017 2426 disseruit.
1059 2363 1102 2426 At
1129 2378 1221 2426 omno
1254 2381 1324 2427 cum

136 2462 261 2545 pondus
288 2471 401 2528 causae
431 2462 463 2525 in
486 2461 622 2528 testibus
645 2463 740 2527 situm
763 2467 858 2541 esset,
880 2461 988 2527 multis
1010 2461 1185 2527 rationibus
1207 2462 1324 2542 docuit,

137 2562 255 2629 nullam
284 2563 333 2628 his
363 2563 497 2628 testibus
524 2561 616 2629 fidem
642 2562 861 2642 adhibendam,
891 2563 1078 2644 praesertim
1109 2580 1179 2626 cum
1201 2581 1263 2628 non
1286 2582 1325 2630 ex

137 2663 282 2743 veritate,
304 2663 361 2728 sed
383 2683 422 2729 ex
445 2662 518 2728 odio
540 2682 577 2728 ac
598 2663 821 2729 malevolentia
842 2670 875 2728 et
897 2662 1014 2726 invidia
1036 2662 1141 2726 omnia
1162 2662 1327 2729 dixissent.

138 2762 216 2827 Tum
247 2761 311 2829 odii
334 2781 444 2829 causas
467 2765 512 2829 ita
534 2763 711 2845 explicavit,
745 2768 781 2826 ut
801 2762 886 2828 haud
908 2761 1017 2843 procul
1038 2762 1134 2828 suerit
1156 2782 1175 2828 a
1197 2781 1327 2845 persua·

137 2860 258 2941 dendo;
284 2863 330 2928 ita
356 2863 439 2928 enim
467 2870 559 2929 erant
587 2863 784 2940 verisimiles
815 2868 859 2938 ut,
882 2869 1016 2943 excepta
1037 2862 1105 2927 sola
1125 2861 1199 2928 fidei
1222 2882 1325 2943 causa,

138 2981 236 3046 parva
259 2962 320 3028 illis
342 2960 420 3028 fides
443 2964 630 3029 testimoniis
652 2961 794 3027 adhibita
816 2969 910 3026 esset.
954 2961 1174 3028 commoverat
1189 2964 1327 3028 omnium

138 3070 271 3142 mentes,
303 3069 337 3129 et
363 3062 403 3128 ad
430 3064 677 3129 misericordiam
710 3061 927 3128 flectebantur.
971 3062 1146 3128 Addiderat
1167 3064 1258 3141 enim,
1293 3082 1327 3127 se

139 3169 255 3247 sponte
270 3162 324 3228 ·ad
351 3164 517 3229 concilium
543 3164 678 3243 venisse,
706 3163 746 3228 ad
768 3180 802 3227 se
826 3161 1042 3245 purgandum
1066 3162 1161 3227 vitam
1184 3182 1272 3229 suam
1296 3168 1328 3228 et

139 3263 245 3331 studia
267 3272 465 3345 exposuerat
489 3263 583 3329 officii
606 3264 700 3346 plena
721 3269 755 3329 et
776 3263 921 3342 virtutis;
945 3263 1081 3343 dixerat,
1104 3267 1188 3327 hunc
1209 3283 1328 3329 morem

138 3364 254 3448 priscis
279 3370 374 3446 atque
402 3364 592 3430 doctissimis
620 3365 696 3455 viris
725 3364 832 3443 inisse,
863 3370 899 3428 ut
928 3364 960 3427 in
983 3364 1078 3428 rebus
1100 3361 1174 3429 fidei
1195 3365 1329 3430 invicem
1439 3376 1443 3383 '

140 3465 310 3531 sententiis
340 3465 576 3547 discreparent,
610 3483 671 3529 non
701 3465 740 3530 ad
771 3464 1034 3548 pessumdandum
1064 3462 1166 3543 fidem,
1200 3464 1257 3528 sed
1289 3464 1330 3530 ad

139 3566 308 3632 veritatem
340 3563 412 3631 fidei
446 3566 658 3648 aperiendam.
702 3566 752 3631 lta
790 3565 998 3646 Augustinum
1029 3572 1062 3631 et
1100 3565 1329 3647 Hieronymum

139 3665 334 3733 dissensisse
362 3668 508 3748 asseruit,
538 3672 571 3731 et
599 3685 660 3731 non
682 3666 782 3731 solum
805 3666 930 3731 diversa
951 3665 1100 3746 sensisse,
1123 3664 1180 3730 sed
1202 3673 1235 3731 et
1256 3683 1329 3731 con-

142 3767 254 3848 traria,
276 3767 364 3831 nulla
384 3768 554 3833 haereseos
577 3767 766 3848 suspicione.

244 3866 480 3949 Exspectabant
508 3885 626 3947 omnes,
656 3873 692 3932 ut
721 3868 771 3931 vel
802 3885 837 3931 se
866 3872 1027 3949 purgaret,
1050 3865 1253 3932 retractando
1276 3867 1330 3932 ob·

138 3968 237 4051 joela,
259 3967 310 4031 vel
332 3974 508 4033 erratorum
524 3970 646 4035 veniam
662 3969 847 4050 postularet.
890 3970 933 4033 At
949 3968 1009 4046 ille,
1032 3986 1135 4048 neque
1151 3986 1185 4032 so
1201 3987 1326 4033 errasse

142 4083 348 4146 asseverans,
386 4086 489 4149 neque
529 4088 562 4135 se
600 4075 776 4134 retractare
809 4068 941 4134 aliorum
974 4067 1052 4132 falsa
1085 4067 1216 4133 crimina
1248 4069 1330 4133 velle

142 4166 327 4245 ostendens,
351 4166 476 4233 tandem
498 4168 662 4234 descendit
683 4170 715 4233 in
730 4169 943 4236 laudationem
963 4167 1095 4233 Joannis
1110 4167 1188 4248 Hus,
1212 4168 1327 4233 dudum

143 4269 184 4335 ad
205 4268 311 4348 ignem
334 4267 481 4348 damnati,
504 4269 606 4333 virum
627 4269 713 4333 illum
735 4271 861 4348 bonurn,
880 4270 1001 4351 justum
1024 4273 1056 4332 et
1078 4276 1221 4333 sanctum
1242 4270 1329 4351 apel-

142 4370 214 4436 lans
236 4374 270 4432 et
290 4368 345 4432 illa
365 4374 466 4433 morte
489 4369 664 4450 indignum3
689 4387 723 4434 sc
744 4388 868 4451 quoque
891 4376 1034 4451 paratum
1057 4369 1189 4449 quodvis
1211 4370 1330 4452 suppli·

143 4471 229 4535 cium
258 4469 365 4533 subire
391 4468 466 4533 forti
499 4471 602 4535 animo
636 4477 730 4550 atque
765 4471 933 4548 constanti,
966 4487 1062 4549 seque
1096 4469 1231 4533 inimicis
1265 4469 1330 4533 suis

143 4571 259 4637 cedere
282 4574 314 4634 et
336 4568 472 4634 testibus
493 4569 555 4632 illis
578 4574 641 4633 tam
663 4567 865 4650 impudenter
893 4568 1126 4640 mentientibus,
1149 4570 1201 4651 qui
1225 4576 1328 4634 tamen

142 4669 322 4752 aequando.
335 4685 440 4734 coram
455 4669 524 4746 deo,
546 4687 637 4750 quern
653 4668 763 4735 fallere
778 4687 841 4734 non
856 4669 1029 4751 potuerint,
1052 4677 1159 4735 essent
1173 4671 1328 4736 rationem

1134 4786 1183 4839 40*
