<?xml version="1.0" encoding="UTF-8"?>
<!DOCTYPE html PUBLIC "-//W3C//DTD XHTML 1.0 Transitional//EN"
    "http://www.w3.org/TR/xhtml1/DTD/xhtml1-transitional.dtd">
<html xmlns="http://www.w3.org/1999/xhtml" xml:lang="en" lang="en">
 <head>
  <title>
</title>
<meta http-equiv="Content-Type" content="text/html;charset=utf-8" />
  <meta name='ocr-system' content='tesseract 3.04.00' />
  <meta name='ocr-capabilities' content='ocr_page ocr_carea ocr_par ocr_line ocrx_word'/>
</head>
<body>
  <div class='ocr_page' id='page_1' title='image "./documentamagjoa00palagoog_0718.png"; bbox 0 0 2992 5258; ppageno 0'>
   <div class='ocr_carea' id='block_1_1' title="bbox 149 406 1097 484">
    <p class='ocr_par' dir='ltr' id='par_1_1' title="bbox 149 406 1097 484">
     <span class='ocr_line' id='line_1_1' title="bbox 149 406 1097 484; baseline -0.007 -13"><span class='ocrx_word' id='word_1_1' title='bbox 149 416 212 484; x_wconf 75' lang='grc'>692</span> <span class='ocrx_word' id='word_1_2' title='bbox 393 409 600 471; x_wconf 79' lang='lat' dir='ltr'>Controversiae</span> <span class='ocrx_word' id='word_1_3' title='bbox 617 406 651 468; x_wconf 88' lang='lat' dir='ltr'>de</span> <span class='ocrx_word' id='word_1_4' title='bbox 668 408 800 479; x_wconf 75' lang='lat' dir='ltr'>religione</span> <span class='ocrx_word' id='word_1_5' title='bbox 816 409 845 466; x_wconf 86' lang='lat' dir='ltr'>in</span> <span class='ocrx_word' id='word_1_6' title='bbox 861 407 1005 466; x_wconf 80' lang='lat' dir='ltr'>Bobenia:</span> <span class='ocrx_word' id='word_1_7' title='bbox 1024 408 1097 464; x_wconf 74' lang='lat' dir='ltr'>lala</span> 
     </span>
    </p>
   </div>
   <div class='ocr_carea' id='block_1_2' title="bbox 149 621 615 2404">
    <p class='ocr_par' dir='ltr' id='par_1_2' title="bbox 149 621 535 794">
     <span class='ocr_line' id='line_1_2' title="bbox 149 621 535 695; baseline -0.005 -16"><span class='ocrx_word' id='word_1_8' title='bbox 149 621 214 695; x_wconf 76' lang='lat' dir='ltr'>regi</span> <span class='ocrx_word' id='word_1_9' title='bbox 236 634 325 692; x_wconf 80' lang='lat' dir='ltr'><strong>saepe</strong></span> <span class='ocrx_word' id='word_1_10' title='bbox 346 623 378 679; x_wconf 88' lang='lat' dir='ltr'>et</span> <span class='ocrx_word' id='word_1_11' title='bbox 397 623 535 678; x_wconf 75' lang='lat' dir='ltr'><strong>notanter</strong></span> 
     </span>
     <span class='ocr_line' id='line_1_3' title="bbox 151 719 510 794; baseline -0.008 -13"><span class='ocrx_word' id='word_1_12' title='bbox 151 720 324 794; x_wconf 86' lang='lat' dir='ltr'>exponendo</span> <span class='ocrx_word' id='word_1_13' title='bbox 346 719 510 793; x_wconf 76' lang='lat' dir='ltr'><strong>vigilanter,</strong></span> 
     </span>
    </p>

    <p class='ocr_par' dir='ltr' id='par_1_3' title="bbox 150 818 487 881">
     <span class='ocr_line' id='line_1_4' title="bbox 150 818 487 881; baseline -0.009 0"><span class='ocrx_word' id='word_1_14' title='bbox 150 827 183 881; x_wconf 91' lang='lat' dir='ltr'>ut</span> <span class='ocrx_word' id='word_1_15' title='bbox 202 837 317 881; x_wconf 89' lang='lat' dir='ltr'>manum</span> <span class='ocrx_word' id='word_1_16' title='bbox 338 820 377 881; x_wconf 89' lang='lat' dir='ltr'>ad</span> <span class='ocrx_word' id='word_1_17' title='bbox 398 818 487 879; x_wconf 82' lang='lat' dir='ltr'>fortia</span> 
     </span>
    </p>

    <p class='ocr_par' dir='ltr' id='par_1_4' title="bbox 151 921 613 1197">
     <span class='ocr_line' id='line_1_5' title="bbox 151 921 613 995; baseline -0.006 -14"><span class='ocrx_word' id='word_1_18' title='bbox 151 927 249 994; x_wconf 83' lang='lat' dir='ltr'>ponat,</span> <span class='ocrx_word' id='word_1_19' title='bbox 270 935 393 994; x_wconf 80' lang='lat' dir='ltr'>regnum</span> <span class='ocrx_word' id='word_1_20' title='bbox 414 921 613 995; x_wconf 76' lang='lat' dir='ltr'>gubernando,</span> 
     </span>
     <span class='ocr_line' id='line_1_6' title="bbox 151 1021 588 1098; baseline -0.007 -16"><span class='ocrx_word' id='word_1_21' title='bbox 151 1036 224 1097; x_wconf 88' lang='lat' dir='ltr'>pace</span> <span class='ocrx_word' id='word_1_22' title='bbox 246 1021 356 1082; x_wconf 85' lang='lat' dir='ltr'>clerum</span> <span class='ocrx_word' id='word_1_23' title='bbox 377 1021 588 1098; x_wconf 87' lang='lat' dir='ltr'>componendo,</span> 
     </span>
     <span class='ocr_line' id='line_1_7' title="bbox 151 1121 403 1197; baseline -0.008 -15"><span class='ocrx_word' id='word_1_24' title='bbox 151 1122 250 1197; x_wconf 79' lang='lat' dir='ltr'>fugata</span> <span class='ocrx_word' id='word_1_25' title='bbox 271 1121 403 1196; x_wconf 59' lang='lat' dir='ltr'>pigritia</span> 
     </span>
    </p>

    <p class='ocr_par' dir='ltr' id='par_1_5' title="bbox 150 1223 604 1485">
     <span class='ocr_line' id='line_1_8' title="bbox 151 1223 506 1298; baseline -0.008 -14"><span class='ocrx_word' id='word_1_26' title='bbox 151 1223 261 1285; x_wconf 87' lang='lat' dir='ltr'>utilitas</span> <span class='ocrx_word' id='word_1_27' title='bbox 285 1223 370 1298; x_wconf 79' lang='lat' dir='ltr'>regni</span> <span class='ocrx_word' id='word_1_28' title='bbox 390 1223 506 1296; x_wconf 85' lang='lat' dir='ltr'>pendet,</span> 
     </span>
     <span class='ocr_line' id='line_1_9' title="bbox 150 1322 604 1397; baseline -0.004 -13"><span class='ocrx_word' id='word_1_29' title='bbox 150 1324 247 1385; x_wconf 91' lang='lat' dir='ltr'>honor</span> <span class='ocrx_word' id='word_1_30' title='bbox 268 1323 357 1397; x_wconf 77' lang='lat' dir='ltr'>regia,</span> <span class='ocrx_word' id='word_1_31' title='bbox 380 1328 411 1383; x_wconf 91' lang='lat' dir='ltr'>et</span> <span class='ocrx_word' id='word_1_32' title='bbox 430 1322 604 1396; x_wconf 78' lang='lat' dir='ltr'>resplendet</span> 
     </span>
     <span class='ocr_line' id='line_1_10' title="bbox 150 1423 442 1485; baseline 0 -1"><span class='ocrx_word' id='word_1_33' title='bbox 150 1425 180 1484; x_wconf 88' lang='lat' dir='ltr'>in</span> <span class='ocrx_word' id='word_1_34' title='bbox 201 1430 252 1485; x_wconf 80' lang='lat' dir='ltr'>taio</span> <span class='ocrx_word' id='word_1_35' title='bbox 274 1423 442 1484; x_wconf 83' lang='lat' dir='ltr'>suasimine</span> 
     </span>
    </p>

    <p class='ocr_par' dir='ltr' id='par_1_6' title="bbox 150 1523 560 1801">
     <span class='ocr_line' id='line_1_11' title="bbox 151 1523 530 1597; baseline -0.003 -13"><span class='ocrx_word' id='word_1_36' title='bbox 151 1524 233 1584; x_wconf 86' lang='lat' dir='ltr'><strong>Nulli</strong></span> <span class='ocrx_word' id='word_1_37' title='bbox 254 1523 345 1585; x_wconf 83' lang='lat' dir='ltr'>iacias</span> <span class='ocrx_word' id='word_1_38' title='bbox 366 1534 530 1597; x_wconf 79' lang='lat' dir='ltr'>perperam,</span> 
     </span>
     <span class='ocr_line' id='line_1_12' title="bbox 150 1623 560 1699; baseline 0 -16"><span class='ocrx_word' id='word_1_39' title='bbox 150 1623 256 1686; x_wconf 81' lang='lat' dir='ltr'>fortem</span> <span class='ocrx_word' id='word_1_40' title='bbox 276 1640 409 1699; x_wconf 88' lang='lat' dir='ltr'>apponas</span> <span class='ocrx_word' id='word_1_41' title='bbox 431 1641 560 1699; x_wconf 89' lang='lat' dir='ltr'>operam,</span> 
     </span>
     <span class='ocr_line' id='line_1_13' title="bbox 150 1725 472 1801; baseline 0 -16"><span class='ocrx_word' id='word_1_42' title='bbox 150 1732 184 1785; x_wconf 88' lang='lat' dir='ltr'>ut</span> <span class='ocrx_word' id='word_1_43' title='bbox 204 1742 298 1801; x_wconf 85' lang='lat' dir='ltr'>aequo</span> <span class='ocrx_word' id='word_1_44' title='bbox 318 1725 472 1786; x_wconf 89' lang='lat' dir='ltr'>libramine</span> 
     </span>
    </p>

    <p class='ocr_par' dir='ltr' id='par_1_7' title="bbox 150 1826 615 2404">
     <span class='ocr_line' id='line_1_14' title="bbox 151 1826 518 1902; baseline -0.005 -14"><span class='ocrx_word' id='word_1_45' title='bbox 151 1826 195 1888; x_wconf 90' lang='lat' dir='ltr'>sic</span> <span class='ocrx_word' id='word_1_46' title='bbox 216 1828 347 1902; x_wconf 77' lang='lat' dir='ltr'>singulos</span> <span class='ocrx_word' id='word_1_47' title='bbox 368 1826 518 1898; x_wconf 88' lang='lat' dir='ltr'>inspicias,</span> 
     </span>
     <span class='ocr_line' id='line_1_15' title="bbox 150 1925 576 2002; baseline -0.012 -13"><span class='ocrx_word' id='word_1_48' title='bbox 150 1934 287 2002; x_wconf 88' lang='lat' dir='ltr'>tuumque</span> <span class='ocrx_word' id='word_1_49' title='bbox 308 1925 444 1987; x_wconf 78' lang='lat' dir='ltr'>allectum</span> <span class='ocrx_word' id='word_1_50' title='bbox 465 1926 576 2000; x_wconf 81' lang='lat' dir='ltr'>dirigas</span> 
     </span>
     <span class='ocr_line' id='line_1_16' title="bbox 150 2027 557 2102; baseline -0.005 -15"><span class='ocrx_word' id='word_1_51' title='bbox 150 2044 209 2088; x_wconf 93' lang='lat' dir='ltr'>non</span> <span class='ocrx_word' id='word_1_52' title='bbox 232 2027 274 2087; x_wconf 83' lang='lat' dir='ltr'>ad-</span> <span class='ocrx_word' id='word_1_53' title='bbox 293 2027 443 2102; x_wconf 89' lang='lat' dir='ltr'>proprium</span> <span class='ocrx_word' id='word_1_54' title='bbox 464 2043 557 2087; x_wconf 88' lang='lat' dir='ltr'>nsum.</span> 
     </span>
     <span class='ocr_line' id='line_1_17' title="bbox 150 2127 615 2189; baseline -0.004 -1"><span class='ocrx_word' id='word_1_55' title='bbox 150 2127 230 2188; x_wconf 89' lang='lat' dir='ltr'>Proh</span> <span class='ocrx_word' id='word_1_56' title='bbox 251 2143 311 2187; x_wconf 92' lang='lat' dir='ltr'>non</span> <span class='ocrx_word' id='word_1_57' title='bbox 332 2128 460 2189; x_wconf 83' lang='lat' dir='ltr'>advertis</span> <span class='ocrx_word' id='word_1_58' title='bbox 483 2128 615 2188; x_wconf 87' lang='lat' dir='ltr'>ordinem</span> 
     </span>
     <span class='ocr_line' id='line_1_18' title="bbox 151 2225 453 2300; baseline 0.01 -14"><span class='ocrx_word' id='word_1_59' title='bbox 151 2225 332 2300; x_wconf 89' lang='lat' dir='ltr'>reipublicae</span> <span class='ocrx_word' id='word_1_60' title='bbox 353 2229 453 2288; x_wconf 90' lang='lat' dir='ltr'>utilem</span> 
     </span>
     <span class='ocr_line' id='line_1_19' title="bbox 150 2329 534 2404; baseline 0.005 -17"><span class='ocrx_word' id='word_1_61' title='bbox 150 2329 297 2388; x_wconf 88' lang='lat' dir='ltr'>insuetum</span> <span class='ocrx_word' id='word_1_62' title='bbox 318 2344 374 2401; x_wconf 90' lang='lat' dir='ltr'>per</span> <span class='ocrx_word' id='word_1_63' title='bbox 397 2329 534 2404; x_wconf 88' lang='lat' dir='ltr'>abusum;</span> 
     </span>
    </p>
   </div>
   <div class='ocr_carea' id='block_1_3' title="bbox 64 2428 557 2505">
    <p class='ocr_par' dir='ltr' id='par_1_8' title="bbox 64 2428 557 2505">
     <span class='ocr_line' id='line_1_20' title="bbox 64 2428 557 2505; baseline 0.002 -17"><span class='ocrx_word' id='word_1_64' title='bbox 64 2444 69 2453; x_wconf 93' lang='lat'>·</span> <span class='ocrx_word' id='word_1_65' title='bbox 151 2433 182 2489; x_wconf 89' lang='lat' dir='ltr'>tu</span> <span class='ocrx_word' id='word_1_66' title='bbox 204 2444 270 2487; x_wconf 90' lang='lat' dir='ltr'>uam</span> <span class='ocrx_word' id='word_1_67' title='bbox 288 2428 424 2491; x_wconf 79' lang='lat' dir='ltr'>insontes</span> <span class='ocrx_word' id='word_1_68' title='bbox 446 2430 557 2505; x_wconf 84' lang='lat' dir='ltr'>spolias</span> 
     </span>
    </p>
   </div>
   <div class='ocr_carea' id='block_1_4' title="bbox 148 2529 691 4707">
    <p class='ocr_par' dir='ltr' id='par_1_9' title="bbox 153 2529 515 2602">
     <span class='ocr_line' id='line_1_21' title="bbox 153 2529 515 2602; baseline 0.006 -12"><span class='ocrx_word' id='word_1_69' title='bbox 153 2534 281 2590; x_wconf 76' lang='lat' dir='ltr'>amatus</span> <span class='ocrx_word' id='word_1_70' title='bbox 304 2530 380 2591; x_wconf 89' lang='lat' dir='ltr'>sicut</span> <span class='ocrx_word' id='word_1_71' title='bbox 405 2529 515 2602; x_wconf 77' lang='lat' dir='ltr'>(dolius,</span> 
     </span>
    </p>

    <p class='ocr_par' dir='ltr' id='par_1_10' title="bbox 153 2630 491 2703">
     <span class='ocr_line' id='line_1_22' title="bbox 153 2630 491 2703; baseline 0.009 -15"><span class='ocrx_word' id='word_1_72' title='bbox 153 2645 212 2688; x_wconf 93' lang='lat' dir='ltr'>non</span> <span class='ocrx_word' id='word_1_73' title='bbox 233 2630 355 2703; x_wconf 87' lang='lat' dir='ltr'>propria</span> <span class='ocrx_word' id='word_1_74' title='bbox 375 2631 491 2702; x_wconf 85' lang='lat' dir='ltr'>virtute,</span> 
     </span>
    </p>

    <p class='ocr_par' dir='ltr' id='par_1_11' title="bbox 153 2729 460 2804">
     <span class='ocr_line' id='line_1_23' title="bbox 153 2729 460 2804; baseline 0 -14"><span class='ocrx_word' id='word_1_75' title='bbox 153 2729 205 2790; x_wconf 86' lang='lat' dir='ltr'>sed</span> <span class='ocrx_word' id='word_1_76' title='bbox 227 2731 360 2803; x_wconf 88' lang='lat' dir='ltr'>potentio</span> <span class='ocrx_word' id='word_1_77' title='bbox 379 2731 460 2804; x_wconf 79' lang='lat' dir='ltr'>regia</span> 
     </span>
    </p>

    <p class='ocr_par' dir='ltr' id='par_1_12' title="bbox 150 2831 691 3307">
     <span class='ocr_line' id='line_1_24' title="bbox 151 2831 611 2907; baseline 0 -17"><span class='ocrx_word' id='word_1_78' title='bbox 151 2831 260 2904; x_wconf 85' lang='lat' dir='ltr'>premis</span> <span class='ocrx_word' id='word_1_79' title='bbox 282 2846 351 2891; x_wconf 83' lang='lat' dir='ltr'>oves</span> <span class='ocrx_word' id='word_1_80' title='bbox 375 2831 484 2892; x_wconf 81' lang='lat' dir='ltr'>Christi</span> <span class='ocrx_word' id='word_1_81' title='bbox 505 2831 611 2907; x_wconf 75' lang='lat' dir='ltr'>gregis,</span> 
     </span>
     <span class='ocr_line' id='line_1_25' title="bbox 152 2931 536 3003; baseline 0.003 -11"><span class='ocrx_word' id='word_1_82' title='bbox 152 2931 328 3003; x_wconf 77' lang='lat' dir='ltr'>cadea&#39;non</span> <span class='ocrx_word' id='word_1_83' title='bbox 351 2931 444 2992; x_wconf 68' lang='lat' dir='ltr'>abbis</span> <span class='ocrx_word' id='word_1_84' title='bbox 465 2937 536 2995; x_wconf 89' lang='lat' dir='ltr'>tute.</span> 
     </span>
     <span class='ocr_line' id='line_1_26' title="bbox 151 3014 646 3107; baseline 0.002 -17"><span class='ocrx_word' id='word_1_85' title='bbox 151 3014 253 3107; x_wconf 65' lang='lat' dir='ltr'>Raso,</span> <span class='ocrx_word' id='word_1_86' title='bbox 275 3031 393 3104; x_wconf 67' lang='lat' dir='ltr'>Kepha</span> <span class='ocrx_word' id='word_1_87' title='bbox 413 3034 505 3107; x_wconf 80' lang='lat' dir='ltr'>junge</span> <span class='ocrx_word' id='word_1_88' title='bbox 526 3029 646 3103; x_wconf 64' lang='lat' dir='ltr'>&amp;moilla</span> 
     </span>
     <span class='ocr_line' id='line_1_27' title="bbox 152 3130 691 3212; baseline -0.002 -22"><span class='ocrx_word' id='word_1_89' title='bbox 152 3130 246 3192; x_wconf 69' lang='lat' dir='ltr'>sudio</span> <span class='ocrx_word' id='word_1_90' title='bbox 268 3138 300 3193; x_wconf 87' lang='lat' dir='ltr'>et</span> <span class='ocrx_word' id='word_1_91' title='bbox 318 3133 391 3204; x_wconf 71' lang='lat' dir='ltr'>aaa,</span> <span class='ocrx_word' id='word_1_92' title='bbox 412 3133 525 3212; x_wconf 73' lang='lat' dir='ltr'>Huilso,</span> <span class='ocrx_word' id='word_1_93' title='bbox 546 3133 691 3193; x_wconf 78' lang='lat' dir='ltr'>Zmrclile:</span> 
     </span>
     <span class='ocr_line' id='line_1_28' title="bbox 150 3233 505 3307; baseline 0 -15"><span class='ocrx_word' id='word_1_94' title='bbox 150 3233 229 3292; x_wconf 89' lang='lat' dir='ltr'>istud</span> <span class='ocrx_word' id='word_1_95' title='bbox 250 3234 329 3307; x_wconf 78' lang='lat' dir='ltr'>regis</span> <span class='ocrx_word' id='word_1_96' title='bbox 351 3233 505 3295; x_wconf 88' lang='lat' dir='ltr'>consilium</span> 
     </span>
    </p>

    <p class='ocr_par' dir='ltr' id='par_1_13' title="bbox 149 3331 649 3707">
     <span class='ocr_line' id='line_1_29' title="bbox 152 3331 565 3404; baseline 0 -11"><span class='ocrx_word' id='word_1_97' title='bbox 152 3339 220 3393; x_wconf 88' lang='lat' dir='ltr'>eunt</span> <span class='ocrx_word' id='word_1_98' title='bbox 239 3333 327 3393; x_wconf 89' lang='lat' dir='ltr'>modo</span> <span class='ocrx_word' id='word_1_99' title='bbox 350 3333 434 3393; x_wconf 88' lang='lat' dir='ltr'>bonis</span> <span class='ocrx_word' id='word_1_100' title='bbox 455 3331 565 3404; x_wconf 83' lang='lat' dir='ltr'>infesti,</span> 
     </span>
     <span class='ocr_line' id='line_1_30' title="bbox 149 3433 549 3507; baseline 0.005 -15"><span class='ocrx_word' id='word_1_101' title='bbox 149 3441 218 3507; x_wconf 89' lang='lat' dir='ltr'>post</span> <span class='ocrx_word' id='word_1_102' title='bbox 238 3438 326 3493; x_wconf 89' lang='lat' dir='ltr'>erunt</span> <span class='ocrx_word' id='word_1_103' title='bbox 346 3433 402 3492; x_wconf 89' lang='lat' dir='ltr'>deo</span> <span class='ocrx_word' id='word_1_104' title='bbox 424 3433 549 3507; x_wconf 90' lang='lat' dir='ltr'>molesti,</span> 
     </span>
     <span class='ocr_line' id='line_1_31' title="bbox 149 3533 649 3608; baseline 0 -15"><span class='ocrx_word' id='word_1_105' title='bbox 149 3533 372 3608; x_wconf 84' lang='lat' dir='ltr'>propterquod</span> <span class='ocrx_word' id='word_1_106' title='bbox 397 3534 500 3593; x_wconf 89' lang='lat' dir='ltr'>turbor</span> <span class='ocrx_word' id='word_1_107' title='bbox 521 3535 649 3594; x_wconf 91' lang='lat' dir='ltr'>nimium.</span> 
     </span>
     <span class='ocr_line' id='line_1_32' title="bbox 149 3633 540 3707; baseline 0.005 -14"><span class='ocrx_word' id='word_1_108' title='bbox 149 3633 216 3693; x_wconf 88' lang='lat' dir='ltr'>Non</span> <span class='ocrx_word' id='word_1_109' title='bbox 238 3639 343 3707; x_wconf 90' lang='lat' dir='ltr'>reputo</span> <span class='ocrx_word' id='word_1_110' title='bbox 364 3633 540 3695; x_wconf 76' lang='lat' dir='ltr'>laudabilem</span> 
     </span>
    </p>

    <p class='ocr_par' dir='ltr' id='par_1_14' title="bbox 148 3724 644 4210">
     <span class='ocr_line' id='line_1_33' title="bbox 149 3724 644 3809; baseline 0.002 -15"><span class='ocrx_word' id='word_1_111' title='bbox 149 3735 228 3809; x_wconf 81' lang='lat' dir='ltr'>regia</span> <span class='ocrx_word' id='word_1_112' title='bbox 251 3735 375 3795; x_wconf 88' lang='lat' dir='ltr'>oonsilio</span> <span class='ocrx_word' id='word_1_113' title='bbox 397 3734 524 3795; x_wconf 90' lang='lat' dir='ltr'>habilem</span> <span class='ocrx_word' id='word_1_114' title='bbox 641 3724 644 3729; x_wconf 62' lang='grc'>’</span> 
     </span>
     <span class='ocr_line' id='line_1_34' title="bbox 148 3826 614 3908; baseline 0.004 -15"><span class='ocrx_word' id='word_1_115' title='bbox 148 3833 223 3895; x_wconf 88' lang='lat' dir='ltr'>hune</span> <span class='ocrx_word' id='word_1_116' title='bbox 244 3834 449 3908; x_wconf 85' lang='lat' dir='ltr'>consiliarium,</span> <span class='ocrx_word' id='word_1_117' title='bbox 612 3826 614 3831; x_wconf 66' lang='grc'>’</span> 
     </span>
     <span class='ocr_line' id='line_1_35' title="bbox 151 3935 583 4011; baseline 0.012 -18"><span class='ocrx_word' id='word_1_118' title='bbox 151 3935 200 4011; x_wconf 91' lang='lat' dir='ltr'>qni</span> <span class='ocrx_word' id='word_1_119' title='bbox 221 3935 348 3994; x_wconf 87' lang='lat' dir='ltr'>maculat</span> <span class='ocrx_word' id='word_1_120' title='bbox 367 3951 473 3995; x_wconf 91' lang='lat' dir='ltr'>nomen</span> <span class='ocrx_word' id='word_1_121' title='bbox 494 3939 583 4011; x_wconf 79' lang='lat' dir='ltr'>regia,</span> 
     </span>
     <span class='ocr_line' id='line_1_36' title="bbox 151 4035 638 4114; baseline 0.006 -18"><span class='ocrx_word' id='word_1_122' title='bbox 151 4035 205 4096; x_wconf 90' lang='lat' dir='ltr'>snb</span> <span class='ocrx_word' id='word_1_123' title='bbox 226 4042 380 4110; x_wconf 85' lang='lat' dir='ltr'>praetextu</span> <span class='ocrx_word' id='word_1_124' title='bbox 401 4035 542 4110; x_wconf 80' lang='lat' dir='ltr'>profanae</span> <span class='ocrx_word' id='word_1_125' title='bbox 563 4039 638 4114; x_wconf 76' lang='lat' dir='ltr'>legia</span> 
     </span>
     <span class='ocr_line' id='line_1_37' title="bbox 151 4136 474 4210; baseline 0.015 -14"><span class='ocrx_word' id='word_1_126' title='bbox 151 4136 297 4210; x_wconf 88' lang='lat' dir='ltr'>quaeritat</span> <span class='ocrx_word' id='word_1_127' title='bbox 317 4136 474 4202; x_wconf 88' lang='lat' dir='ltr'>denarium.</span> 
     </span>
    </p>

    <p class='ocr_par' dir='ltr' id='par_1_15' title="bbox 149 4236 571 4707">
     <span class='ocr_line' id='line_1_38' title="bbox 149 4236 553 4312; baseline 0.01 -16"><span class='ocrx_word' id='word_1_128' title='bbox 149 4236 279 4311; x_wconf 85' lang='lat' dir='ltr'>Injuatus</span> <span class='ocrx_word' id='word_1_129' title='bbox 300 4237 433 4298; x_wconf 84' lang='lat' dir='ltr'>minister</span> <span class='ocrx_word' id='word_1_130' title='bbox 454 4239 553 4312; x_wconf 87' lang='lat' dir='ltr'>culpat</span> 
     </span>
     <span class='ocr_line' id='line_1_39' title="bbox 151 4339 570 4413; baseline 0.012 -17"><span class='ocrx_word' id='word_1_131' title='bbox 151 4353 259 4412; x_wconf 80' lang='lat' dir='ltr'>regem,</span> <span class='ocrx_word' id='word_1_132' title='bbox 281 4339 348 4398; x_wconf 90' lang='lat' dir='ltr'>dnm</span> <span class='ocrx_word' id='word_1_133' title='bbox 370 4339 428 4398; x_wconf 87' lang='lat' dir='ltr'>sibi</span> <span class='ocrx_word' id='word_1_134' title='bbox 447 4348 570 4413; x_wconf 86' lang='lat' dir='ltr'>usurpat</span> 
     </span>
     <span class='ocr_line' id='line_1_40' title="bbox 151 4440 571 4518; baseline 0.005 -19"><span class='ocrx_word' id='word_1_135' title='bbox 151 4455 209 4518; x_wconf 81' lang='lat' dir='ltr'>res,</span> <span class='ocrx_word' id='word_1_136' title='bbox 232 4456 303 4513; x_wconf 92' lang='lat' dir='ltr'>quas</span> <span class='ocrx_word' id='word_1_137' title='bbox 324 4441 389 4512; x_wconf 91' lang='lat' dir='ltr'>ipse</span> <span class='ocrx_word' id='word_1_138' title='bbox 411 4440 571 4503; x_wconf 85' lang='lat' dir='ltr'>crudeliter</span> 
     </span>
     <span class='ocr_line' id='line_1_41' title="bbox 152 4540 559 4615; baseline 0.007 -17"><span class='ocrx_word' id='word_1_139' title='bbox 152 4544 307 4613; x_wconf 86' lang='lat' dir='ltr'>extorquet</span> <span class='ocrx_word' id='word_1_140' title='bbox 327 4540 396 4600; x_wconf 86' lang='lat' dir='ltr'>dare</span> <span class='ocrx_word' id='word_1_141' title='bbox 417 4541 448 4600; x_wconf 89' lang='lat' dir='ltr'>in</span> <span class='ocrx_word' id='word_1_142' title='bbox 470 4541 559 4615; x_wconf 86' lang='lat' dir='ltr'>clero,</span> 
     </span>
     <span class='ocr_line' id='line_1_42' title="bbox 152 4637 506 4707; baseline 0.006 -8"><span class='ocrx_word' id='word_1_143' title='bbox 152 4637 239 4700; x_wconf 90' lang='lat' dir='ltr'>doleo</span> <span class='ocrx_word' id='word_1_144' title='bbox 262 4640 351 4701; x_wconf 88' lang='lat' dir='ltr'>corde</span> <span class='ocrx_word' id='word_1_145' title='bbox 375 4641 506 4707; x_wconf 81' lang='lat' dir='ltr'>sincero:</span> 
     </span>
    </p>
   </div>
   <div class='ocr_carea' id='block_1_5' title="bbox 696 613 1150 676">
    <p class='ocr_par' dir='ltr' id='par_1_16' title="bbox 696 613 1150 676">
     <span class='ocr_line' id='line_1_43' title="bbox 696 613 1150 676; baseline -0.002 -1"><span class='ocrx_word' id='word_1_146' title='bbox 696 633 710 642; x_wconf 82' lang='grc'>’·</span> <span class='ocrx_word' id='word_1_147' title='bbox 735 616 738 621; x_wconf 78' lang='grc'><em>’</em></span> <span class='ocrx_word' id='word_1_148' title='bbox 772 614 859 676; x_wconf 88' lang='lat' dir='ltr'>nimia</span> <span class='ocrx_word' id='word_1_149' title='bbox 887 613 1084 676; x_wconf 85' lang='lat' dir='ltr'>inhumaniter</span> <span class='ocrx_word' id='word_1_150' title='bbox 1145 615 1150 623; x_wconf 88' lang='lat'>&#39;</span> 
     </span>
    </p>
   </div>
   <div class='ocr_carea' id='block_1_6' title="bbox 771 714 1233 1290">
    <p class='ocr_par' dir='ltr' id='par_1_17' title="bbox 771 714 1233 890">
     <span class='ocr_line' id='line_1_44' title="bbox 771 714 1233 792; baseline -0.006 -16"><span class='ocrx_word' id='word_1_151' title='bbox 771 715 887 777; x_wconf 85' lang='lat' dir='ltr'>irruant</span> <span class='ocrx_word' id='word_1_152' title='bbox 908 722 939 776; x_wconf 89' lang='lat' dir='ltr'>et</span> <span class='ocrx_word' id='word_1_153' title='bbox 958 714 1097 791; x_wconf 74' lang='lat' dir='ltr'>hamunt</span> <span class='ocrx_word' id='word_1_154' title='bbox 1116 720 1233 792; x_wconf 84' lang='lat' dir='ltr'>postas</span> 
     </span>
     <span class='ocr_line' id='line_1_45' title="bbox 773 815 1120 890; baseline 0.003 -14"><span class='ocrx_word' id='word_1_155' title='bbox 773 821 862 890; x_wconf 87' lang='lat' dir='ltr'>utque</span> <span class='ocrx_word' id='word_1_156' title='bbox 886 816 997 890; x_wconf 93' lang='lat' dir='ltr'>publici</span> <span class='ocrx_word' id='word_1_157' title='bbox 1018 815 1120 877; x_wconf 83' lang='lat' dir='ltr'>hostes</span> 
     </span>
    </p>

    <p class='ocr_par' dir='ltr' id='par_1_18' title="bbox 771 916 1199 1290">
     <span class='ocr_line' id='line_1_46' title="bbox 772 916 1120 986; baseline 0.003 -11"><span class='ocrx_word' id='word_1_158' title='bbox 772 916 856 976; x_wconf 89' lang='lat' dir='ltr'>multi</span> <span class='ocrx_word' id='word_1_159' title='bbox 876 916 986 978; x_wconf 86' lang='lat' dir='ltr'>vadunt</span> <span class='ocrx_word' id='word_1_160' title='bbox 1006 916 1120 986; x_wconf 86' lang='lat' dir='ltr'>armati,</span> 
     </span>
     <span class='ocr_line' id='line_1_47' title="bbox 772 1015 1185 1091; baseline -0.002 -15"><span class='ocrx_word' id='word_1_161' title='bbox 772 1017 906 1091; x_wconf 89' lang='lat' dir='ltr'>quodque</span> <span class='ocrx_word' id='word_1_162' title='bbox 928 1015 983 1077; x_wconf 87' lang='lat' dir='ltr'>luit</span> <span class='ocrx_word' id='word_1_163' title='bbox 1000 1017 1185 1078; x_wconf 74' lang='lat' dir='ltr'>meerdotnm</span> 
     </span>
     <span class='ocr_line' id='line_1_48' title="bbox 771 1117 1199 1192; baseline 0 -16"><span class='ocrx_word' id='word_1_164' title='bbox 771 1117 827 1176; x_wconf 87' lang='lat' dir='ltr'>hoc</span> <span class='ocrx_word' id='word_1_165' title='bbox 848 1117 925 1192; x_wconf 90' lang='lat' dir='ltr'>perit</span> <span class='ocrx_word' id='word_1_166' title='bbox 946 1118 1073 1192; x_wconf 89' lang='lat' dir='ltr'>undique</span> <span class='ocrx_word' id='word_1_167' title='bbox 1098 1125 1199 1188; x_wconf 79' lang='lat' dir='ltr'>totum</span> 
     </span>
     <span class='ocr_line' id='line_1_49' title="bbox 772 1218 1110 1290; baseline 0 -13"><span class='ocrx_word' id='word_1_168' title='bbox 772 1234 830 1277; x_wconf 90' lang='lat' dir='ltr'>non</span> <span class='ocrx_word' id='word_1_169' title='bbox 853 1226 976 1290; x_wconf 85' lang='lat' dir='ltr'>pareunt</span> <span class='ocrx_word' id='word_1_170' title='bbox 998 1218 1110 1278; x_wconf 86' lang='lat' dir='ltr'>deitati.</span> 
     </span>
    </p>
   </div>
   <div class='ocr_carea' id='block_1_7' title="bbox 734 1318 1192 1393">
    <p class='ocr_par' dir='ltr' id='par_1_19' title="bbox 734 1318 1192 1393">
     <span class='ocr_line' id='line_1_50' title="bbox 734 1318 1192 1393; baseline -0.002 -14"><span class='ocrx_word' id='word_1_171' title='bbox 734 1383 738 1393; x_wconf 68' lang='grc'>,</span> <span class='ocrx_word' id='word_1_172' title='bbox 772 1318 933 1393; x_wconf 76' lang='lat' dir='ltr'>Pr0abyter</span> <span class='ocrx_word' id='word_1_173' title='bbox 952 1319 1039 1379; x_wconf 90' lang='lat' dir='ltr'>modo</span> <span class='ocrx_word' id='word_1_174' title='bbox 1060 1320 1092 1378; x_wconf 91' lang='lat' dir='ltr'>in</span> <span class='ocrx_word' id='word_1_175' title='bbox 1113 1334 1192 1389; x_wconf 90' lang='lat' dir='ltr'>rure,</span> 
     </span>
    </p>
   </div>
   <div class='ocr_carea' id='block_1_8' title="bbox 772 1418 1223 1996">
    <p class='ocr_par' dir='ltr' id='par_1_20' title="bbox 772 1418 1195 1581">
     <span class='ocr_line' id='line_1_51' title="bbox 773 1418 1195 1493; baseline 0.009 -16"><span class='ocrx_word' id='word_1_176' title='bbox 773 1418 822 1493; x_wconf 88' lang='lat' dir='ltr'>qui</span> <span class='ocrx_word' id='word_1_177' title='bbox 842 1419 941 1492; x_wconf 86' lang='lat' dir='ltr'>placat</span> <span class='ocrx_word' id='word_1_178' title='bbox 961 1421 1080 1481; x_wconf 88' lang='lat' dir='ltr'>numina</span> <span class='ocrx_word' id='word_1_179' title='bbox 1099 1421 1195 1489; x_wconf 85' lang='lat' dir='ltr'>thura,</span> 
     </span>
     <span class='ocr_line' id='line_1_52' title="bbox 772 1519 1053 1581; baseline 0.011 -3"><span class='ocrx_word' id='word_1_180' title='bbox 772 1519 872 1579; x_wconf 89' lang='lat' dir='ltr'>taliam</span> <span class='ocrx_word' id='word_1_181' title='bbox 894 1521 931 1580; x_wconf 87' lang='lat' dir='ltr'>ad</span> <span class='ocrx_word' id='word_1_182' title='bbox 953 1527 1053 1581; x_wconf 86' lang='lat' dir='ltr'>nutum</span> 
     </span>
    </p>

    <p class='ocr_par' dir='ltr' id='par_1_21' title="bbox 773 1617 1223 1996">
     <span class='ocr_line' id='line_1_53' title="bbox 774 1617 1170 1694; baseline 0.015 -16"><span class='ocrx_word' id='word_1_183' title='bbox 774 1621 822 1694; x_wconf 88' lang='lat' dir='ltr'>qni</span> <span class='ocrx_word' id='word_1_184' title='bbox 844 1617 996 1683; x_wconf 84' lang='lat' dir='ltr'>consuevit</span> <span class='ocrx_word' id='word_1_185' title='bbox 1015 1622 1054 1683; x_wconf 89' lang='lat' dir='ltr'>ad</span> <span class='ocrx_word' id='word_1_186' title='bbox 1075 1624 1170 1683; x_wconf 66' lang='lat' dir='ltr'>alara</span> 
     </span>
     <span class='ocr_line' id='line_1_54' title="bbox 774 1722 1181 1795; baseline 0.005 -14"><span class='ocrx_word' id='word_1_187' title='bbox 774 1722 891 1782; x_wconf 92' lang='lat' dir='ltr'>domino</span> <span class='ocrx_word' id='word_1_188' title='bbox 913 1723 1032 1784; x_wconf 85' lang='lat' dir='ltr'>misaam</span> <span class='ocrx_word' id='word_1_189' title='bbox 1054 1731 1181 1795; x_wconf 63' lang='lat' dir='ltr'>cauare,</span> 
     </span>
     <span class='ocr_line' id='line_1_55' title="bbox 774 1823 1223 1897; baseline 0.002 -14"><span class='ocrx_word' id='word_1_190' title='bbox 774 1823 861 1883; x_wconf 80' lang='lat' dir='ltr'>solvit</span> <span class='ocrx_word' id='word_1_191' title='bbox 882 1841 946 1884; x_wconf 89' lang='lat' dir='ltr'>cum</span> <span class='ocrx_word' id='word_1_192' title='bbox 967 1824 1054 1897; x_wconf 85' lang='lat' dir='ltr'>plebe</span> <span class='ocrx_word' id='word_1_193' title='bbox 1075 1825 1223 1893; x_wconf 75' lang='lat' dir='ltr'>tributum.</span> 
     </span>
     <span class='ocr_line' id='line_1_56' title="bbox 773 1924 1106 1996; baseline 0.006 -12"><span class='ocrx_word' id='word_1_194' title='bbox 773 1925 844 1985; x_wconf 91' lang='lat' dir='ltr'>licet</span> <span class='ocrx_word' id='word_1_195' title='bbox 866 1926 905 1984; x_wconf 89' lang='lat' dir='ltr'>sit</span> <span class='ocrx_word' id='word_1_196' title='bbox 925 1924 992 1986; x_wconf 88' lang='lat' dir='ltr'>hnic</span> <span class='ocrx_word' id='word_1_197' title='bbox 1012 1926 1106 1996; x_wconf 85' lang='lat' dir='ltr'>testis,</span> 
     </span>
    </p>
   </div>
   <div class='ocr_carea' id='block_1_9' title="bbox 671 2027 1213 2099">
    <p class='ocr_par' dir='ltr' id='par_1_22' title="bbox 671 2027 1213 2099">
     <span class='ocr_line' id='line_1_57' title="bbox 671 2027 1213 2099; baseline -0.002 -12"><span class='ocrx_word' id='word_1_198' title='bbox 671 2074 677 2087; x_wconf 88' lang='grc'><em>,</em></span> <span class='ocrx_word' id='word_1_199' title='bbox 773 2042 869 2086; x_wconf 85' lang='lat' dir='ltr'>rasum</span> <span class='ocrx_word' id='word_1_200' title='bbox 892 2032 986 2099; x_wconf 81' lang='lat' dir='ltr'>eaput,</span> <span class='ocrx_word' id='word_1_201' title='bbox 1008 2041 1094 2086; x_wconf 83' lang='lat' dir='ltr'>saera</span> <span class='ocrx_word' id='word_1_202' title='bbox 1112 2027 1213 2097; x_wconf 83' lang='lat' dir='ltr'>restis,</span> 
     </span>
    </p>
   </div>
   <div class='ocr_carea' id='block_1_10' title="bbox 772 2126 1338 2302">
    <p class='ocr_par' dir='ltr' id='par_1_23' title="bbox 772 2126 1338 2302">
     <span class='ocr_line' id='line_1_58' title="bbox 772 2126 1216 2197; baseline 0 -11"><span class='ocrx_word' id='word_1_203' title='bbox 772 2126 845 2186; x_wconf 86' lang='lat' dir='ltr'>haec</span> <span class='ocrx_word' id='word_1_204' title='bbox 866 2126 1010 2187; x_wconf 91' lang='lat' dir='ltr'>modicum</span> <span class='ocrx_word' id='word_1_205' title='bbox 1031 2132 1177 2197; x_wconf 88' lang='lat' dir='ltr'>curantur,</span> <span class='ocrx_word' id='word_1_206' title='bbox 1215 2153 1216 2157; x_wconf 39' lang='lat'>¹</span> 
     </span>
     <span class='ocr_line' id='line_1_59' title="bbox 773 2227 1338 2302; baseline -0.002 -16"><span class='ocrx_word' id='word_1_207' title='bbox 773 2227 825 2287; x_wconf 86' lang='lat' dir='ltr'>sed</span> <span class='ocrx_word' id='word_1_208' title='bbox 848 2229 986 2288; x_wconf 88' lang='lat' dir='ltr'>clamant:</span> <span class='ocrx_word' id='word_1_209' title='bbox 1008 2228 1134 2302; x_wconf 83' lang='lat' dir='ltr'>quinque</span> <span class='ocrx_word' id='word_1_210' title='bbox 1158 2243 1211 2286; x_wconf 86' lang='lat' dir='ltr'>sex</span> <span class='ocrx_word' id='word_1_211' title='bbox 1232 2238 1338 2285; x_wconf 82' lang='lat' dir='ltr'>marcas</span> 
     </span>
    </p>
   </div>
   <div class='ocr_carea' id='block_1_11' title="bbox 665 2324 1205 2411">
    <p class='ocr_par' dir='ltr' id='par_1_24' title="bbox 665 2324 1205 2411">
     <span class='ocr_line' id='line_1_60' title="bbox 665 2324 1205 2411; baseline 0.004 -25"><span class='ocrx_word' id='word_1_212' title='bbox 665 2348 667 2353; x_wconf 93' lang='lat'>·</span> <span class='ocrx_word' id='word_1_213' title='bbox 771 2329 881 2401; x_wconf 80' lang='lat' dir='ltr'>recipe,</span> <span class='ocrx_word' id='word_1_214' title='bbox 902 2343 960 2388; x_wconf 91' lang='lat' dir='ltr'>non</span> <span class='ocrx_word' id='word_1_215' title='bbox 984 2327 1041 2386; x_wconf 87' lang='lat' dir='ltr'>sibi</span> <span class='ocrx_word' id='word_1_216' title='bbox 1061 2340 1177 2411; x_wconf 79' lang='lat' dir='ltr'>pareas,</span> <span class='ocrx_word' id='word_1_217' title='bbox 1201 2324 1205 2331; x_wconf 88' lang='grc'><strong>’</strong></span> 
     </span>
    </p>
   </div>
   <div class='ocr_carea' id='block_1_12' title="bbox 772 2430 1329 3109">
    <p class='ocr_par' dir='ltr' id='par_1_25' title="bbox 773 2430 1114 2504">
     <span class='ocr_line' id='line_1_61' title="bbox 773 2430 1114 2504; baseline 0.003 -16"><span class='ocrx_word' id='word_1_218' title='bbox 773 2431 816 2489; x_wconf 90' lang='lat' dir='ltr'>sic</span> <span class='ocrx_word' id='word_1_219' title='bbox 837 2446 903 2489; x_wconf 88' lang='lat' dir='ltr'>nam</span> <span class='ocrx_word' id='word_1_220' title='bbox 924 2430 1114 2504; x_wconf 77' lang='lat' dir='ltr'>argonautar</span> 
     </span>
    </p>

    <p class='ocr_par' dir='ltr' id='par_1_26' title="bbox 772 2530 1187 2604">
     <span class='ocr_line' id='line_1_62' title="bbox 772 2530 1187 2604; baseline -0.005 -12"><span class='ocrx_word' id='word_1_221' title='bbox 772 2537 831 2592; x_wconf 85' lang='lat' dir='ltr'>tam</span> <span class='ocrx_word' id='word_1_222' title='bbox 862 2530 956 2592; x_wconf 78' lang='lat' dir='ltr'>dvaoi</span> <span class='ocrx_word' id='word_1_223' title='bbox 985 2531 1146 2604; x_wconf 78' lang='lat' dir='ltr'>vituperio,</span> <span class='ocrx_word' id='word_1_224' title='bbox 1184 2564 1187 2571; x_wconf 92' lang='lat'><em>·</em></span> 
     </span>
    </p>

    <p class='ocr_par' dir='ltr' id='par_1_27' title="bbox 772 2632 1104 2705">
     <span class='ocr_line' id='line_1_63' title="bbox 772 2632 1104 2705; baseline -0.006 -13"><span class='ocrx_word' id='word_1_225' title='bbox 772 2638 806 2693; x_wconf 92' lang='lat' dir='ltr'>ut</span> <span class='ocrx_word' id='word_1_226' title='bbox 825 2633 926 2694; x_wconf 87' lang='lat' dir='ltr'>auditu</span> <span class='ocrx_word' id='word_1_227' title='bbox 946 2632 1104 2705; x_wconf 88' lang='lat' dir='ltr'>comperto.</span> 
     </span>
    </p>

    <p class='ocr_par' dir='ltr' id='par_1_28' title="bbox 774 2729 1069 2802">
     <span class='ocr_line' id='line_1_64' title="bbox 774 2729 1069 2802; baseline -0.007 -9"><span class='ocrx_word' id='word_1_228' title='bbox 774 2733 798 2793; x_wconf 93' lang='lat'>0</span> <span class='ocrx_word' id='word_1_229' title='bbox 819 2733 889 2793; x_wconf 83' lang='lat' dir='ltr'>rexi</span> <span class='ocrx_word' id='word_1_230' title='bbox 910 2729 1069 2802; x_wconf 81' lang='lat' dir='ltr'>infamaris,</span> 
     </span>
    </p>

    <p class='ocr_par' dir='ltr' id='par_1_29' title="bbox 772 2831 1127 2906">
     <span class='ocr_line' id='line_1_65' title="bbox 772 2831 1127 2906; baseline -0.006 -13"><span class='ocrx_word' id='word_1_231' title='bbox 772 2834 852 2896; x_wconf 85' lang='lat' dir='ltr'>licite</span> <span class='ocrx_word' id='word_1_232' title='bbox 874 2850 993 2906; x_wconf 86' lang='lat' dir='ltr'>possum</span> <span class='ocrx_word' id='word_1_233' title='bbox 1014 2831 1127 2892; x_wconf 89' lang='lat' dir='ltr'>relerre</span> 
     </span>
    </p>

    <p class='ocr_par' dir='ltr' id='par_1_30' title="bbox 772 2934 1329 3109">
     <span class='ocr_line' id='line_1_66' title="bbox 773 2934 1329 3008; baseline 0.002 -15"><span class='ocrx_word' id='word_1_234' title='bbox 773 2951 827 3008; x_wconf 90' lang='lat' dir='ltr'>per</span> <span class='ocrx_word' id='word_1_235' title='bbox 845 2951 978 3008; x_wconf 78' lang='lat' dir='ltr'>magnum</span> <span class='ocrx_word' id='word_1_236' title='bbox 1000 2934 1126 3006; x_wconf 83' lang='lat' dir='ltr'>spatium</span> <span class='ocrx_word' id='word_1_237' title='bbox 1147 2940 1247 2994; x_wconf 85' lang='lat' dir='ltr'>terrae</span> <span class='ocrx_word' id='word_1_238' title='bbox 1326 2946 1329 2951; x_wconf 83' lang='lat'>&#39;</span> 
     </span>
     <span class='ocr_line' id='line_1_67' title="bbox 772 3033 1217 3109; baseline -0.004 -15"><span class='ocrx_word' id='word_1_239' title='bbox 772 3052 864 3109; x_wconf 87' lang='lat' dir='ltr'>usque</span> <span class='ocrx_word' id='word_1_240' title='bbox 886 3033 924 3095; x_wconf 92' lang='lat' dir='ltr'>ad</span> <span class='ocrx_word' id='word_1_241' title='bbox 945 3035 1086 3095; x_wconf 84' lang='lat' dir='ltr'>terminos</span> <span class='ocrx_word' id='word_1_242' title='bbox 1108 3034 1217 3094; x_wconf 86' lang='lat' dir='ltr'>marist</span> 
     </span>
    </p>
   </div>
   <div class='ocr_carea' id='block_1_13' title="bbox 885 3215 1232 3284">
    <p class='ocr_par' dir='ltr' id='par_1_31' title="bbox 885 3215 1232 3284">
     <span class='ocr_line' id='line_1_68' title="bbox 885 3215 1232 3284; baseline -0.006 -15"><span class='ocrx_word' id='word_1_243' title='bbox 885 3216 933 3272; x_wconf 78' lang='lat' dir='ltr'>Ad</span> <span class='ocrx_word' id='word_1_244' title='bbox 948 3217 1099 3284; x_wconf 80' lang='lat' dir='ltr'>mapiatroa</span> <span class='ocrx_word' id='word_1_245' title='bbox 1114 3215 1232 3284; x_wconf 76' lang='lat' dir='ltr'>eollepii.</span> 
     </span>
    </p>
   </div>
   <div class='ocr_carea' id='block_1_14' title="bbox 772 3335 1227 3712">
    <p class='ocr_par' dir='ltr' id='par_1_32' title="bbox 772 3335 1227 3712">
     <span class='ocr_line' id='line_1_69' title="bbox 814 3335 1219 3411; baseline -0.007 -14"><span class='ocrx_word' id='word_1_246' title='bbox 814 3338 861 3397; x_wconf 82' lang='lat' dir='ltr'>Ad</span> <span class='ocrx_word' id='word_1_247' title='bbox 883 3337 1037 3411; x_wconf 77' lang='lat' dir='ltr'>collegium</span> <span class='ocrx_word' id='word_1_248' title='bbox 1063 3335 1219 3406; x_wconf 80' lang='lat' dir='ltr'>descendo,</span> 
     </span>
     <span class='ocr_line' id='line_1_70' title="bbox 774 3436 1141 3511; baseline -0.011 -13"><span class='ocrx_word' id='word_1_249' title='bbox 774 3438 817 3498; x_wconf 89' lang='lat' dir='ltr'>sio</span> <span class='ocrx_word' id='word_1_250' title='bbox 839 3438 881 3498; x_wconf 90' lang='lat' dir='ltr'>eis</span> <span class='ocrx_word' id='word_1_251' title='bbox 903 3436 983 3511; x_wconf 84' lang='lat' dir='ltr'>loqui</span> <span class='ocrx_word' id='word_1_252' title='bbox 1004 3436 1141 3497; x_wconf 84' lang='lat' dir='ltr'>intendo:</span> 
     </span>
     <span class='ocr_line' id='line_1_71' title="bbox 773 3536 1065 3612; baseline 0 -16"><span class='ocrx_word' id='word_1_253' title='bbox 773 3536 1065 3612; x_wconf 75' lang='lat' dir='ltr'>dominioollegiatii</span> 
     </span>
     <span class='ocr_line' id='line_1_72' title="bbox 772 3636 1227 3712; baseline 0 -16"><span class='ocrx_word' id='word_1_254' title='bbox 772 3636 877 3711; x_wconf 86' lang='lat' dir='ltr'>loquor</span> <span class='ocrx_word' id='word_1_255' title='bbox 897 3638 1008 3712; x_wconf 88' lang='lat' dir='ltr'>absque</span> <span class='ocrx_word' id='word_1_256' title='bbox 1034 3652 1117 3696; x_wconf 91' lang='lat' dir='ltr'>mora</span> <span class='ocrx_word' id='word_1_257' title='bbox 1138 3637 1227 3707; x_wconf 87' lang='lat' dir='ltr'>illico,</span> 
     </span>
    </p>
   </div>
   <div class='ocr_carea' id='block_1_15' title="bbox 711 3738 1143 3813">
    <p class='ocr_par' dir='ltr' id='par_1_33' title="bbox 711 3738 1143 3813">
     <span class='ocr_line' id='line_1_73' title="bbox 711 3738 1143 3813; baseline 0.002 -16"><span class='ocrx_word' id='word_1_258' title='bbox 711 3744 713 3749; x_wconf 85' lang='grc'><strong>’</strong></span> <span class='ocrx_word' id='word_1_259' title='bbox 773 3755 824 3798; x_wconf 85' lang='lat' dir='ltr'>vos</span> <span class='ocrx_word' id='word_1_260' title='bbox 846 3739 875 3797; x_wconf 91' lang='lat' dir='ltr'>in</span> <span class='ocrx_word' id='word_1_261' title='bbox 896 3739 981 3813; x_wconf 80' lang='lat' dir='ltr'>regni</span> <span class='ocrx_word' id='word_1_262' title='bbox 1002 3738 1143 3798; x_wconf 88' lang='lat' dir='ltr'>umbilico</span> 
     </span>
    </p>
   </div>
   <div class='ocr_carea' id='block_1_16' title="bbox 770 3838 1223 4721">
    <p class='ocr_par' dir='ltr' id='par_1_34' title="bbox 773 3838 1112 3909">
     <span class='ocr_line' id='line_1_74' title="bbox 773 3838 1112 3909; baseline -0.003 -11"><span class='ocrx_word' id='word_1_263' title='bbox 773 3838 844 3898; x_wconf 88' lang='lat' dir='ltr'>estis</span> <span class='ocrx_word' id='word_1_264' title='bbox 866 3855 942 3898; x_wconf 89' lang='lat' dir='ltr'>nuno</span> <span class='ocrx_word' id='word_1_265' title='bbox 968 3838 1112 3909; x_wconf 86' lang='lat' dir='ltr'>collocati,</span> 
     </span>
    </p>

    <p class='ocr_par' dir='ltr' id='par_1_35' title="bbox 771 3940 1223 4202">
     <span class='ocr_line' id='line_1_75' title="bbox 772 3940 1198 4012; baseline 0 -13"><span class='ocrx_word' id='word_1_266' title='bbox 772 3947 804 3999; x_wconf 87' lang='lat' dir='ltr'>ut</span> <span class='ocrx_word' id='word_1_267' title='bbox 824 3940 854 3999; x_wconf 88' lang='lat' dir='ltr'>in</span> <span class='ocrx_word' id='word_1_268' title='bbox 876 3955 1001 4012; x_wconf 87' lang='lat' dir='ltr'>corpore</span> <span class='ocrx_word' id='word_1_269' title='bbox 1022 3940 1198 4012; x_wconf 84' lang='lat' dir='ltr'>stomachus,</span> 
     </span>
     <span class='ocr_line' id='line_1_76' title="bbox 772 4040 1223 4112; baseline 0 -12"><span class='ocrx_word' id='word_1_270' title='bbox 772 4041 877 4112; x_wconf 89' lang='lat' dir='ltr'>clerus,</span> <span class='ocrx_word' id='word_1_271' title='bbox 897 4040 990 4101; x_wconf 85' lang='lat' dir='ltr'>laicus</span> <span class='ocrx_word' id='word_1_272' title='bbox 1012 4046 1043 4102; x_wconf 91' lang='lat' dir='ltr'>et</span> <span class='ocrx_word' id='word_1_273' title='bbox 1063 4042 1223 4102; x_wconf 81' lang='lat' dir='ltr'>monachus</span> 
     </span>
     <span class='ocr_line' id='line_1_77' title="bbox 771 4138 1017 4202; baseline -0.004 -2"><span class='ocrx_word' id='word_1_274' title='bbox 771 4141 839 4200; x_wconf 89' lang='lat' dir='ltr'>inde</span> <span class='ocrx_word' id='word_1_275' title='bbox 861 4138 1017 4202; x_wconf 87' lang='lat' dir='ltr'>reficiatur.</span> 
     </span>
    </p>

    <p class='ocr_par' dir='ltr' id='par_1_36' title="bbox 770 4241 1160 4415">
     <span class='ocr_line' id='line_1_78' title="bbox 771 4241 1146 4313; baseline 0 -12"><span class='ocrx_word' id='word_1_276' title='bbox 771 4241 853 4301; x_wconf 77' lang='lat' dir='ltr'>iistis</span> <span class='ocrx_word' id='word_1_277' title='bbox 874 4241 1025 4301; x_wconf 86' lang='lat' dir='ltr'>colomnae</span> <span class='ocrx_word' id='word_1_278' title='bbox 1051 4257 1146 4313; x_wconf 86' lang='lat' dir='ltr'>verae,</span> 
     </span>
     <span class='ocr_line' id='line_1_79' title="bbox 770 4341 1160 4415; baseline 0.008 -15"><span class='ocrx_word' id='word_1_279' title='bbox 770 4341 886 4415; x_wconf 88' lang='lat' dir='ltr'>plebem</span> <span class='ocrx_word' id='word_1_280' title='bbox 908 4342 1024 4404; x_wconf 90' lang='lat' dir='ltr'>debetis</span> <span class='ocrx_word' id='word_1_281' title='bbox 1045 4342 1160 4415; x_wconf 85' lang='lat' dir='ltr'>docere,</span> 
     </span>
    </p>

    <p class='ocr_par' dir='ltr' id='par_1_37' title="bbox 771 4444 1188 4721">
     <span class='ocr_line' id='line_1_80' title="bbox 772 4444 1085 4518; baseline 0.01 -17"><span class='ocrx_word' id='word_1_282' title='bbox 772 4449 804 4501; x_wconf 86' lang='lat' dir='ltr'>ut</span> <span class='ocrx_word' id='word_1_283' title='bbox 824 4448 904 4502; x_wconf 84' lang='lat' dir='ltr'>reete</span> <span class='ocrx_word' id='word_1_284' title='bbox 925 4444 1085 4518; x_wconf 79' lang='lat' dir='ltr'>gradiatur.</span> 
     </span>
     <span class='ocr_line' id='line_1_81' title="bbox 771 4543 1172 4618; baseline 0.012 -16"><span class='ocrx_word' id='word_1_285' title='bbox 771 4543 901 4604; x_wconf 86' lang='lat' dir='ltr'>Karalus</span> <span class='ocrx_word' id='word_1_286' title='bbox 924 4546 967 4604; x_wconf 90' lang='lat' dir='ltr'>sio</span> <span class='ocrx_word' id='word_1_287' title='bbox 989 4545 1172 4618; x_wconf 82' lang='lat' dir='ltr'>intendebat,</span> 
     </span>
     <span class='ocr_line' id='line_1_82' title="bbox 771 4642 1188 4721; baseline 0.01 -18"><span class='ocrx_word' id='word_1_288' title='bbox 771 4643 839 4704; x_wconf 90' lang='lat' dir='ltr'>dum</span> <span class='ocrx_word' id='word_1_289' title='bbox 860 4642 986 4706; x_wconf 83' lang='lat' dir='ltr'>tundore</span> <span class='ocrx_word' id='word_1_290' title='bbox 1008 4646 1188 4721; x_wconf 81' lang='lat' dir='ltr'>disponebat</span> 
     </span>
    </p>
   </div>
   <div class='ocr_carea' id='block_1_17' title="bbox 0 0 1502 5258">
    <p class='ocr_par' dir='ltr' id='par_1_38' title="bbox 0 0 1502 5258">
     <span class='ocr_line' id='line_1_83' title="bbox 0 0 1502 5258; baseline 0 0"><span class='ocrx_word' id='word_1_291' title='bbox 0 0 1502 5258; x_wconf 95' lang='lat' dir='ltr'> </span> 
     </span>
    </p>
   </div>
  </div>
 </body>
</html>
