2992 5258
151 391 214 453 426
395 385 599 441 controversiae
617 385 653 439 de
670 387 801 454 religione
819 388 846 441 in
864 387 1009 443 Bobemia:
1028 389 1101 443 tuto.

151 588 184 652 in
214 607 313 668 regno
343 588 513 654 llolremiae
538 609 595 672 per
618 589 852 673 impositionem
875 591 1024 673 perpetui
1047 589 1168 655 silentii
1191 590 1343 672 sopiatur,

152 694 185 752 et
206 689 248 752 M.
270 689 361 754 Joan.
385 688 454 753 llus
477 690 659 772 capellanus
682 698 792 755 noster
815 688 917 765 fidelis
940 688 1073 762 devotus
1095 689 1233 754 dilectus
1254 688 1342 755 abso-

43 820 47 829 ·
152 789 236 853 lutus
267 789 464 854 scitatione
495 790 526 854 in
556 809 634 872 pace
663 789 827 873 praedicet
848 775 981 855 verbum
1002 788 1068 869 dei3
1092 795 1125 854 et
1147 789 1343 856 sanctissimo

150 891 183 955 in
216 889 344 954 Christo
377 891 459 971 patri
483 891 521 954 ll.
553 892 668 958 loanni
701 891 834 971 insinno,
869 892 953 975 qnod
986 909 1152 974 possemus
1182 898 1340 973 potestate

151 996 262 1055 nostra
289 991 371 1055 beno
399 1010 543 1056 rumores
574 999 607 1057 et
633 992 775 1058 aemulos
804 992 895 1073 regni
927 992 1030 1057 nostri
1051 1009 1265 1074 compescere,
1287 990 1340 1055 sel

151 1091 361 1170 sustinemus
399 1091 467 1155 sedi
500 1092 693 1173 apostolicae
728 1092 890 1157 humiliter
922 1091 1112 1158 deferentes.
1156 1092 1193 1158 In
1230 1092 1340 1158 ceteris

152 1190 363 1256 Mnloannes
385 1190 563 1257 Cardinalis
585 1198 671 1257 tunm
693 1191 879 1257 fidelitatem
902 1192 1026 1274 plonius
1047 1192 1242 1259 informabit
1274 1193 1339 1259 Dat.

151 1292 272 1370 Progne
294 1300 331 1356 ut
353 1308 450 1373 supra
473 1290 538 1365 (die
565 1297 595 1356 l·
614 1295 732 1356 mensis
755 1291 925 1366 Octobris).

351 1392 537 1458 Honorabili
559 1395 578 1460 J
581 1394 676 1458 oanni
690 1393 783 1474 Naso,
806 1393 929 1459 doctori
945 1394 1112 1476 utriusque
1121 1393 1216 1476 J'nris,
1237 1401 1340 1460 nosue

314 1540 318 1545 -
434 1492 581 1558 dilecto·

710 1874 770 1949 36.

143 2092 219 2179 Fr.
237 2095 428 2199 Thomas
449 2097 503 2181 de
525 2097 655 2183 Utino
683 2129 706 2183 e
731 2104 944 2185 sententia
970 2103 1277 2213 magistrorum
1300 2112 1336 2183 et

151 2230 376 2317 doctorum
415 2231 761 2339 Bononiensium,
805 2235 1107 2321 Parisiensium
1147 2249 1192 2321 et
1232 2236 1336 2321 Oxo·

149 2367 357 2448 niensium
396 2372 647 2475 pronuntiat
667 2370 877 2478 judicium
919 2371 971 2454 de
1009 2371 1130 2454 libris
1158 2367 1334 2456 Wiclefr.

151 2497 367 2605 (lustrum.
400 2504 554 2586 notarii
586 2504 761 2613 publici,
805 2518 979 2613 petente
1005 2505 1062 2589 M.
1091 2505 1265 2591 ‹Ioanne
1291 2505 1335 2588 de

493 2636 668 2723 Jesenic
694 2640 1011 2751 perscripttnn.)

561 2885 800 2950 Bononiae-1410,
819 2889 851 2941 25
870 2887 937 2941 Nou.

287 3172 347 3234 (Ee
365 3173 432 3238 erip.
452 3173 516 3225 edit.
534 3174 563 3225 in
583 3171 706 3224 Menum.
724 3173 786 3224 laist.
808 3174 949 3225 rrnioersit.
968 3173 1057 3241 Pron.
1076 3173 1120 3235 11,
1138 3172 1220 3239 428.)

250 3509 286 3571 ln
316 3507 443 3572 nomine
473 3508 589 3573 domini
613 3510 722 3573 Arnen.
767 3510 857 3574 Anno
881 3508 1057 3575 nativitatis
1080 3508 1224 3592 ejusdem
1247 3506 1334 3573 millo·

151 3607 229 3671 simo
253 3608 566 3688 qtradringontesimo
595 3608 725 3689 decimo,
758 3609 931 3676 indictione
960 3610 1065 3690 tertia,
1089 3609 1142 3675 die
1164 3628 1241 3676 vero
1262 3608 1336 3674 Mer·

151 3708 239 3788 curii,
263 3727 343 3789 quae
367 3718 437 3773 erat
459 3712 499 3773 25
522 3709 640 3774 mensis
662 3708 858 3781 Novembris,
882 3711 960 3775 hora
982 3711 1151 3775 tertiarum
1173 3711 1225 3777 vel
1246 3709 1336 3793 quasi,

151 3808 353 3891 pontificatus
395 3809 586 3874 sanctissimi
632 3810 664 3873 in
697 3809 825 3875 Christo
870 3812 970 3891 patris
1011 3818 1044 3876 et
1079 3810 1199 3877 domini
1245 3807 1336 3877 nostrl

154 3912 188 3974 D.
211 3911 343 3976 loannis
373 3910 479 3975 diviua
509 3910 710 3992 providentia
732 3928 833 3993 papae
856 3911 995 3976 vicesimi
1018 3912 1105 3976 tertii
1128 3930 1213 3977 anuo
1236 3911 1336 3994 primo.

150 4011 181 4074 in
205 4011 332 4076 civitate
355 4011 557 4089 Bononiensi,
584 4011 616 4074 in
644 4011 778 4076 eeclesia
806 4029 863 4076 sen
895 3998 1088 4078 monasterio
1109 4013 1214 4078 saneti
1236 4011 1336 4077 Domi·

152 4113 212 4177 niel
241 4114 374 4177 l'rotrnm
398 4112 666 4191 Praedicatorum,
694 4113 726 4176 in
757 4113 876 4177 ambitu
905 4112 1065 4194 superiori
1093 4120 1279 4189 conventus,
1310 4111 1337 4176 iu

151 4214 212 4278 mei
245 4211 362 4278 notarii
394 4214 511 4295 publici
544 4211 627 4278 infra
659 4214 769 4295 scripti
803 4213 996 4294 testiumque
1024 4211 1277 4296 subscriptorum
1304 4209 1337 4278 nd

152 4315 211 4379 boc
241 4315 423 4396 specialiter
453 4319 635 4379 vocatorum
658 4322 691 4378 et
713 4320 895 4395 rogatorum
918 4313 1110 4395 praesentia,
1133 4314 1337 4397 personaliter

152 4415 344 4480 constitutus
378 4414 571 4480 honorabilis
603 4422 638 4481 et
666 4413 858 4480 scientificus
888 4414 936 4478 vit
957 4413 1098 4481 Joonnes
1126 4413 1167 4481 tle
1187 4415 1336 4489 Jeseniet,

152 4516 266 4580 artium
289 4514 466 4581 liberalium
488 4516 649 4597 magister,
673 4515 868 4582 baconlarius
884 4516 916 4578 in
932 4515 1071 4581 decretis
1096 4523 1133 4583 et
1158 4515 1336 4599 collegiatus

152 4615 277 4696 collegii
310 4618 395 4697 regis
420 4616 597 4682 Wonooslai
633 4617 667 4681 in
699 4617 827 4683 civitate
850 4616 1014 4696 Pragensi,
1038 4615 1209 4693 -otlvoonus
1239 4615 1286 4707 all,
1301 4630 1335 4681 st
