2992 5258
187 131 250 200 370
440 132 643 188 Controversiae
662 130 696 187 de
714 131 843 201 religione
862 134 889 188 iu
907 133 1051 189 Bohemiae:
1074 136 1145 191 1409.

188 345 310 421 visum3
344 349 378 408 et
411 339 507 405 etiam
540 342 671 420 expost,
708 337 735 400 si
758 335 961 417 contingeret
982 355 1041 420 per
1062 338 1167 421 illum,
1190 341 1246 423 qui
1267 340 1389 409 uectae

187 443 300 523 luerit,
336 441 471 508 concilia
492 437 657 505 celebrari.
685 437 932 516 Promitteutes,
965 438 1050 519 quod
1072 438 1178 506 omnia
1199 446 1233 509 et
1254 440 1388 525 singula,

188 564 269 627 quae
300 544 335 608 in
364 540 547 624 praemissis
578 538 698 604 luerint
723 545 796 604 acta
817 556 876 620 per
897 537 1001 604 dictos
1023 538 1159 606 vicarios
1180 546 1313 609 nosnos
1332 558 1389 607 scu

189 663 298 711 eorum
314 641 497 724 quemlibet,
519 640 667 705 ucetiam
683 657 741 721 per
759 639 861 720 ipsum
889 639 1056 704 concilium
1078 638 1235 720 ordinata,
1249 656 1389 724 pronun·

187 745 282 824 tiata,
316 743 479 809 declarata
510 748 544 806 et
576 745 697 805 statuta
729 740 761 803 iu
795 739 996 821 praemissis,
1030 747 1122 822 grata
1142 746 1178 806 et
1197 747 1270 808 rats
1290 741 1390 807 veluti

187 846 346 911 Romanus
370 862 426 907 rex
449 841 634 908 habebimus
657 848 690 907 et
712 840 960 920 observabimus,
984 848 1018 907 et
1039 840 1204 908 observari
1227 859 1247 907 a
1267 841 1388 908 uostris

187 945 323 1011 subditis
358 950 548 1026 possetenns
570 942 740 1021 laciemuS,
773 940 941 1006 dummodo
964 941 1074 1007 eadem
1097 941 1259 1008 Romame
1280 942 1389 1024 regiae

186 1044 335 1128 dignitati
369 1051 497 1110 nostrae
530 1061 591 1108 non
627 1042 795 1108 videantur
828 1040 1007 1121 adversari3
1051 1049 1085 1107 et
1112 1043 1198 1124 quod
1230 1043 1321 1109 illum
1357 1044 1389 1109 iu

186 1164 342 1211 summum
364 1142 545 1227 pontificem
568 1143 774 1222 habebimus,
802 1143 992 1226 recipiemus
1014 1149 1049 1209 et
1070 1141 1318 1227 acceptabimus,
1335 1145 1387 1226 qui

185 1266 205 1311 a
232 1245 367 1311 dominis
399 1243 613 1309 cardinalibus
640 1244 805 1325 utriusque
827 1243 954 1323 collegii
977 1261 1034 1308 seu
1056 1263 1076 1309 a
1096 1241 1221 1310 duabus
1243 1245 1387 1329 ipsorum

187 1346 332 1429 partibus
355 1347 476 1411 electus
491 1344 589 1410 luerit
614 1351 647 1410 et
673 1350 823 1426 receptus
845 1352 919 1426 post
941 1345 1082 1426 ipsorum
1096 1344 1239 1435 ⁴duorum
1254 1354 1388 1413 conteu-

187 1447 330 1513 dentium
344 1452 489 1525 mortem,
512 1451 653 1510 mutuam
670 1444 941 1510 renuntiationem
964 1464 1021 1510 seu
1043 1445 1232 1527 ejectionem
1245 1447 1387 1531 ipsorum

185 1548 239 1614 vel
260 1547 392 1614 alterius
415 1564 473 1628 per
495 1545 598 1628 ipsum
625 1545 775 1626 generale
798 1545 965 1610 concilium
986 1545 1118 1626 iactam,
1149 1547 1386 1630 pronuntiatam
1474 1598 1496 1628 .

186 1666 245 1714 seu
278 1648 373 1713 etiam
407 1646 609 1712 declaratam.
643 1646 863 1710 Praesentium
900 1644 959 1711 sub
991 1646 1100 1727 regiae
1132 1654 1263 1715 nostrae
1288 1647 1385 1731 Maie-

186 1748 279 1814 statis
312 1748 416 1829 sigillo
450 1746 634 1812 testimonio
672 1746 845 1811 literamm.
880 1745 952 1810 Dat
986 1747 1118 1827 Pragae,
1151 1765 1235 1813 auno
1268 1747 1489 1841 dominiiq-

186 1846 431 1926 M⁰CCCC⁰IX⁰,
465 1846 516 1911 die
542 1847 601 1911 XV
623 1847 741 1926 Martii,
775 1863 946 1927 regnorum
975 1852 1156 1912 nostrornm
1177 1865 1263 1915 auno
1283 1847 1437 1915 Bonas
1469 1900 1480 1913 .

186 1949 267 2014 miae
289 1948 436 2029 XLVI‘0,
464 1947 676 2014 Romanorum
702 1963 778 2012 vero
802 1945 964 2011 xxxlsst

889 2064 938 2127 Ad
960 2064 1142 2131 mandatnm
1163 2064 1203 2131 D.
1224 2068 1341 2151 Regis.-

846 2164 986 2230 Jacobus
1008 2165 1179 2231 canonicus
1202 2167 1451 2249 magenmz.

285 2285 312 2349 A
334 2290 440 2364 tergo:
464 2284 500 2348 R.
524 2282 644 2365 Caspar
669 2282 709 2347 de
731 2282 884 2348 Lewbicz.

750 2471 885 2479 ‚en-——u

769 2667 802 2734 B.

284 2854 490 2920 Wenceslaus
513 2852 563 2918 dei
586 2853 690 2934 gratia
712 2853 923 2918 Romanorum
947 2872 1002 2918 rex
1027 2873 1154 2938 semper
1168 2855 1334 2936 Augustus
1358 2852 1457 2914 et

184 2957 356 3023 Bohemiae
395 2973 464 3018 rex:
502 2962 611 3019 notum
649 2953 780 3019 iacimus
814 2962 926 3020 tenore
959 2955 1176 3036 praesentium
1213 2954 1385 3023 universi
1398 2964 1457 3018 se

184 3057 269 3139 quod
291 3056 546 3122 incumbentibus
573 3055 664 3120 nobis
687 3054 814 3120 assidue
837 3055 1038 3136 negotiorum
1060 3054 1273 3122 venantibus
1287 3055 1452 3123 innu-

121 3181 129 3195 ·
183 3158 289 3235 meris,
312 3156 385 3221 dum
408 3174 465 3238 pro
488 3154 572 3220 lelici
587 3161 673 3220 statu
696 3155 742 3218 rei
768 3154 913 3236 publicae
928 3153 1140 3221 diversimode
1162 3174 1256 3222 mens
1272 3159 1446 3225 nostri

184 3257 387 3336 distrahitur,
413 3257 541 3337 dignum
564 3256 768 3320 aestimamus
789 3256 857 3321 lore
881 3264 914 3322 et
936 3257 1151 3322 necessarium
1174 3259 1439 3326 arnimammr

184 3365 219 3423 nt
251 3358 305 3439 qui
338 3365 386 3423 tot
417 3356 600 3438 regionibus
632 3356 766 3421 coelitus
796 3356 887 3422 uobis
909 3358 1084 3422 commissis
1106 3359 1242 3440 provide
1264 3362 1433 3442 guber

183 3459 296 3524 nandis
323 3457 537 3541 personaliter
559 3456 673 3521 adesse
694 3475 757 3521 non
780 3474 963 3539 possumus,
998 3458 1083 3524 vires
1104 3457 1167 3525 lide
1190 3466 1225 3526 et
1247 3463 1424 3529 circum

183 3559 347 3642 spectione
379 3558 530 3641 probatos
564 3558 596 3622 iu
630 3562 753 3639 partem
785 3564 916 3624 nostrae
948 3559 1172 3626 sollicitudinis
1195 3565 1420 3630 sumamus

182 3658 304 3741 Nempe
320 3659 395 3724 licet
410 3659 441 3723 in
458 3659 518 3723 boc
533 3658 586 3722 eliu
603 3659 801 3740 propositum
816 3664 959 3724 nostrum
975 3659 1134 3741 residerit,
1152 3668 1189 3729 ut
1202 3662 1245 3729 ad
1261 3664 1413 3731 Italia!

182 3759 316 3825 Tusciae
350 3767 383 3824 et
405 3760 483 3824 alias
517 3765 641 3841 partes,
676 3777 754 3840 quas
787 3780 825 3823 ex
857 3760 1004 3826 absentia
1028 3768 1139 3828 nostra
1160 3763 1405 3849 multiplicate

183 3860 300 3924 involvi
316 3861 543 3942 cognoscimus,
567 3867 601 3925 et
622 3861 786 3941 signanter
809 3879 866 3942 pro
883 3881 960 3942 pace
983 3863 1145 3927 etunione
1165 3863 1197 3929 S.
1221 3865 1398 3932 Romana·

182 3979 219 4025 ac
252 3961 440 4025 universalis
477 3960 644 4039 ecclesiae,
677 3963 766 4044 cujus
799 3961 989 4045 disponente
1021 3963 1177 4030 altissimo
1208 3965 1390 4034 mancam

183 4061 347 4126 existimus
381 4068 414 4126 et
446 4061 611 4140 del'eusor,
645 4080 705 4127 nec
738 4081 800 4126 non
823 4082 882 4144 pro
905 4064 1029 4146 imperii
1055 4065 1138 4130 sacri
1161 4067 1328 4150 republica
1351 4073 1385 4121 θ

183 4160 423 4240 tranquillitate,
447 4168 599 4241 quantum
617 4161 790 4227 altissimus
806 4164 1004 4241 concederet,
1022 4165 1153 4231 realiter
1168 4161 1379 4250 procurandi¹

182 4272 325 4325 nostrum
339 4269 572 4327 maturaremus
588 4280 764 4328 aceessum:
790 4273 893 4329 tamen
918 4266 1053 4346 qualitas
1075 4273 1173 4348 atque
1194 4259 1372 4350 magnino&

181 4359 346 4442 grandium
379 4361 590 4442 agendorum,
624 4364 775 4429 natalium
808 4364 948 4442 sedium,
982 4369 1109 4447 generis
1142 4377 1177 4435 et
1206 4376 1366 4452 regnatur!
