2992 5258
411 423 581 490 Responsum
598 422 730 491 ultimum,
748 423 791 478 die
811 424 933 479 intumi
952 426 1024 478 1415.
1253 429 1315 492 229

650 624 719 690 qnia
735 641 792 677 non
809 624 936 678 ambrclat
952 639 1004 693 per
1020 624 1120 677 tremite
1138 625 1238 677 ostium
1254 626 1314 678 scil.

654 707 800 768 Christum,
818 709 866 775 qni
883 708 967 759 dicit:
983 709 1046 775 Epo
1062 725 1122 760 arim
1140 710 1247 770 octium,
1263 724 1316 777 per

652 808 693 841 me
710 793 735 842 ri
752 792 813 857 puis
830 792 985 851 intraverit,
1003 792 1166 844 salvabitur.

122 859 200 924 lesu
223 859 263 923 ad
285 858 511 940 episcopatum,
535 865 567 924 ot
597 863 702 923 minen
724 858 867 923 ascendit
888 858 1016 923 aliunde
1038 859 1071 922 in
1093 859 1175 923 ovile
1197 859 1314 924 ovium.

220 958 315 1021 Istud
337 959 406 1020 dici
427 959 630 1039 disputative,
652 963 832 1037 emperiam
852 957 1005 1039 ntajorem
1025 958 1294 1039 informationem.

219 1112 270 1173 24.
321 1108 548 1174 condemnatio
569 1109 610 1173 45
632 1107 836 1172 articulorum
858 1105 975 1171 Wiclei
992 1125 1050 1189 per
1071 1106 1219 1173 doctores
1232 1107 1315 1173 lacta

116 1214 171 1272 est
203 1206 429 1272 irrationabilis
462 1213 496 1272 et
527 1206 643 1288 iniqua,
677 1213 710 1273 et
740 1208 823 1273 mule
854 1205 928 1273 ficta
962 1214 1012 1272 est
1041 1225 1137 1279 causa
1169 1226 1228 1290 per
1256 1226 1311 1274 eos

114 1308 266 1388 allegata,
288 1307 438 1372 videlicet
459 1307 544 1389 quod
565 1307 670 1371 nullus
692 1326 732 1372 ex
753 1309 800 1372 eis
822 1314 872 1373 est
893 1307 1077 1388 catholicus,
1100 1308 1157 1373 sed
1180 1308 1313 1389 quilibet

113 1424 230 1471 eorum
252 1413 308 1472 aut
328 1414 379 1473 est
408 1408 598 1488 haereticus,
621 1412 677 1472 aut
698 1425 861 1489 erroneus,
882 1413 939 1472 aut
960 1407 1173 1475 scandalosus.

219 1561 270 1623 25.
312 1557 383 1623 Non
417 1575 455 1622 eo
487 1557 572 1639 ipso,
606 1555 690 1638 quod
723 1557 878 1622 electores
910 1557 960 1622 vel
981 1557 1082 1637 major
1103 1575 1177 1639 pars
1200 1575 1310 1622 eorum

522 1680 600 1742 patet
617 1672 755 1724 iaetantia
772 1673 803 1724 ia
820 1670 934 1740 Apina.
953 1689 1024 1740 petae
1042 1673 1078 1726 ab
1097 1673 1212 1727 ecclesia
1229 1675 1312 1727 aeeti-

517 1756 649 1807 mabatur
666 1772 722 1807 ecoe
739 1755 880 1823 lepitimue
896 1773 977 1825 papa

104 1823 317 1890 consenserit
339 1823 409 1888 viva
430 1841 506 1889 voce
529 1823 701 1887 secundum
731 1824 813 1888 ritus
834 1824 996 1888 hominum
1017 1825 1049 1888 iu
1071 1842 1240 1906 personam
1254 1824 1313 1890 ali·

112 1943 233 2006 qnam,
255 1942 294 1989 eo
316 1925 385 2006 ipso
408 1923 463 1988 illa
483 1941 620 2005 persona
641 1924 782 2003 legitime
805 1930 855 1989 est
876 1925 987 2004 electa
1009 1925 1061 1989 vel
1082 1925 1168 2006 quod
1188 1943 1225 1991 eo
1242 1925 1312 2007 ipso

715 2039 806 2109 officio
824 2050 850 2093 et
866 2042 941 2092 tritae
957 2041 1055 2093 merito

108 2114 168 2172 est
191 2125 288 2171 verus
311 2112 344 2172 ot
364 2106 550 2173 manifestus
572 2125 738 2173 successor
760 2109 810 2174 vel
831 2110 968 2174 vicarius
991 2109 1078 2174 Petri
1099 2108 1244 2190 apostoli,
1260 2108 1312 2175 vel

104 2208 253 2273 alterius
274 2207 411 2288 apostoli
433 2208 466 2270 in
487 2205 592 2273 officio
615 2207 848 2287 ecclesiastico;
870 2209 954 2273 unde
969 2209 1036 2272 sive
1059 2208 1214 2274 electores
1229 2207 1312 2273 bene

107 2307 171 2371 vel
200 2306 283 2370 male
319 2307 502 2387 elegerunt,
533 2308 684 2390 operibns
706 2309 800 2373 electi
822 2309 973 2374 debemus
996 2308 1145 2389 credere,
1178 2327 1251 2374 nam
1272 2326 1310 2373 eo

108 2405 205 2487 ipso,
240 2423 302 2486 quo
324 2408 395 2486 quis
417 2406 576 2488 copiosius
599 2416 751 2489 operatur
772 2410 934 2474 meritorio
957 2409 998 2473 ad
1018 2408 1196 2490 proiectum
1211 2408 1312 2473 eccle·

105 2506 204 2587 siae,
226 2505 323 2571 habet
342 2525 362 2571 a
384 2506 443 2571 deo
465 2505 587 2572 adhoc
609 2508 767 2589 copiosius
789 2515 992 2589 potestatem.

218 2657 269 2721 26.
312 2654 383 2721 Non
406 2660 456 2720 est
476 2656 614 2722 scintilla
635 2658 857 2739 apparentiae,
880 2659 964 2738 quod
979 2663 1106 2741 oportet
1128 2675 1199 2723 esse
1214 2674 1311 2722 unum

106 2762 216 2839 caput
247 2757 280 2820 in
313 2756 532 2838 spiritualibus
554 2776 669 2837 regens
692 2759 872 2840 ecclesiam,
895 2759 980 2840 qnod
1001 2778 1127 2841 semper
1149 2777 1218 2822 cum
1240 2758 1310 2839 ipsa

102 2857 275 2922 militante
309 2856 443 2921 ecclesia
465 2864 690 2937 conversetur;
711 2864 816 2941 patet,
853 2859 926 2940 quio
949 2865 1027 2935 stat,
1062 2859 1227 2923 ecclesiam
1249 2874 1309 2938 pro

103 2972 231 3037 nnaguo
260 2961 405 3036 tempore
433 2972 503 3021 esse
526 2956 596 3019 sine
618 2975 715 3038 papa,
747 2961 783 3021 ut
800 2958 870 3040 jam
891 2962 956 3022 stat
977 2964 1052 3038 post
1073 2956 1309 3022 condemnatio·
1373 3014 1377 3019 .

102 3073 189 3122 nem
210 3055 342 3122 ioannis
363 3054 483 3119 XXIII.

356 3211 388 3256 ut
403 3204 463 3256 eine
479 3201 586 3270 Apaete
603 3212 629 3256 et
644 3203 729 3257 Joan.
746 3204 869 3258 XXIII
882 3212 908 3257 et
925 3206 1000 3265 aliis,
1018 3205 1066 3272 qui
1077 3203 1195 3274 fumarat
1212 3204 1307 3256 lraere·

348 3288 397 3340 tiei
413 3289 455 3341 uel
472 3290 556 3341 aliter
573 3289 715 3341 criminosi

217 3356 267 3422 27.
311 3354 457 3420 Christus
491 3356 560 3420 sine
589 3357 705 3421 talibus
733 3357 942 3421 monstruosis
974 3355 1132 3437 capitibus
1153 3374 1212 3438 per
1233 3373 1309 3420 snos

106 3473 248 3522 veraces
263 3456 435 3538 discipulos
451 3473 579 3538 sparsos
593 3474 652 3538 per
674 3455 784 3523 orbem
800 3462 957 3522 terrarum
970 3457 1083 3522 melius
1105 3474 1193 3523 suam
1209 3456 1309 3523 eccle·

108 3558 197 3622 siam
219 3557 391 3638 regularet.

218 3708 268 3774 28.
310 3705 456 3787 Apostoli
470 3711 504 3772 et
523 3704 633 3771 fideles
649 3707 832 3774 sacerdotes
853 3707 972 3774 domini
992 3711 1122 3773 strenue
1144 3707 1177 3771 in
1199 3725 1308 3772 neces·

110 3890 211 3954 seriis
233 3889 273 3955 ad
295 3888 430 3954 salutem
451 3889 637 3970 regularunt
659 3890 835 3970 ecclesiam,
862 3822 1308 3972 antequamqupiigeiiniiiiciiiiii

110 4007 332 4058 dominationem
349 4013 375 4057 et
388 4004 598 4074 praefecturam

110 4075 200 4139 toret
228 4074 453 4138 introductum.
488 4072 539 4138 Sic
569 4073 712 4139 lacerent
747 4072 914 4139 deficiente
935 4091 1133 4154 persumme
1156 4070 1307 4154 possibile

112 4190 200 4256 papa
221 4191 321 4254 usque
342 4173 376 4237 in
397 4172 481 4237 diem
499 4171 619 4254 judicii.

215 4325 266 4389 29.
311 4322 424 4387 Nullus
446 4328 498 4388 est
518 4322 662 4388 dominus
685 4322 795 4402 civilis,
817 4321 923 4386 nullus
945 4328 995 4387 est
1008 4320 1180 4404 praelatus,
1201 4320 1307 4391 nullus

117 4428 171 4489 est
190 4424 368 4506 episcopus,
391 4422 465 4487 dum
487 4423 591 4487 estin
612 4428 743 4504 peccato
764 4422 901 4487 mortali.
980 4456 983 4462 Α

215 4523 390 4587 Secundum
420 4524 557 4605 officiam
584 4530 612 4584 et
633 4524 715 4585 vitae
741 4525 904 4603 meritum,
931 4529 967 4583 nt
988 4522 1088 4583 randi
1108 4518 1306 4599 sententiam,

122 4625 216 4690 Oetae
235 4624 273 4687 8:
293 4625 367 4706 ipsi
384 4631 607 4707 reparaverant,
635 4630 664 4687 et
684 4643 749 4686 ooo
769 4642 807 4686 en
826 4643 875 4685 nte
891 4621 1051 4703 principes
1071 4621 1264 4694 asstiterant,
1279 4627 1308 4683 et
