2992 5258
148 415 209 482 728
417 496 423 517 ἱ
593 410 812 466 surianorum
829 411 875 466 111.

149 616 242 668 iesum
262 629 368 682 quoque
389 611 529 680 pontifices
547 611 678 665 miserunt
695 611 844 677 ministros,
868 627 949 680 quum
968 608 1152 679 praedicaret:
1170 609 1338 676 aerumpnis

150 699 216 752 hora
234 696 350 750 nondum
362 695 516 761 aduenerat,
535 695 648 748 ministri
661 693 815 762 pontificum
827 693 974 748 audiebant
987 708 1047 746 eum
1059 692 1158 761 potius,
1177 706 1256 761 qnam
1270 704 1335 745 com·

150 780 359 850 prehenderunt.
396 779 434 832 lta
460 794 535 832 meae
559 795 664 847 quoque
689 779 782 832 mortis
805 779 872 833 hora
895 777 1013 833 nondum
1036 774 1184 830 advenerat
1201 777 1336 842 mansique

150 864 298 931 incolumis,
317 862 402 916 donec
420 862 470 915 deo
492 862 632 916 videbitur.

248 964 351 1016 Deinde
365 965 490 1016 Germani
509 964 619 1017 consilio
633 971 711 1030 capto
722 962 851 1016 sacellum
865 961 968 1015 Betlem
987 959 1094 1014 diruere
1106 958 1243 1026 volebant,
1260 973 1338 1027 quum

150 1047 177 1101 id
195 1050 221 1101 in
240 1047 374 1115 praetorio
387 1047 582 1113 condixissenu
600 1046 648 1099 sed
661 1053 754 1100 contra
771 1062 862 1099 eorum
875 1045 1015 1099 consilium
1032 1044 1139 1098 locutus
1151 1049 1196 1097 est
1207 1042 1339 1096 Bobemns

151 1130 273 1185 Holubiti
291 1128 325 1183 ad
346 1131 486 1196 BohemoS,
511 1125 573 1183 rrum
592 1131 707 1197 vellent,
729 1131 797 1182 sicut
815 1128 955 1195 Germani,
980 1126 1110 1181 sacellum
1129 1127 1237 1181 Betlem
1254 1124 1339 1179 dirui?

150 1215 218 1268 Tum
237 1229 300 1266 vero
323 1213 417 1267 fideles
436 1214 547 1267 Bohemi
567 1214 763 1281 intelligentes,
785 1211 812 1266 id
836 1211 887 1265 deo
908 1225 1060 1279 repugnare
1084 1211 1200 1278 eiusque
1217 1208 1298 1262 aerbo
1315 1214 1340 1261 et

152 1299 233 1351 saluti
252 1299 400 1362 humanae,
422 1304 503 1365 atque
522 1297 647 1354 Bohemis
671 1296 796 1351 dedecori
815 1311 875 1350 esse
894 1311 980 1364 neque
998 1310 1045 1349 eos
1062 1301 1226 1363 potestatem
1243 1292 1340 1347 habere

153 1380 282 1449 templum
309 1380 353 1434 dei
379 1381 445 1434 mile
463 1382 489 1434 in
508 1388 585 1435 tanta
603 1381 668 1434 urbe
687 1380 819 1447 diruendi,
837 1379 962 1434 assentiri
980 1378 1132 1432 noluerunt
1168 1377 1212 1432 En
1231 1374 1341 1430 audacia

153 1465 319 1533 germanica!
343 1466 429 1519 ricino
446 1465 554 1518 furnum
572 1466 614 1518 vel
638 1464 774 1518 stabulum
792 1465 864 1532 regis
887 1463 994 1531 injussu
1012 1462 1119 1519 diruere
1145 1462 1179 1515 iis
1197 1459 1340 1515 nonlicet:

152 1547 282 1617 templum
310 1547 353 1600 dei
377 1565 441 1603 vero
466 1549 577 1617 aggredi
607 1549 665 1602 ausi
689 1550 797 1602 suntl-
821 1548 896 1602 Haec
913 1547 1027 1615 scripsi,
1061 1553 1092 1600 ut
1113 1546 1231 1615 posteris
1255 1552 1341 1599 essent

155 1630 315 1685 documento
334 1638 384 1686 etc
403 1632 588 1696 (Postillarum
606 1633 675 1687 liber
692 1633 726 1699 11,
746 1634 813 1699 115.)

729 1838 776 1898 ll.

254 2015 348 2082 (Sacra
365 2017 556 2084 intermittunt)
574 2016 654 2084 idque
678 2016 793 2070 libenter
811 2022 838 2069 et
855 2016 934 2083 vulgo
953 2015 1068 2083 faciunt,
1091 2030 1173 2082 quum
1196 2012 1342 2081 presbyteri

155 2098 188 2152 de
207 2099 345 2154 beneficiis
363 2099 479 2166 litigant,
501 2114 659 2168 semperque
678 2099 705 2153 id
723 2099 833 2166 iaciunt,
857 2115 937 2167 quum
956 2115 1005 2166 ego
1023 2098 1182 2168 praedicare
1200 2099 1284 2167 coepi.
1311 2097 1343 2151 Et

154 2198 314 2252 quamquam
326 2184 408 2252 probe
419 2183 548 2244 sciebant,
566 2199 608 2238 me
619 2184 745 2239 achristi
763 2183 892 2238 natalitiis
904 2198 989 2251 mque
1002 2183 1037 2238 ad
1052 2183 1197 2253 sollemnia
1209 2180 1343 2251 paschalia

156 2267 259 2335 Pragae
280 2276 416 2322 versatum
440 2283 515 2333 esse,
539 2276 629 2321 tamen
646 2283 725 2322 sacra
747 2267 937 2321 administrare
960 2268 1124 2334 pergebantr
1147 2281 1241 2320 verum
1267 2280 1343 2333 quum

156 2351 239 2404 semel
257 2350 466 2418 praedicassem,
485 2350 577 2404 statim
595 2365 732 2404 sacrorum
750 2349 1009 2405 administrationem
1026 2350 1211 2416 inhibuerunt,
1235 2349 1298 2417 qnia
1313 2347 1343 2400 iis

156 2434 298 2488 molestum
317 2440 359 2489 est
376 2434 485 2488 verbum
503 2434 547 2488 dei
565 2433 668 2488 audire.
703 2433 887 2500 (Postillarnm
908 2434 977 2488 liber
993 2434 1026 2495 Π,
1044 2433 1115 2501 206.)

729 2655 777 2719 18.

255 2836 299 2891 Ex
315 2834 476 2890 Antichristi
499 2835 597 2904 pyxide
621 2837 771 2906 presbyteri
795 2852 849 2890 una
873 2851 932 2890 eum
959 2837 1116 2905 Zbyncone,
1144 2835 1341 2904 archiepiscopo

158 2921 301 2989 Pragensi,
322 2920 502 2988 impetrarunt
523 2920 625 2976 bullam
647 2923 665 2976 i.
684 2938 706 2976 e.
729 2922 822 2976 literas
845 2922 972 2990 plumbeo
995 2921 1071 2988 signo
1093 2921 1257 2988 instructas,
1279 2932 1342 2987 qnae

158 3005 266 3059 vetabat
295 3005 405 3058 verbum
435 3005 477 3059 dei
507 3021 620 3073 usquam
652 3013 760 3075 praeter
790 3007 931 3074 parochias
955 3013 983 3061 et
1010 3004 1176 3059 monasteria
1205 3018 1343 3070 eorumque

158 3090 319 3144 coemeteria
335 3089 494 3157 praedicari.
530 3091 604 3143 Deus
621 3097 711 3145 summ
729 3105 771 3144 me
790 3091 924 3158 excitavit,
947 3097 977 3144 ut
995 3090 1057 3143 huie
1076 3088 1167 3142 bullae
1185 3089 1344 3151 resisterem,

158 3190 225 3229 uere
249 3179 343 3227 contra
367 3173 427 3241 ejus
451 3189 542 3228 sacras
565 3175 657 3229 literas
686 3174 787 3242 (Lucae
811 3190 869 3244 cap.
895 3174 968 3242 xlv)
996 3173 1077 3242 hujus
1101 3172 1194 3227 bullae
1222 3171 1343 3227 manduc

159 3259 380 3325 obtemperarem.
415 3258 510 3324 ltaque
529 3256 570 3310 dei
590 3258 689 3312 auxilio
708 3257 817 3325 adjutus
836 3257 988 3326 praedicavi
1007 3273 1091 3325 uslpue
1112 3248 1147 3310 ad
1169 3255 1343 3311 excommuni-

159 3344 292 3398 cationcm
310 3348 337 3394 et
353 3341 502 3408 improbam
520 3358 655 3395 sacrorum
674 3343 906 3410 intermissionem,
926 3350 953 3396 et
970 3341 1058 3396 adhuc
1078 3341 1309 3408 praedicantque,
1326 3337 1344 3389 si

160 3426 220 3493 ejus
238 3430 331 3479 sancta
353 3425 440 3491 gratia
461 3424 598 3492 concedet,
623 3426 780 3493 praedicare
804 3442 922 3494 pergam,
954 3428 975 3479 si
996 3425 1064 3479 iorte
1088 3440 1169 3493 quem
1193 3437 1343 3493 pauperem,

160 3508 350 3575 defatigatum,
376 3524 485 3562 caecum
509 3509 550 3561 vel
569 3509 693 3562 claudum
719 3510 745 3563 in
764 3511 845 3564 aedes
864 3511 963 3564 Christi
988 3509 1023 3564 ad
1042 3525 1153 3563 coenam
1172 3507 1273 3576 possim
1291 3520 1345 3574 per·

160 3594 267 3647 ducere.
285 3593 409 3646 Antehac
427 3593 453 3645 in
473 3593 578 3661 oppidis
597 3600 624 3645 et
642 3593 740 3663 plateis
758 3594 957 3661 praedicabam,
975 3611 1044 3648 nunc
1062 3609 1124 3647 vero
1142 3592 1272 3661 praedico
1283 3592 1347 3645 inter

160 3693 247 3744 sepes,
265 3693 349 3745 prope
367 3691 464 3743 arcem,
484 3678 526 3729 cui
545 3693 640 3731 nomen
659 3677 777 3732 estKozi
796 3678 929 3746 (Caprea),
950 3679 977 3732 in
995 3679 1043 3732 viis
1061 3676 1220 3746 oppidorum
1233 3684 1261 3731 et
1272 3690 1346 3744 pago·

160 3777 226 3815 rum.
253 3761 325 3815 Dicit
342 3763 413 3814 enim
432 3761 566 3815 Christus:
591 3763 658 3826 „Exi
676 3763 702 3815 in
720 3762 777 3816 vias
795 3770 822 3815 et
846 3778 924 3830 sepes
947 3762 1000 3829 (hic
1023 3761 1156 3830 intellige:
1175 3762 1247 3814 inter
1264 3762 1347 3826 sepes)

162 3852 189 3898 et
206 3845 336 3914 compello
354 3846 463 3912 intrare,
482 3853 512 3898 ut
524 3845 668 3913 impleatur
686 3845 779 3899 domus
798 3846 873 3908 mea“
893 3850 943 3900 etc.
956 3846 1139 3914 (Postillarum
1151 3845 1222 3900 liber
1231 3844 1266 3912 11,
1282 3842 1348 3907 aab.)

260 3945 391 3998 Praedico
409 3945 436 3998 in
453 3945 572 4013 oppidis,
597 3947 719 4012 arcibus,
743 3947 828 4013 agris,
851 3946 939 4014 silvis,
963 3963 994 4000 ac
1012 3946 1034 4000 si
1053 3962 1166 4014 usquam
1184 3961 1307 4015 possem,
1323 3944 1348 3996 in

161 4039 239 4092 litore
256 4053 361 4105 quoque
380 4037 563 4104 praedicarem
582 4046 608 4091 et
626 4038 741 4105 denari,
760 4037 786 4091 id
805 4039 876 4105 quod
889 4038 1011 4092 salvator
1022 4038 1086 4091 iecit
1099 4045 1149 4091 ete.
1169 4038 1348 4104 (Postillarum

161 4123 230 4176 liber
239 4122 272 4188 11,
291 4124 359 4189 279.)
1099 4139 1104 4149 ·

261 4223 348 4277 Valde
372 4240 414 4277 me
443 4232 572 4291 expetunt
590 4226 615 4276 in
641 4241 672 4277 ea
697 4225 818 4292 regione,
851 4227 877 4278 in
901 4242 954 4294 qua
978 4225 1167 4293 praedicabam
1190 4224 1217 4276 in
1241 4221 1349 4290 oppidis,

163 4310 251 4375 pagis,
278 4310 362 4374 agris,
388 4309 414 4361 iu
433 4309 540 4361 arcibus
563 4317 590 4360 et
615 4309 664 4361 sub
683 4310 788 4362 arcibus
808 4318 834 4361 et
857 4311 882 4362 iu
907 4310 974 4363 silva
997 4310 1046 4363 sub
1070 4309 1129 4361 tilia
1153 4322 1238 4375 prope
1255 4321 1349 4371 arcem

163 4393 206 4444 eui
225 4407 320 4444 nomen
341 4399 382 4445 est
400 4392 473 4445 Kozr'.
511 4392 546 4444 lit
563 4409 644 4458 quum
658 4393 797 4447 veritatem
816 4394 858 4447 dei
877 4395 913 4447 ibi
926 4393 1116 4459 declarassent,
1135 4394 1161 4445 in
1175 4391 1349 4457 aliamregio·

164 4490 223 4527 nem
242 4490 284 4529 me
303 4475 417 4543 contuli,
435 4483 466 4532 ut
488 4476 523 4528 ibi
546 4492 651 4545 quoque
675 4477 813 4530 veritatem
839 4477 1032 4546 praedicarem.
1067 4478 1134 4532 'l'um
1159 4492 1238 4541 vero,
1263 4475 1350 4530 siden

164 4557 308 4618 ridebitur,
333 4574 426 4613 rursus
443 4561 469 4613 in
488 4559 569 4613 aliam
587 4561 723 4627 regionem
741 4561 909 4628 proficiscar,
931 4562 1001 4614 sicut
1018 4561 1084 4614 fecit
1102 4560 1221 4615 salrator
1239 4560 1349 4614 clemen·
1395 4608 1406 4633 ,

163 4641 282 4695 tissimus
301 4645 426 4697 etc-Ac
450 4643 472 4696 si
490 4659 531 4697 me
558 4658 591 4698 ex
609 4643 676 4698 urbe
694 4644 786 4713 aliqua
808 4645 849 4699 rel
874 4645 982 4712 regione
1007 4643 1172 4712 expulerint,
1196 4658 1252 4698 non
1269 4643 1350 4698 debeo
