2992 5258
149 410 189 473 86
486 400 624 468 Epistolae
643 401 759 469 scriptae
779 402 951 457 Constantine
970 403 1033 456 1415

150 616 253 689 stant,
274 609 357 689 quod
381 608 490 688 utique
513 607 545 669 in
567 605 628 671 olio
650 604 720 671 loco
742 610 855 672 adroso
878 605 963 687 sitis,
986 612 1088 672 utvos
1102 607 1233 688 possitis
1246 608 1349 674 recol·

150 711 259 792 ligere,
283 714 315 774 et
337 711 369 773 in
389 707 477 773 vobis
499 707 648 773 recreari.

250 810 292 875 Et
327 810 398 874 ideo
432 813 565 890 propter
601 806 694 873 deum
722 815 755 873 et
777 808 922 873 salutem
952 813 1090 874 vestram
1129 814 1161 873 et
1201 810 1349 876 veritatis

151 909 391 992 promotionem,
413 925 477 972 non
500 905 657 973 recedatis
679 908 719 972 ab
742 926 779 973 ea
801 915 933 991 propter
954 909 1051 973 ullum
1072 915 1192 976 metum
1214 910 1347 978 misera·

151 1011 223 1077 bilis
250 1009 333 1074 vitae
363 1007 566 1092 perdendae,
604 1008 677 1089 quia
705 1026 768 1074 non
797 1010 857 1073 nisi
886 1014 1018 1093 propter
1045 1013 1193 1091 magnum
1231 1013 1349 1078 bonum

153 1117 292 1177 vestrum
323 1110 401 1174 deus
431 1126 487 1174 vos
514 1109 574 1173 hac
603 1125 660 1173 sua
689 1109 872 1176 visitatione
901 1109 1049 1175 visitavit.
1085 1110 1212 1192 Optime
1241 1113 1349 1180 valent

151 1211 242 1276 amici
264 1212 400 1291 Pragae,
420 1215 457 1285 ,et
479 1208 661 1291 specialiter
683 1210 721 1274 D.
744 1193 892 1292 Skopko,
922 1211 975 1292 qui
1003 1210 1135 1276 multum
1162 1213 1281 1294 gaudet
1308 1233 1348 1280 ex

151 1330 198 1391 eo,
221 1312 304 1393 qarod
324 1311 389 1392 jam
412 1311 666 1392 persecutionem
689 1316 828 1392 optatam
850 1330 908 1394 pro
932 1311 1066 1378 veritate
1078 1314 1155 1379 estis
1174 1314 1348 1396 assequuti.

252 1413 409 1492 Rogamus
449 1411 578 1490 intima,
612 1409 696 1492 quod
731 1412 879 1478 motivam
916 1419 948 1477 et
980 1411 1105 1479 finalem
1138 1413 1348 1479 intentionem

153 1519 290 1578 vestram
319 1511 359 1576 de
387 1511 604 1577 communion'e
626 1511 748 1591 calicia,
773 1512 800 1577 si
823 1512 1000 1592 videbitur,
1021 1515 1183 1596 praesenti
1217 1514 1348 1581 enorme

152 1614 310 1693 inseratis
337 1612 445 1679 amicis
468 1620 611 1694 tempore
634 1630 692 1678 suo
714 1612 959 1693 monstrandam,
994 1614 1067 1695 quia
1088 1613 1222 1680 fratrum
1243 1615 1348 1682 adhuc

152 1713 297 1796 aliqualis
320 1719 370 1778 est
391 1713 514 1793 scissio,
536 1719 570 1779 ot
592 1721 725 1796 propter
746 1713 824 1779 illud
846 1715 935 1779 multi
958 1714 1141 1794 turbantur,
1171 1713 1212 1780 ad
1235 1731 1290 1779 vos
1314 1719 1349 1778 et

152 1813 319 1881 arbitrium
341 1815 592 1896 vestrumjuxta
610 1813 734 1896 scripta
756 1812 910 1895 quaedam
932 1833 968 1880 se
989 1816 1175 1883 referentes.

252 1913 351 1978 Amici
367 1914 529 1995 praecipui
545 1913 715 1979 tristantur
730 1913 770 1978 de
785 1915 976 1995 ergastulari
992 1916 1210 2000 responsione,
1227 1922 1261 1980 et
1278 1933 1350 1996 spe·

154 2014 278 2080 cialiter
308 2013 466 2079 lesenica.
485 2014 698 2079 Praeteritum
726 2020 832 2079 autem
860 2033 923 2081 nou
951 2022 1060 2099 potest
1089 2015 1239 2081 revocari.
1270 2013 1352 2080 Con·

155 2114 305 2183 stantiam
327 2133 402 2180 vero
416 2120 553 2179 vestram
567 2115 677 2180 intime
698 2113 828 2180 laudant
850 2121 883 2181 et
904 2134 1061 2199 supreme.

253 2231 330 2285 Edit.
347 2232 377 2284 in
388 2231 479 2300 Epist.
498 2232 576 2300 piiss.
594 2231 644 2292 H„
662 2228 679 2283 4
698 2239 723 2282 et
740 2229 808 2299 Opp.
828 2230 893 2285 Has
905 2232 930 2294 1,
950 2231 985 2285 72
997 2241 1022 2286 et
1032 2232 1076 2287 91.
1089 2231 1189 2299 (Num.
1200 2229 1352 2296 XLVII.)

657 2382 851 2389 -.-—-—---

721 2542 783 2619 47.

531 2735 693 2820 loanni
725 2734 777 2819 de
809 2732 977 2819 Ohlum.

150 2916 277 2984 ,Iterum
286 2916 435 2984 sapuissent,
455 2918 483 2969 io
500 2935 557 2983 prta
575 2934 604 2968 re
617 2918 680 2994 velit
699 2917 811 2968 tandem
822 2919 1001 2984 acquiescere,
1013 2919 1091 2970 tolles
1106 2919 1237 2972 insidiose
1253 2922 1358 2986 peritas

627 3002 663 3053 ab
682 3002 879 3054 adversariis.“

703 3133 741 3201 (S·
761 3135 797 3202 d.)

257 3303 379 3369 Nobilis
407 3309 441 3368 ct
464 3303 604 3384 gratiose
633 3304 775 3381 domine,
816 3304 907 3370 ualde
937 3324 1005 3369 sum
1034 3304 1225 3370 consolatus.
1261 3303 1351 3384 Rogo

156 3406 250 3471 etiam
273 3411 406 3487 proptor
427 3403 529 3485 deum,
554 3410 589 3469 ut
610 3423 674 3469 nou
695 3405 841 3471 habeatis
869 3405 1025 3483 taedium,
1048 3403 1133 3485 quod
1155 3410 1219 3470 mm
1241 3403 1295 3468 diu
1319 3410 1353 3469 et

155 3511 277 3572 tantum
300 3523 358 3587 pro
380 3525 430 3570 me
452 3505 613 3584 laboratis
635 3506 709 3586 quia
729 3504 808 3570 deus
832 3505 976 3571 veritatis
1000 3512 1033 3571 et
1052 3505 1196 3586 Justitiae
1209 3503 1357 3569 dominus

155 3606 280 3672 stated
302 3604 438 3671 dandum
460 3605 641 3688 praemium.

256 3706 435 3792 Voluerunt
463 3705 507 3771 illi
538 3707 760 3785 commissarii,
792 3708 949 3772 instantes
972 3725 1030 3789 per
1058 3705 1166 3788 plures
1194 3704 1280 3783 dies,
1319 3710 1355 3770 ut

155 3808 271 3874 iactum
300 3825 403 3873 meum
432 3809 683 3873 conrruitteretur
715 3813 752 3872 12
775 3808 824 3873 vel
853 3812 887 3872 13
915 3807 1084 3888 magistris.
1105 3805 1149 3870 Et
1170 3822 1230 3887 ego
1260 3805 1348 3871 nolui

156 3927 206 3973 mc
228 3909 427 3974 submittere.
450 3908 513 3974 Sed
534 3915 701 3990 postquam
723 3927 817 3973 manu
840 3925 910 3973 mea
931 3907 1043 3990 scripsi
1068 3907 1293 3988 responsiones
1313 3905 1354 3973 ad

157 4010 308 4077 articulos
321 4006 447 4074 Wicleii
466 4012 515 4089 45,
540 4014 572 4074 et
593 4009 633 4075 ad
655 4009 743 4091 alios,
767 4010 820 4091 qui
843 4007 917 4073 mihi
941 4007 1141 4089 oinciuntur,
1165 4007 1274 4073 statim
1295 4024 1350 4073 co·

157 4131 224 4177 ram
253 4110 386 4175 notariis
415 4116 448 4176 et
475 4110 698 4176 commissoriis
726 4110 789 4175 illis
816 4109 929 4191 scripsi
957 4108 1235 4190 protestationem,
1269 4106 1354 4188 quod

155 4213 226 4278 volo
252 4217 338 4277 stare
361 4227 469 4277 coram
498 4217 567 4277 toto
590 4211 723 4276 concilio
747 4217 780 4276 et
801 4210 958 4276 rationem
981 4209 1021 4274 de
1042 4206 1114 4287 fide,
1138 4225 1231 4289 quam
1253 4213 1347 4274 tenco

155 4312 300 4378 reddere.

255 4411 406 4491 Articuli,
439 4429 518 4493 quos
540 4412 619 4478 false
640 4411 830 4494 apponendo
853 4417 886 4476 et
908 4408 1096 4492 deponendo
1120 4409 1152 4473 in
1175 4408 1256 4474 libro
1286 4425 1357 4475 meo

158 4513 197 4578 de
224 4513 368 4580 Ecclesia
389 4520 612 4592 extraxerunt,
629 4512 822 4578 videbuntur
843 4511 884 4575 de
905 4512 1009 4591 gratia
1030 4510 1100 4590 dei,
1121 4514 1156 4574 et
1178 4508 1356 4591 responsio,

154 4633 246 4697 quam
269 4614 382 4696 scripsi
398 4614 431 4678 in
454 4633 591 4692 carcere,
615 4613 735 4679 nullum
758 4612 873 4677 librum
896 4612 1041 4678 habendo
1064 4611 1097 4676 in
1118 4609 1286 4675 auxilium.
