2992 5258
550 400 738 470 Depositionos
755 404 869 459 testium.
889 404 963 459 1414.
1283 410 1343 475 179

151 605 219 669 Mr.
231 600 386 667 Nicotaus
396 601 567 684 Iuetomyst
572 624 579 662 ε
605 603 676 680 „Tu
691 601 778 685 salse
792 612 820 665 et
839 605 943 684 inique
964 611 993 667 et
1013 605 1158 669 mendose
1177 607 1343 669 extraxisti

149 703 304 766 articulos
325 703 363 764 de
387 703 495 782 libris,
518 705 571 783 qui
591 724 655 765 non
676 706 764 765 stant
784 705 856 770 sio.“
891 706 939 768 Et
959 726 1012 787 eoo
1034 706 1117 781 dixi,
1140 707 1221 786 oetod
1245 705 1343 787 „tales

143 805 376 886 salsifieotores
402 802 556 865 librorum
584 803 725 865 deberent
747 804 876 884 dionius
897 806 1047 880 comitari,
1077 825 1169 886 queam
1188 807 1244 866 isti
1258 827 1343 868 eorn-

148 907 233 966 trusti
254 905 357 980 ssent‚“
381 902 559 965 denotando
582 907 679 966 bonae
700 907 867 966 maneriae
889 905 1005 967 Berlin
1029 915 1057 968 et
1094 904 1267 978 Wlaskom,
1290 907 1342 985 qui

147 1003 208 1065 illo
229 1011 365 1083 tempore
383 1011 511 1083 propter
525 1005 783 1086 falsificationem
804 1006 885 1066 croci
900 1005 1031 1085 fuerumt
1052 1005 1209 1067 combusti.
1239 1005 1340 1086 Gonyi

148 1114 217 1167 teor
249 1113 354 1167 autem
381 1125 430 1165 me
458 1104 591 1177 elicisse,
624 1104 705 1184 quod
730 1104 775 1166 ad
801 1106 913 1166 iontem
941 1125 1066 1166 sensum
1093 1104 1186 1166 multi
1213 1102 1341 1167 articul'

146 1214 225 1266 sunt
246 1207 318 1284 reri,
342 1205 467 1285 quando
480 1204 591 1266 uellent
605 1206 744 1266 homines
755 1205 807 1284 pie
820 1206 1010 1267 examinare.
1046 1204 1135 1269 Unde
1148 1212 1176 1267 ot
1186 1211 1297 1286 postea
1309 1202 1343 1286 *)

147 1306 238 1367 uolui
267 1307 446 1377 consentire,
481 1304 562 1384 quod
585 1325 687 1366 omnes
708 1303 759 1365 illi
780 1304 908 1367 articuli
930 1304 1179 1376 damnarentur,
1207 1325 1245 1365 ne
1266 1305 1344 1365 inci·

148 1407 255 1467 desem
277 1407 311 1466 in
332 1403 430 1466 illud:
453 1425 518 1483 eae,
541 1425 603 1482 une,
626 1406 679 1485 qui
700 1405 808 1466 dieunt
830 1407 943 1467 bonum
957 1405 1096 1466 malunt!
1120 1402 1184 1467 Set
1197 1422 1251 1465 neo
1265 1404 1343 1476 dico,

148 1505 232 1585 quod
259 1524 364 1566 omnes
391 1512 464 1567 sunt
494 1506 570 1578 veri,
603 1506 676 1584 quia
697 1505 844 1566 Hulneri
871 1504 999 1565 articuli
1020 1502 1139 1584 aliquot
1160 1510 1235 1564 ssent
1250 1502 1343 1582 salsi.

445 1686 591 1740 Benessins
608 1686 778 1754 praedicator
795 1687 876 1740 castri
894 1686 1045 1754 Prsgensis.
1065 1674 1070 1684 ’

251 1805 342 1869 Inter
370 1810 478 1870 cetera
509 1806 570 1869 sub
597 1805 780 1886 juramento
811 1803 951 1884 deponit,
984 1803 1068 1885 quod
1099 1803 1222 1869 audivit
1251 1824 1272 1869 s
1299 1804 1342 1868 M.

151 1905 280 1970 Andrea
301 1904 396 1983 Brod,
419 1903 503 1985 quod
526 1904 557 1967 in
579 1922 693 1982 magna
714 1903 794 1967 feris
816 1904 928 1984 quinta
949 1921 1018 1967 eum
1041 1903 1185 1969 scholare
1208 1921 1265 1970 suo
1288 1923 1343 1967 au·

152 2006 231 2069 divit
253 2025 272 2069 a
294 2005 378 2070 dicto
400 2003 523 2068 Joanne
544 2003 629 2081 HuS,
658 2003 742 2084 quod
764 2003 960 2085 praedicavit
985 2003 1017 2066 in
1041 2002 1176 2068 ecelesia
1197 2004 1227 2068 S.
1251 2002 1342 2083 Gelli,

153 2106 237 2185 qssod
260 2112 335 2187 post
356 2106 628 2169 consecrationem
650 2105 683 2168 in
706 2112 903 2168 sacramento
926 2105 1036 2169 altaris
1058 2109 1165 2168 manet
1186 2104 1286 2184 panis,
1310 2108 1344 2168 et

154 2204 237 2284 quod
259 2203 338 2269 alias
361 2205 510 2269 haereses
531 2205 571 2269 de
594 2205 684 2269 libris
707 2203 826 2268 Wiklef
844 2203 885 2268 ad
907 2205 1056 2286 populum
1078 2203 1283 2286 praedicavit.

252 2305 435 2387 Numquam
447 2325 566 2385 moqna
578 2305 668 2385 seria
696 2303 751 2367 Vs
764 2304 949 2383 praedicavi
976 2304 1021 2367 od
1041 2303 1073 2367 S.
1104 2303 1249 2384 Gallum,
1281 2305 1344 2367 imo

155 2425 324 2484 numqeeam
345 2405 474 2465 boemico
502 2404 684 2484 praedicasti
705 2404 749 2465 ael
770 2405 800 2464 S.
819 2404 959 2469 Gallum.
998 2403 1054 2469 Vel
1067 2406 1237 2467 Beuessius
1257 2425 1342 2466 rnen·

159 2505 243 2581 titur,
264 2504 452 2584 imponendo
465 2504 597 2566 Brodae
611 2511 639 2564 et
653 2504 791 2566 scholari
804 2525 861 2565 suo
875 2505 1083 2582 mendacium,
1105 2503 1152 2566 uel
1172 2525 1344 2567 econverso

161 2602 208 2664 ille
228 2607 389 2681 mastiter,
411 2605 471 2666 sibi
496 2605 645 2667 Benessio
667 2603 749 2666 illud
770 2605 966 2667 mendacium
987 2605 1162 2670 tranando.
1195 2607 1261 2668 Nee
1280 2606 1344 2667 seio

164 2705 283 2765 domnice
298 2704 398 2766 dicere
414 2705 592 2780 „material”
609 2710 637 2777 ,“
652 2706 733 2784 quod
747 2713 874 2767 sonaret
888 2706 932 2767 ad
941 2707 1147 2786 propositum.
1159 2706 1207 2767 Et
1219 2704 1344 2785 qesando

167 2802 241 2879 tior,
263 2804 344 2885 quod
359 2805 443 2867 alias
468 2806 607 2867 haereses
628 2806 665 2866 ele
681 2805 771 2867 libris
794 2804 912 2887 Wilclef
923 2806 967 2868 ad
986 2806 1139 2885 populum
1151 2805 1343 2886 praedicati,
1425 2848 1430 2860 ·

171 2906 314 2985 mentitur,
337 2907 410 2984 quia
431 2925 484 2968 neo
504 2926 603 2967 unam
624 2906 795 2967 ostenderet
815 2907 978 2979 haeresim,
1000 2927 1092 2986 quam
1102 2907 1344 2986 praedicassem.

288 3090 427 3140 Attoststs
444 3093 472 3141 et
489 3086 612 3154 deposita
629 3103 678 3154 per
697 3086 811 3140 Paulum
828 3086 855 3165 S?
874 3087 974 3141 Csstuli
992 3087 1215 3154 praedicatorem.

256 3203 293 3268 D.
309 3206 425 3269 Paulus
448 3203 651 3285 praedicator
673 3205 746 3268 olins
762 3204 793 3269 S.
809 3205 929 3271 Castuli
945 3207 1003 3270 sub
1016 3207 1196 3285 juramento
1212 3204 1344 3286 deponit

180 3295 380 3384 interessem,
410 3305 494 3385 qnod
515 3304 635 3369 audivit
656 3325 675 3369 s
697 3305 738 3369 M.
761 3307 884 3370 Joanne
905 3304 974 3369 Hus
1005 3307 1036 3369 in
1059 3324 1205 3370 sennenn
1227 3305 1267 3369 ed
1289 3324 1344 3386 po·

180 3398 266 3472 tulum
279 3406 466 3486 praedicari,
489 3405 573 3486 quod
589 3407 621 3469 in
636 3412 834 3471 sacramento
851 3407 961 3471 altaris
977 3414 1049 3487 post
1071 3406 1343 3470 esntsncrationssn

180 3500 334 3570 accidentia
354 3511 484 3570 manent
505 3525 574 3570 eum
602 3506 754 3587 subJeeto,
777 3508 865 3571 utin
889 3508 1049 3589 exemplo:
1071 3507 1163 3571 homo
1186 3507 1219 3571 in
1237 3508 1345 3572 tunica

179 3601 204 3656 et
220 3605 317 3671 anima
337 3607 370 3671 in
393 3624 536 3687 corpore,
559 3607 604 3670 sic
627 3605 704 3670 deus
726 3607 758 3670 in
781 3625 873 3688 pune.

258 3706 337 3768 Eece
357 3726 450 3786 oseam
472 3707 617 3768 intricate
638 3708 695 3768 iste
715 3709 883 3767 mentitur:
901 3708 1016 3786 primo,
1039 3708 1112 3787 quia
1125 3708 1345 3789 asscendens,

172 3804 212 3850 '¹⁶⁶
233 3805 396 3887 ssrljretum
414 3814 516 3886 potest
537 3808 571 3868 in
596 3808 760 3868 Boltemieo
778 3809 971 3886 pertinenter
996 3809 1146 3887 estprinci·
1170 3816 1198 3868 et
1220 3808 1346 3888 quando

169 3885 253 3975 dicte,
278 3914 310 3965 ut
338 3908 374 3968 iu
402 3907 553 3987 ecemplo,
583 3908 673 3968 domo
702 3909 737 3968 in
771 3909 893 3978 tunica,
921 3907 986 3969 stult
1015 3909 1071 3969 iste
1099 3928 1231 3987 usquam
1259 3908 1346 3968 testis

165 3981 272 4079 diere,
298 4006 379 4085 quod
405 4008 495 4068 domo
516 4014 560 4068 eet
582 4009 616 4068 in
639 4008 746 4068 tunica
767 4009 846 4068 sieut
868 4008 1010 4069 accidens
1032 4011 1065 4067 in
1087 4008 1234 4088 subjecto,
1264 4006 1346 4093 qsutd

163 4100 205 4159 ‘9⁰
230 4104 278 4165 ste
296 4106 446 4168 dicissent
467 4107 569 4168 stulte.
607 4108 738 4171 Utinam
759 4115 881 4187 saperet
896 4115 924 4168 et
940 4109 1119 4187 iutelliceret
1135 4127 1181 4167 me
1195 4105 1345 4167 dicentem
1402 4156 1405 4162 .
1437 4156 1440 4160 Α

162 4182 209 4260 ⁸5⁰2
251 4206 328 4282 qseod
355 4207 434 4266 sind
462 4206 553 4266 domo
581 4205 703 4267 relatur
731 4208 855 4280 tunica,
898 4208 943 4269 sic
974 4206 1202 4286 qsstodasnmodo
1223 4203 1344 4267 veletur

165 4299 271 4367 ⁶⁰'Ptee
291 4304 410 4367 Gdriste'
430 4305 543 4387 forma
571 4307 684 4385 panis3
712 4313 741 4366 et
766 4307 848 4367 sicut
876 4308 988 4368 anima
1015 4313 1059 4366 est
1091 4305 1277 4367 abscondito
1308 4306 1345 4366 in
1380 4304 1383 4308 ’

167 4400 291 4479 ⁰⁰li’0re,
312 4407 356 4467 sie
376 4425 487 4485 eorpus
503 4405 622 4468 Christi
643 4407 861 4468 absconditum
882 4415 928 4468 est
948 4408 984 4468 in
999 4409 1112 4487 forma
1123 4406 1229 4485 poam,
1244 4405 1344 4485 justa

174 4537 259 4561 ”N
299 4563 350 4570 ...-

222 4595 247 4662 Ἴ
261 4607 284 4654 ld
300 4617 335 4655 est
350 4612 418 4657 annis
439 4611 500 4656 1408
518 4617 541 4655 et
562 4612 632 4654 1412.

1146 4705 1192 4756 12*
