2992 5258
199 374 258 445 154
458 375 651 431 accusationes
668 375 706 430 M.
724 375 781 431 Hua
799 377 913 445 ejusque
930 393 1069 447 responsa.
1106 383 1129 434 1.

297 579 339 646 Et
358 579 474 660 primo,
497 580 581 661 quod
595 579 676 661 Mgr.
691 581 782 646 Joan.
805 579 883 662 Hns,
907 581 1109 663 praedicator
1130 583 1273 668 capellae
1295 584 1395 653 Sanc·

198 688 303 747 torum
332 682 540 747 innocentum
569 683 601 747 in
623 682 788 748 Bethleem
819 683 947 765 majoris
969 683 1107 750 civitatis
1137 686 1318 768 Progensis,
1352 687 1393 754 de

198 801 280 849 anno
310 782 427 848 domini
453 782 632 866 MCCOOvij
662 791 696 848 et
720 784 757 849 17
780 783 832 848 die
860 784 978 877 mensis
1000 785 1087 865 Julii,
1120 785 1201 852 hora
1229 805 1394 870 nouarum,

198 903 303 950 coram
335 887 418 950 omni
451 885 654 951 multitudine
690 886 798 968 populi
834 885 1001 967 utriusque
1034 903 1130 951 sexus
1163 887 1249 955 inter
1285 897 1396 957 cetera

170 982 175 997 '
198 987 277 1054 dixit
299 988 348 1053 vel
372 988 480 1054 dicere
502 1007 564 1054 uon
587 996 637 1055 est
657 989 789 1070 veritus,
813 996 924 1054 contra
944 990 1243 1056 determinationem
1264 996 1397 1056 sanctae

197 1089 308 1155 matris
331 1090 484 1156 ecclesiae
507 1098 540 1156 et
561 1096 742 1156 sauctorum
769 1099 895 1172 patrum
922 1093 1112 1172 sanctiones,
1135 1092 1168 1156 in
1191 1091 1338 1175 injurium
1363 1097 1398 1158 et

198 1191 230 1255 in
247 1190 462 1272 opprobrium,
485 1209 663 1273 gravamen,
679 1192 850 1263 laesionem
867 1198 900 1257 et
914 1192 1140 1258 detrimentum
1155 1209 1192 1257 ac
1208 1191 1396 1258 scandalum

199 1291 298 1355 totius
321 1291 399 1356 cleri
421 1299 455 1356 et
477 1293 585 1374 populi
608 1292 794 1374 promiscui:
826 1293 910 1374 quod
932 1293 1110 1375 quicunque
1135 1293 1280 1373 exigeret
1300 1311 1320 1359 a
1341 1312 1399 1375 pa·

199 1390 368 1471 rochianiS,
391 1395 580 1474 praesertim
602 1412 621 1458 a
642 1394 846 1475 pauperibus,
869 1412 927 1476 pro
949 1393 1157 1475 confessione,
1180 1393 1346 1460 offertorio
1364 1398 1400 1459 et
1424 1460 1428 1469 ,

199 1510 259 1575 pro
282 1495 488 1559 sacramentis
516 1494 678 1574 ecclesiae,
701 1495 794 1560 videl.
818 1495 1030 1561 eucharistiae
1045 1500 1079 1561 et
1094 1495 1193 1561 sacris
1208 1494 1400 1584 liquoribus,

200 1593 367 1676 baptismo,
399 1596 491 1677 pulsu
514 1614 745 1678 campanarum,
780 1596 945 1678 sepultura
966 1613 1002 1661 st.
1025 1602 1102 1662 tunc
1131 1614 1195 1661 uon
1217 1595 1402 1678 exprimens

201 1713 260 1760 nac
282 1695 490 1777 distinguens,
520 1702 625 1761 utrum
647 1701 722 1761 ante
752 1698 802 1762 vel
830 1703 904 1779 post
931 1696 1195 1762 ministrationem
1217 1714 1402 1763 sacramen·

168 1824 171 1829 >
202 1802 306 1862 torum
334 1797 486 1879 pecunias
521 1797 686 1878 exigendo,
720 1798 759 1863 ab
783 1797 1000 1863 exactionibus
1029 1796 1210 1879 huJusmodi
1239 1795 1403 1864 desistere

202 1915 265 1963 non
287 1898 465 1978 intendens,
501 1905 588 1964 esset
610 1898 804 1976 haereticns3
839 1897 989 1978 inserens,
1024 1896 1108 1979 quod
1138 1914 1248 1962 omnes
1271 1897 1404 1979 plebani

204 2004 312 2064 essent
335 2015 374 2063 ex
395 1999 455 2064 hoc
476 1998 639 2078 haeretici,
662 1999 809 2082 injuriam
824 2017 912 2066 suam
932 1999 1035 2065 solum
1049 1997 1207 2064 malitiose
1223 1996 1402 2079 declarans,

204 2098 261 2166 sed
283 2099 444 2166 contraria
464 2100 637 2180 occultans,
660 2106 771 2167 contra
793 2118 954 2166 sacrorum
985 2117 1140 2165 canonum
1162 2098 1318 2175 instituta,
1345 2098 1406 2165 ubi

204 2200 335 2265 dicitur:
380 2199 425 2281 „E
449 2208 560 2267 contra
581 2220 657 2268 vero
681 2202 806 2284 quidam
829 2203 902 2269 laici
922 2201 1112 2268 laudabilem
1139 2199 1407 2266 consuetudinem

205 2318 282 2382 erga
303 2307 445 2368 sanctam
468 2302 642 2383 ecclesiam,
665 2305 718 2386 pia
739 2285 910 2369 devotione
932 2302 1155 2382 introductam,
1178 2319 1219 2366 ex
1242 2300 1405 2367 fermento

205 2402 386 2468 haereticae
403 2404 570 2484 pravitatis
592 2404 739 2469 nituntur
761 2402 936 2483 infringere
957 2403 1017 2468 sub
1038 2407 1208 2484 praetextu
1230 2400 1407 2468 canomcae

205 2502 365 2584 pietatis-‘⁴
410 2502 573 2585 Sequitur:
610 2505 831 2586 ,erapropter
863 2521 961 2586 snper
993 2503 1043 2567 his
1076 2520 1192 2584 pravas
1217 2500 1407 2569 exactiones

206 2600 276 2670 fieri
298 2602 510 2686 prohibemus,
543 2612 576 2670 et
603 2606 671 2687 pias
701 2604 948 2671 consuetudines
978 2603 1193 2686 praecipimus
1222 2603 1408 2685 observare,

207 2708 396 2784 statuentes,
429 2711 465 2770 ut
493 2705 594 2771 libere
621 2706 825 2772 conserantur
852 2704 1070 2771 ecclesiastica
1100 2708 1312 2785 sacramenta,
1346 2703 1409 2769 sed

208 2824 266 2888 per
288 2805 472 2888 episcopum
493 2805 554 2871 loci
575 2807 712 2871 veritate
735 2807 862 2887 cognita
883 2812 1135 2887 compescantur,
1169 2804 1223 2886 qui
1246 2803 1410 2870 malitiose

208 2905 397 2971 laudabilem
426 2908 688 2973 consuetudinem
711 2909 857 2973 nituntur
878 2908 1055 2987 immutare,
1092 2912 1189 2988 prout
1211 2905 1297 2971 canit
1318 2904 1410 2988 capi·

210 3005 309 3070 tulum
333 3005 392 3087 ,ad
413 3008 637 3090 apostolicam“
662 3008 702 3074 de
725 3008 868 3074 simonia.

309 3104 451 3169 Secundo
473 3109 642 3191 exponitur
664 3110 760 3175 etiam
782 3109 888 3187 vobis,
919 3109 1022 3173 Resme
1044 3108 1155 3187 Pater,
1192 3105 1277 3189 quod
1299 3104 1352 3172 die
1375 3110 1412 3172 et

210 3209 297 3273 lroris
327 3210 497 3275 antedictis
519 3210 681 3293 praelatus
703 3211 744 3276 M.
767 3212 858 3277 loon.
881 3210 951 3275 Has
973 3211 1006 3275 in
1031 3208 1141 3274 eadem
1164 3225 1222 3274 sua
1243 3205 1412 3292 praedica·

211 3309 298 3374 tione
319 3310 446 3393 publica
466 3310 578 3377 habuit
601 3310 725 3389 dicere,
760 3312 895 3394 qualiter
928 3310 1029 3376 felicis
1062 3307 1294 3374 recordationis
1323 3307 1414 3389 ligr.

211 3413 326 3476 Petrus
349 3410 486 3477 Wserub
508 3413 550 3478 sit
571 3420 714 3478 mortuus
738 3419 770 3478 et
792 3412 877 3494 qrrod
898 3417 1010 3478 oretur
1032 3429 1091 3494 pro
1114 3427 1162 3489 eo,
1188 3409 1299 3476 diceus
1321 3407 1414 3475 inter

212 3520 320 3579 cetera
341 3531 405 3577 non
425 3514 459 3578 in
480 3532 610 3594 genere,
632 3514 690 3580 sed
712 3515 753 3580 ad
774 3514 936 3579 individua
958 3511 1198 3578 descendendo:
1231 3507 1414 3593 ,Opinione

212 3633 291 3694 mea,
315 3614 402 3681 salvo
425 3614 476 3681 dei
495 3615 624 3698 jndicio,
647 3635 706 3697 ego
729 3635 792 3681 non
815 3616 992 3697 reciperem
1014 3619 1115 3679 totum
1136 3609 1297 3707 mundum,
1324 3608 1415 3691 quod

215 3715 327 3780 vellem
353 3718 433 3781 mori
462 3735 532 3782 cnm
562 3722 612 3783 tot
634 3726 668 3783 et
690 3716 787 3782 tantis
808 3713 1001 3781 beneficiis.“
1047 3710 1279 3791 consideretis,
1307 3708 1416 3775 lieome

214 3818 319 3895 Pater,
343 3822 449 3883 utrum
463 3819 525 3884 hoc
540 3820 582 3885 sit
596 3819 678 3884 bene
694 3818 920 3901 praedicatum,
944 3822 977 3881 et
998 3820 1105 3880 utrum
1126 3812 1198 3880 talis
1213 3809 1414 3896 praedicatio

214 3916 361 3984 aedificet
374 3918 533 4001 populum,
555 3938 596 3984 an
611 3919 717 4001 potius
732 3938 791 4001 per
808 3918 884 3983 talia
898 3916 984 4007 dicta
998 3914 1186 3981 detrabatur
1200 3910 1311 3979 clero?
1331 3908 1417 3977 Cum

216 4025 321 4084 tamen
334 4019 523 4099 noverimus,
548 4019 724 4101 praelatum
740 4018 781 4082 ll.
798 4019 928 4083 Petrum
942 4017 1059 4081 bonum
1082 4012 1289 4080 christianum
1310 4010 1415 4078 fuisse

216 4128 250 4187 et
264 4118 389 4186 fidelem
404 4120 576 4186 zelatorem
597 4119 681 4200 fidei,
704 4139 767 4185 non
783 4137 911 4184 errores
927 4117 1110 4196 seminasse,
1130 4120 1164 4180 et
1177 4113 1211 4177 in
1228 4112 1417 4196 praesentia

216 4222 325 4288 Vestri
347 4227 422 4286 ante
445 4228 589 4304 tempora
611 4219 730 4285 dixisse
753 4220 929 4301 praelatum
951 4217 994 4282 M.
1016 4215 1096 4294 Hus,
1119 4212 1204 4297 quod
1225 4212 1322 4279 vellet
1343 4211 1417 4279 ani·

217 4342 299 4388 mam
314 4342 403 4389 suam
424 4322 468 4387 ibi
490 4322 567 4405 iore,
590 4321 644 4387 ubi
666 4327 716 4386 est
737 4316 994 4397 animaWicleii3
1018 4317 1072 4400 qui
1094 4322 1200 4382 tamen
1220 4312 1352 4381 notorie
1375 4311 1418 4380 de

219 4429 417 4490 sacramento
449 4423 559 4490 altaris
592 4423 749 4489 notoriam
781 4419 940 4487 haeresim
975 4424 1086 4484 corana
1113 4412 1420 4483 determinationem

219 4530 348 4590 sanctae
375 4525 485 4590 matris
512 4522 666 4590 ecclesiae
689 4522 809 4606 posuit,
840 4521 924 4586 unde
947 4517 1163 4585 remanentiae
1185 4515 1289 4582 adhuc
1310 4530 1420 4583 rema·

220 4630 296 4689 nent
317 4623 396 4690 heul
419 4623 503 4708 apud
525 4624 641 4691 multos
663 4624 696 4689 in
717 4624 777 4690 hac
799 4621 936 4688 civitate.
