2992 5258
217 428 258 491 84
534 422 675 491 Epistolae
694 423 812 492 scriptae
836 424 1009 481 Constantine
1029 429 1093 482 1415

218 633 261 709 ty,
280 625 355 710 jiml
389 643 455 693 sem
473 625 508 708 ja
538 626 653 693 mnobc
686 626 828 694 dobreho
851 627 927 695 tinil
948 648 968 696 a
988 630 1124 697 sedatae
1142 631 1177 715 je
1200 614 1345 716 milonal,
1370 670 1412 683 -

217 729 337 809 prosim
364 726 441 809 wala,
470 729 598 811 prostei
627 725 711 811 pana
739 727 822 796 boba
849 748 888 795 za
917 731 984 811 md,
1013 732 1048 797 at
1074 751 1109 799 se
1134 732 1211 799 mni
1239 732 1306 801 radi
1334 732 1413 818 by'ti,

216 850 243 894 w
265 832 391 902 admito
421 831 539 895 samem
571 828 677 911 nadeji
705 829 786 894 mim
815 850 834 895 a
865 850 893 896 w
915 832 1008 897 walis
1037 833 1200 915 modlitbe,
1229 835 1282 901 iet
1301 836 1345 900 mi
1373 835 1413 901 di

216 930 358 996 setrwati
380 948 407 993 w
429 929 492 994 swe
514 929 633 995 milosti
655 932 691 994 ai
714 930 755 995 do
777 930 876 997 smrti.
904 931 1004 997 Ratui
1025 935 1076 998 mc
1098 935 1233 1016 nyniek
1255 936 1333 1001 sobe
1355 954 1412 1019 po·

212 1031 299 1113 jieti‚
330 1029 395 1097 bud
412 1031 489 1115 jebo
511 1030 610 1096 swatl
631 1028 724 1110 wble3
754 1030 841 1112 palili
871 1031 937 1098 ridi
960 1032 1037 1098 wdm
1059 1036 1109 1099 mc
1130 1035 1305 1117 nawrltiti,
1336 1035 1412 1102 take

214 1135 280 1202 bud
303 1136 379 1218 jeho
408 1133 518 1200 wuole.
551 1132 634 1198 Jiste
661 1132 769 1198 tiebat
795 1133 837 1197 mi
859 1134 927 1216 Jest
956 1135 1068 1200 welike
1097 1137 1285 1219 pomoni3a
1320 1137 1408 1203 wsak

214 1239 313 1318 niem,
336 1240 372 1301 ie
385 1252 426 1301 on
447 1234 634 1316 uepiepusti
656 1252 697 1298 na
718 1234 768 1298 mc
790 1233 965 1301 niiddneho
988 1238 1138 1320 utrpcnie
1159 1236 1411 1320 anipoknsenie,

209 1339 307 1422 Jedno
329 1355 387 1419 pro
409 1335 459 1400 md
482 1354 501 1399 a
522 1353 580 1416 pro
603 1335 686 1399 wado
707 1334 826 1417 lapsis,
849 1335 1000 1418 abychom
1020 1338 1112 1420 jsice
1134 1338 1266 1403 zkuleni
1288 1358 1307 1404 a
1328 1344 1410 1405 setr-

212 1440 338 1522 wajlce,
367 1435 483 1502 weliki
505 1435 636 1518 odplatn
658 1434 757 1501 wreli.

312 1539 340 1603 A
362 1539 462 1602 wdzte
474 1539 511 1601 ie
533 1541 588 1601 ten
603 1535 666 1615 list,
676 1569 679 1573 -
689 1534 801 1618 ktery‘l
824 1554 890 1602 sem
905 1537 983 1602 uini
998 1556 1039 1620 po
1055 1539 1132 1604 sobe
1147 1540 1278 1619 ostawil,
1301 1538 1410 1622 wyjew

213 1661 289 1720 wen,
312 1638 430 1703 welmit
440 1635 493 1720 jsai
512 1636 556 1719 jcj
569 1636 658 1701 ltine
676 1636 855 1718 nepiieteld
877 1638 1016 1703 wlatinn
1032 1640 1187 1722 pieloiili,
1210 1636 1410 1705 aartikulow
1458 1684 1463 1696 .

212 1741 297 1825 proti
313 1741 386 1805 mue
408 1738 521 1806 atolik
540 1735 650 1802 kusdn
672 1736 843 1820 wydawajl,
867 1739 1014 1804 leimam
1037 1740 1120 1806 dosti
1141 1741 1226 1824 pstti
1248 1745 1336 1807 tosto
1352 1739 1410 1806 od·

211 1841 386 1926 powicdaje
401 1859 418 1904 z
434 1839 549 1906 ialiie.
571 1847 598 1903 A
614 1838 708 1903 nenic
725 1837 871 1919 tlowbka,
890 1838 964 1921 jeni
979 1840 1020 1923 by
1036 1840 1168 1924 poradil,
1191 1841 1301 1907 kromc
1316 1841 1408 1906 milo-

210 1942 349 2008 srdneho
381 1941 464 2024 pona
495 1940 617 2019 deiide,
643 1939 716 2020 jani
736 1939 802 2021 jest
823 1938 893 2004 iekl
915 1939 1012 2022 swy‘m
1034 1942 1173 2026 werny'm
1195 1964 1202 2004 ε
1225 1940 1305 2007 Dim
1327 1943 1407 2007 wam

209 2045 281 2109 rista
302 2062 321 2107 a
343 2041 496 2121 mudrost,
514 2040 559 2121 jtt
582 2038 708 2104 nebudii
731 2041 812 2104 moci
827 2039 945 2104 odolati
967 2042 1097 2107 wsiclsni
1120 2043 1295 2126 protiwnlci
1319 2043 1407 2108 wall.

208 2144 236 2209 Ο
258 2142 441 2226 najmilejsll
464 2141 623 2223 pomnbte,
642 2142 678 2204 ie
694 2138 864 2205 radostiwe
880 2142 1037 2223 pracowal
1053 2161 1118 2208 scm
1135 2162 1150 2208 s
1165 2143 1264 2223 nami,
1287 2143 1407 2225 awzdy

207 2245 316 2309 bidem
339 2243 464 2310 waseho
487 2243 646 2324 spascnie,
669 2243 679 2306 i
701 2242 797 2322 nynie
817 2242 867 2322 jsa
888 2262 915 2306 w
937 2242 1034 2307 initii
1056 2263 1074 2307 a
1096 2262 1116 2307 n
1138 2243 1281 2309 welikem
1303 2244 1408 2326 poku-

207 2347 286 2410 senl.
308 2344 378 2409 Dan
400 2343 623 2423 wKonstancl,
648 2343 800 2407 wsobotu
823 2350 878 2407 ten
893 2342 956 2407 den
977 2343 1057 2425 pied
1072 2343 1202 2426 swaty‘m
1223 2344 1407 2410 Fabianam.

306 2460 370 2514 ns
389 2460 515 2514 ninam
531 2475 562 2528 p.
579 2457 624 2512 37.
659 2458 721 2512 ns,
742 2458 880 2528 caepe.
896 2477 927 2528 p.
945 2457 1014 2513 426.

303 2544 380 2598 Edit.
399 2544 506 2612 Hester,
523 2543 549 2604 Ι,
567 2536 628 2595 144.
647 2542 756 2612 (Epist.
773 2544 852 2612 piiss.
870 2543 897 2605 J,
916 2541 994 2596 6-7.
1014 2544 1086 2614 Opp.
1105 2544 1171 2598 Hos
1189 2544 1214 2607 1,
1239 2540 1279 2597 60
1297 2553 1322 2597 ct
1342 2541 1406 2610 76.)

734 2677 752 2713 tlt
855 2676 873 2714 R

793 2721 812 2759 8

302 2861 377 2918 Dens
395 2862 520 2930 dignetur
537 2878 597 2916 esse
617 2861 771 2929 nobiscum,
795 2867 825 2915 ut
841 2861 1021 2929 perseveretis
1043 2862 1071 2915 in
1094 2862 1246 2919 resistendo
1269 2864 1400 2933 malitiae,

202 2946 318 3014 diabolo,
336 2946 435 3001 mundo
452 2953 534 3014 atque
552 2946 637 3000 carni.

301 3030 452 3084 Carissimil
478 3030 554 3098 Rogo
581 3045 628 3084 vos
655 3045 704 3098 ego
731 3028 829 3084 sedens
854 3029 882 3082 in
909 3044 1034 3097 carcere,
1058 3031 1138 3100 cnjus
1164 3046 1206 3085 me
1232 3046 1286 3085 non
1304 3032 1400 3101 pudet,

201 3131 282 3182 quum
294 3115 419 3182 patierin
430 3130 478 3182 spe
497 3122 607 3183 propter
625 3112 714 3181 deum,
732 3113 777 3180 qui
792 3113 909 3166 visitavit
925 3128 967 3166 rne
977 3114 1185 3181 propitie2etiam
1203 3113 1295 3168 morbo
1311 3117 1400 3184 gravi,

200 3214 232 3253 ac
248 3214 343 3254 rursus
360 3214 403 3253 me
421 3199 534 3265 sanavit,
553 3197 714 3265 admisitque
732 3197 854 3250 inimicos
871 3212 1002 3264 perquam
1011 3199 1164 3265 pertinaces
1182 3215 1238 3266 eos,
1256 3214 1324 3265 quos
1342 3215 1395 3268 ego

201 3283 295 3336 multis
311 3282 450 3337 beneficiis
469 3281 613 3336 effeceram
631 3268 666 3335 'et
689 3281 794 3336 sincere
818 3294 985 3347 amaveram
1002 3309 1035 3319 —
1057 3298 1113 3348 oro,
1131 3284 1232 3349 rogetis
1250 3282 1329 3337 deum
1347 3300 1397 3351 pro

200 3381 251 3434 me,
270 3373 300 3419 ut
317 3381 421 3421 mecum
445 3380 505 3420 esse
530 3364 669 3433 dignetur,
696 3364 723 3417 in
747 3379 800 3431 quo
826 3364 884 3418 solo
908 3379 983 3432 spem
1000 3365 1088 3418 habeo
1111 3371 1193 3432 atque
1216 3366 1243 3419 in
1268 3368 1397 3435 precibus

200 3451 304 3518 vestris,
322 3449 457 3504 facturum
475 3464 535 3503 esse
554 3464 624 3515 enm,
643 3454 674 3501 nt
690 3461 861 3514 perseverem
883 3448 910 3500 in
933 3448 1021 3515 gratia
1039 3463 1089 3501 sua
1110 3463 1197 3516 usque
1220 3449 1255 3502 ad
1271 3458 1395 3505 mortem.

200 3534 228 3586 Si
246 3534 296 3588 hoc
314 3540 434 3602 tempore
453 3532 608 3600 dignabitur
624 3532 745 3599 recipere
763 3546 805 3583 me
824 3530 858 3584 ad
878 3546 916 3599 ae,
941 3531 989 3585 liat
1006 3531 1130 3585 voluntas
1148 3531 1208 3599 ejus
1226 3540 1333 3587 sancta:
1352 3537 1395 3589 sin

198 3619 314 3672 voluerit
330 3634 373 3672 me
392 3618 563 3686 superstitem
587 3616 662 3670 vobis
684 3614 812 3683 reddere,
838 3615 887 3669 liat
903 3615 996 3668 itidem
1014 3615 1137 3670 voluntas
1162 3616 1230 3684 ejus.
1266 3616 1393 3673 Profecto

197 3701 304 3771 indigeo
322 3718 394 3756 nnnc
411 3702 527 3755 marimo
545 3700 661 3767 auxili03
680 3699 735 3753 scio
756 3705 855 3766 tamen,
873 3698 953 3754 deum
971 3716 1024 3753 non
1042 3715 1103 3753 esse
1126 3701 1308 3757 immissurum
1327 3702 1393 3757 mibi

198 3787 379 3841 calamitatem
397 3801 447 3839 nec
459 3785 634 3838 tentationem
652 3783 743 3850 aliam,
761 3784 814 3837 nisi
831 3798 900 3850 quae
918 3784 983 3837 mihi
995 3784 1129 3851 ‘vobisque
1147 3784 1226 3839 cedat
1243 3785 1271 3839 in
1282 3786 1393 3850 bouum,

197 3876 227 3924 nt
244 3871 384 3925 exercitati
403 3876 431 3924 et
447 3876 655 3938 perseverantes
672 3882 798 3934 magnum
816 3867 967 3922 referamus
984 3869 1142 3936 praemium.
1239 3885 1243 3894 ·

296 3955 397 4009 Scitote
415 3960 514 4021 autem,
534 3968 581 4006 eas
599 3952 700 4014 literas,
718 3968 786 4020 quas
803 3951 879 4005 vobis
905 3952 1075 4020 reliqueram,
1094 3969 1176 4020 quum
1194 3954 1246 4008 iter
1263 3970 1390 4022 capesse·

195 4054 262 4107 rem,
279 4039 402 4093 inimicos
419 4053 549 4106 perquam
568 4037 637 4092 false
650 4038 841 4104 interpretatos
860 4051 920 4089 esse
934 4036 1027 4104 latine,
1046 4042 1138 4104 totque
1156 4045 1249 4091 contra
1266 4054 1309 4092 me
1326 4039 1391 4092 arti-

196 4123 271 4176 culos
289 4123 416 4189 scribunt,
436 4128 465 4175 nt
483 4123 550 4175 satis
567 4120 669 4175 laboris
687 4119 802 4173 habeam
820 4119 847 4172 in
865 4135 974 4173 carcere
994 4120 1032 4173 eis
1050 4119 1246 4188 respondendo.
1272 4121 1331 4175 Nec
1348 4128 1390 4176 est

194 4207 344 4274 qnisquam,
363 4206 410 4273 qui
428 4204 500 4258 adsit
517 4205 637 4271 consilio,
655 4204 707 4257 nisi
725 4203 879 4256 misericors
896 4202 1019 4256 dominus
1036 4203 1130 4270 lesus,
1155 4206 1199 4270 qni
1218 4203 1287 4258 dixit
1303 4205 1389 4259 tideli-

194 4289 244 4343 bua
262 4290 333 4343 suis:
350 4290 428 4344 Dabo
446 4290 521 4344 vobis
539 4304 569 4342 os
587 4295 615 4341 et
632 4287 801 4355 sapientiam,
819 4288 862 4340 cui
880 4302 933 4342 non
945 4294 1074 4354 poterunt
1091 4288 1218 4342 resistere
1230 4304 1323 4343 omncs
1341 4288 1388 4343 ad·

194 4373 304 4428 versarii
314 4375 403 4428 vestri.
428 4373 451 4428 Ο
468 4373 611 4427 carissimi!
636 4379 807 4438 mementote,
827 4386 868 4425 roe
887 4372 957 4424 omni
977 4371 1066 4425 studio
1084 4370 1220 4425 vobiscum
1238 4370 1387 4439 laborasse,

193 4473 351 4526 semperque
361 4465 454 4527 optare
468 4457 582 4511 salutem
601 4463 726 4522 vestram,
744 4456 826 4509 ctiam
838 4472 909 4509 nuuc
921 4456 1095 4509 constitutum
1108 4457 1134 4509 in
1152 4470 1260 4509 carcere
1277 4470 1387 4524 magna·

192 4558 244 4609 que
261 4542 418 4596 tentatione.
453 4541 512 4596 Dat.
532 4540 715 4607 Constantine,
733 4539 848 4594 sabbato
865 4540 891 4592 in
911 4539 1002 4608 vigilia
1021 4540 1048 4595 S.
1064 4539 1186 4593 Fabiani.
