2992 5258
152 404 214 467 318
363 398 437 453 Petri
454 398 489 454 de
505 398 683 454 Mladonowic
700 400 797 455 relatio
815 400 849 456 de
866 399 903 456 M.
921 400 947 455 J.
965 401 1025 457 ssus
1041 417 1135 458 cauea:

153 607 186 667 et
207 601 412 680 consignavit
457 599 534 664 Cum
556 606 663 666 autem
685 603 903 684 responderet,
922 610 998 669 tunc
1017 605 1186 670 cardinalis
1199 605 1345 673 Camena·

152 703 257 767 censis
279 701 359 766 dixit
381 701 421 766 ad
445 720 531 765 eum:
554 703 700 767 Taceatis
722 722 814 783 nunc,
838 704 920 768 bene
942 711 1056 785 postea
1070 708 1163 771 simul
1178 707 1219 770 ad
1234 726 1345 773 omnes

152 802 396 885 respondebitis.
440 802 482 867 Et
503 803 545 866 M.
567 803 708 867 loannes
730 803 911 885 respondit:
936 805 978 869 Et
1001 806 1156 885 qrromodo
1180 806 1283 872 debeo
1305 808 1345 872 ad

152 921 261 968 omncs
283 903 375 966 simul
397 903 603 983 respondere,
626 921 696 967 cum
718 922 782 968 non
804 922 933 984 possum
955 923 1010 971 cos
1027 907 1118 970 simul
1135 925 1246 971 ornnes
1262 909 1345 989 cogi·

152 1004 245 1068 tare?
287 1004 365 1068 Cum
380 1020 455 1081 ergo
475 1021 601 1066 rursum
622 1003 662 1068 ad
684 1004 763 1068 alios
785 1004 846 1068 sibi
868 1004 1009 1086 obJectos
1024 1010 1058 1069 et
1074 1007 1189 1071 ibidem
1204 1026 1345 1088 pronun·

151 1103 248 1168 tiatos
269 1103 465 1184 respondere
488 1109 668 1184 conaretur,
689 1123 825 1185 surgons
848 1105 1016 1170 cardinalis
1037 1107 1243 1172 Florentinus
1266 1107 1345 1173 dixit

152 1208 197 1271 ei:
220 1206 337 1271 Taceas
359 1223 458 1281 nunc:
478 1205 544 1285 jam
566 1206 648 1269 enim
672 1204 867 1271 suubicienter
888 1214 920 1270 te
942 1206 1127 1270 erudivimus.
1160 1208 1203 1273 Et
1217 1227 1345 1273 rursum

151 1308 192 1373 ad
213 1305 354 1371 bedellos
377 1305 471 1370 dixit:
493 1305 652 1371 Mendetis
667 1307 736 1384 sibi,
760 1313 796 1370 ut
811 1312 925 1372 taceat.
960 1306 1002 1371 Et
1017 1307 1061 1371 Mr
1084 1307 1153 1372 Hus
1175 1308 1345 1396 complosis

150 1407 294 1473 manibus
318 1411 351 1470 et
378 1406 443 1469 alta
467 1423 544 1470 uoce
573 1407 772 1487 supplicabat
801 1407 925 1471 dicens:
965 1408 1059 1490 ,Rogo
1081 1414 1215 1490 proptor
1239 1408 1345 1486 deum,

151 1507 288 1572 audiatis
315 1525 375 1583 me,
408 1523 449 1567 ne
477 1511 620 1570 astantes
648 1505 790 1584 credant,
823 1525 873 1570 me
896 1525 1024 1571 errores
1047 1508 1199 1585 tenuisse,
1234 1513 1344 1572 tamen

151 1625 274 1671 mecum
302 1606 424 1670 iacietis
452 1612 572 1687 posteo,
596 1606 680 1685 quod
709 1607 847 1686 placebit
868 1607 967 1671 vobis
1010 1606 1088 1670 Cum
1110 1614 1219 1671 autem
1240 1607 1345 1691 probi·

150 1708 291 1784 beretur,
312 1725 354 1769 ne
376 1707 544 1787 quidquam
567 1706 716 1785 loquatur
738 1725 795 1770 seu
817 1708 858 1771 ad
886 1707 946 1771 sibi
969 1713 1044 1770 tunc
1066 1707 1192 1788 objecta
1213 1723 1345 1788 respon·

152 1806 235 1878 dent,
266 1805 398 1871 flectens
431 1824 534 1885 gerarte
566 1805 736 1887 complosis
768 1806 914 1870 manibus
948 1813 981 1871 et
1010 1807 1126 1872 erectis
1159 1807 1191 1871 in
1222 1807 1345 1871 coelum

151 1908 252 1974 oculis
281 1905 486 1971 devotissime
508 1906 629 1985 orabat,
663 1925 752 1970 suam
789 1924 916 1971 cucusam
949 1907 1008 1971 deo
1038 1907 1216 1988 justissimo
1247 1906 1345 1988 iudici

152 2006 388 2075 committendo.
431 2007 474 2071 Et
495 2007 555 2070 hoc
576 2006 660 2071 idcm
681 2008 810 2072 iteratis
832 2007 954 2072 vicibus
976 2013 1049 2072 tunc
1070 2006 1217 2072 faciebat.

253 2106 370 2171 Finitis
400 2123 476 2185 ergo
502 2107 645 2171 articulis
675 2126 715 2171 ex
744 2106 861 2171 libellis
884 2106 953 2187 ejus
976 2107 1136 2179 extractis,
1159 2106 1345 2196 pronuntia3

150 2208 267 2273 bantur
288 2206 415 2272 articuli
437 2224 476 2270 ex
497 2223 650 2287 processu
673 2223 796 2285 causae,
819 2207 872 2287 qui
887 2226 946 2288 per
969 2206 1200 2287 depositionem
1215 2205 1345 2271 testium

151 2316 183 2380 in
213 2327 286 2374 eum
313 2305 442 2388 probari
470 2311 503 2370 ct
531 2306 592 2371 sibi
614 2307 709 2388 objici
730 2307 928 2371 dicebantur.
971 2308 1020 2372 Ad
1042 2325 1176 2388 quorum
1198 2306 1345 2386 singulos

151 2422 228 2477 tunc
259 2408 400 2489 objectos
432 2411 533 2471 testes
556 2407 718 2488 plebanae,
752 2408 920 2471 canonicos
955 2414 988 2472 ct
1021 2407 1169 2473 doctores
1195 2426 1235 2471 ac
1267 2405 1345 2471 alios

151 2511 326 2594 praelatos,
359 2522 422 2570 non
445 2506 623 2571 nominibus
645 2507 802 2588 propriis,
831 2505 888 2570 sed
910 2508 1089 2571 nominibus
1112 2504 1292 2572 officiorum
1314 2509 1345 2569 ct

151 2611 292 2674 locorum
323 2605 487 2671 dumtaxat
518 2606 632 2687 positis
663 2606 859 2670 adducentes
893 2606 1113 2686 nominabant3
1147 2607 1234 2672 inter
1268 2622 1345 2686 quos

152 2726 233 2773 unus
261 2707 322 2772 luit
349 2707 410 2772 istc
438 2705 608 2785 articulusl,
642 2705 727 2786 quod
758 2711 831 2786 post
863 2706 1136 2772 consecrationem
1166 2706 1294 2771 hostiae
1314 2703 1345 2768 in

150 2809 245 2874 altari
269 2813 396 2872 maneat
422 2807 513 2889 panis
540 2806 712 2870 materialis
741 2807 791 2870 vel
821 2806 1004 2871 substantia
1025 2807 1132 2888 panis;
1155 2807 1233 2870 item
1255 2805 1345 2883 alius,

150 2909 235 2991 quod
256 2907 405 2974 sacerdos
428 2908 568 2972 existens
589 2908 622 2970 in
643 2912 774 2987 peccato
797 2908 923 2971 mortali
944 2924 1008 2972 non
1030 2904 1165 2986 conficit,
1187 2925 1255 2972 non
1270 2923 1345 2972 oon·

151 3015 265 3090 secret,
281 3008 503 3089 nonbaptisat,
517 3007 606 3071 etita
618 3006 657 3070 de
671 3008 797 3071 ceteris.
820 3007 908 3071 Tunc
924 3027 993 3071 cum
1005 3007 1050 3071 llir
1071 3008 1216 3072 loannes
1230 3007 1345 3072 iterum

151 3128 286 3190 surgens
315 3110 411 3173 vellet
438 3107 645 3189 respondere,
675 3107 844 3172 cardinalis
865 3108 1069 3173 Florentinus
1091 3108 1196 3187 ipsum
1218 3124 1342 3173 rursum

151 3211 315 3293 prohibuit
345 3207 553 3285 inclamando,
587 3215 621 3272 et
653 3208 722 3289 ipse
756 3210 866 3288 utique
899 3208 1097 3289 respondens
1128 3207 1225 3273 dixit:
1255 3208 1343 3289 Rogo

151 3316 284 3393 propter
306 3310 410 3389 deum,
442 3309 579 3373 erudiatis
602 3308 811 3374 intentionem
837 3326 948 3386 meam,
981 3317 1015 3372 et
1036 3312 1169 3389 propter
1191 3314 1342 3386 astantes,

150 3429 192 3475 ne
208 3409 347 3487 credant,
362 3410 443 3472 istos
458 3426 611 3472 erroneos
628 3427 679 3472 me
696 3409 851 3486 tenuisse;
868 3407 951 3471 unde
974 3407 1054 3487 dico,
1078 3407 1162 3488 quod
1176 3425 1345 3488 numquam

151 3510 256 3588 tenui,
289 3527 349 3573 nec
377 3508 483 3588 docui,
517 3498 577 3572 nec
606 3508 801 3590 praedicavi,
835 3509 920 3589 quod
945 3510 978 3573 in
1004 3516 1204 3574 sacramento
1236 3506 1344 3575 altaris

151 3617 314 3673 remaneat
346 3617 419 3690 post
442 3609 713 3675 corasecratiouem
734 3609 825 3690 panis
853 3610 1036 3675 materialis.
1073 3609 1116 3674 Et
1148 3624 1345 3690 consequen·

152 3717 203 3776 ter
225 3710 265 3774 ad
297 3710 375 3775 alios
397 3710 571 3791 respondit,
604 3709 777 3774 secundum
806 3709 892 3790 quod
913 3711 951 3776 de
981 3729 1076 3775 manu
1104 3728 1176 3777 sua.
1192 3715 1245 3775 est
1271 3725 1344 3777 con·

153 3812 320 3891 signatum.

250 3909 380 3975 Interea
408 3909 502 3975 etiam
531 3909 717 3989 objecerunt
746 3910 809 3974 sibi
837 3910 1015 3989 articulum,
1039 3910 1196 3992 quomodo
1218 3911 1345 3993 ipsese

150 4016 296 4092 quartam
316 4010 385 4075 fore
406 4015 440 4073 et
455 4026 526 4073 esse
542 4028 712 4091 personam
726 4011 759 4075 in
774 4010 897 4090 divinis,
921 4018 957 4075 ut
971 4012 1142 4093 ponebant,
1165 4013 1345 4093 posuissct;

151 4117 187 4177 et
206 4111 295 4175 illum
315 4108 483 4175 articulum
505 4129 563 4189 per
586 4129 682 4174 unum
697 4110 861 4176 doctorem
876 4112 1101 4193 probauerunt.
1134 4112 1178 4178 Et
1191 4113 1345 4194 magister

151 4210 245 4275 dixit:
267 4209 455 4275 Norninetur
476 4209 530 4272 ille
552 4209 673 4289 doctor,
696 4211 750 4290 qui
773 4212 833 4277 hoc
855 4219 966 4276 contra
986 4231 1037 4277 me
1053 4219 1192 4278 testatus
1206 4218 1269 4278 est
1300 4210 1343 4279 Et

150 4310 361 4392 pronuntians
388 4310 557 4391 episcopus
587 4309 680 4375 dixit:
704 4310 776 4375 Non
806 4319 857 4376 est
883 4313 937 4377 hic
965 4331 1050 4378 nunc
1072 4329 1162 4394 opus,
1185 4320 1222 4377 ut
1243 4312 1343 4379 nomi·

149 4417 254 4475 netur.
297 4408 339 4474 Et
359 4411 513 4492 magister
535 4410 732 4492 respondens
754 4412 839 4476 inter
859 4413 921 4479 alia
943 4413 1041 4478 dixit:
1064 4413 1158 4478 Absit
1179 4432 1201 4479 a
1220 4430 1272 4477 me
1286 4412 1343 4479 mi·

151 4526 233 4591 sero,
263 4509 347 4590 qrrod
373 4529 424 4576 me
453 4518 597 4593 quartam
626 4530 794 4593 porsonam
821 4515 854 4577 iu
883 4514 998 4578 divinis
1028 4513 1141 4577 uellem
1171 4513 1343 4591 nominare,

151 4627 221 4674 cum
248 4626 308 4676 nec
337 4611 398 4676 hoc
427 4611 459 4675 in
489 4629 544 4677 cor
573 4630 677 4677 meum
711 4612 872 4692 ascendit3
909 4613 967 4680 sed
1002 4619 1188 4680 constanter
1225 4628 1342 4693 assera
