2992 5258
154 410 217 470 224
389 402 583 458 decusationes
600 403 637 457 M.
655 403 681 458 J.
699 402 758 457 llus
776 402 891 471 ejusque
909 417 1051 470 responso.
1085 405 1111 459 9.

248 607 309 665 Iste
343 606 482 665 articulus
505 612 551 665 est
572 608 676 679 plenus
705 606 879 675 mendaciis,
910 608 992 680 cujus
1021 606 1189 666 formationi
1216 609 1344 667 aestimo

154 708 226 768 dicit
254 709 340 767 deus:
363 706 439 765 Tota
464 706 512 766 die
534 707 708 779 injustitiam
738 708 877 780 cogitavit
902 708 1002 780 lingua
1030 713 1088 776 tuo,
1111 707 1186 766 sicut
1205 708 1351 767 novacula

157 814 255 880 acuta;
276 806 374 867 fecisti
391 806 497 874 dolum,
521 807 649 865 dilexisti
665 808 801 866 malitiam
817 823 907 878 super
927 808 1144 880 benignitatem,
1165 807 1351 881 iniquitatem

154 908 235 980 loqui
255 907 347 980 magis
370 922 454 979 quam
476 906 661 978 aequitatem.
703 906 814 966 Fateor
835 907 959 979 quidem,
982 907 1059 979 quod
1081 907 1197 966 literam
1219 915 1289 980 post
1304 923 1349 979 me

156 1007 252 1065 dimisi
272 1006 310 1064 ad
325 1008 481 1080 legendum
496 1007 615 1080 populo,
639 1023 712 1079 quae
729 1008 869 1084 continet,
891 1013 923 1065 ut
936 1013 1095 1078 pensantes
1110 1007 1241 1066 laborem
1254 1025 1350 1066 meum

155 1107 321 1179 sollicitum,
351 1123 435 1179 quem
465 1123 529 1165 curn
556 1107 599 1166 eis
627 1107 725 1180 habui,
747 1113 866 1166 orarent
888 1123 941 1178 pro
963 1124 1009 1166 me
1032 1113 1063 1166 et
1083 1113 1195 1166 starent
1225 1107 1256 1165 in
1278 1107 1349 1168 doc·

154 1207 234 1266 trina
245 1207 354 1267 domiui
365 1208 436 1266 Jesu
449 1206 566 1277 Christi,
582 1208 716 1277 scientes,
733 1208 800 1281 quia
814 1224 967 1279 numquam
983 1208 1025 1265 eis
1041 1206 1208 1278 praedicari
1222 1222 1350 1292 errores,

154 1323 227 1380 quos
256 1306 326 1365 mihi
354 1306 464 1364 inimici
492 1307 655 1377 ascribunt,
689 1314 718 1365 et
740 1308 765 1365 si
787 1308 920 1366 vincerer
941 1323 995 1379 per
1016 1306 1107 1364 salsos
1129 1312 1236 1384 testes,
1271 1306 1349 1379 quod

151 1423 210 1466 uon
232 1408 436 1477 turbarentur,
469 1405 522 1463 sed
550 1411 663 1469 starent
689 1402 738 1462 fixi
765 1405 796 1463 in
826 1405 958 1467 veritate.
1002 1404 1061 1464 Sed
1083 1407 1160 1478 quod
1180 1405 1349 1480 intelligere

154 1506 296 1565 voluerim
319 1505 355 1564 de
377 1503 459 1562 XLV
480 1505 610 1563 articulis
633 1510 664 1562 ct
685 1504 722 1562 de
744 1505 819 1573 aliis,
841 1504 946 1562 salsum
969 1505 1039 1562 dicit
1060 1503 1201 1563 formator
1222 1488 1349 1576 articuli,

152 1604 247 1665 factus
269 1604 343 1664 false
366 1613 512 1667 scrutator
533 1607 630 1664 cordis
652 1606 717 1668 mei.
760 1605 800 1664 Et
820 1611 910 1677 patet,
939 1606 1016 1678 quod
1036 1606 1094 1664 iste
1116 1604 1258 1664 articulus
1282 1605 1348 1677 plus

153 1705 298 1765 mendacii
319 1707 450 1766 continet
471 1721 555 1779 quam
577 1705 719 1766 ueritatis.

253 1808 302 1864 42.
322 1805 362 1864 It.
391 1807 469 1880 quood
502 1808 656 1878 postquam
682 1805 743 1876 fuit
770 1807 797 1861 et
826 1801 971 1876 applicuit
994 1801 1199 1873 Constantius,
1230 1804 1352 1876 scripsit

152 1921 203 1962 secl
224 1902 320 1964 ‘scribi
343 1907 416 1978 fecit
436 1906 477 1963 cd
497 1921 618 1978 requam
639 1902 806 1976 Bohcmiae,
827 1904 906 1976 quod
920 1919 1007 1974 papa
1028 1907 1055 1961 ct
1075 1905 1237 1974 cooperator
1256 1904 1349 1963 liono-

151 2008 293 2064 raoertmt
319 2023 384 2064 cum
412 2009 439 2064 ct
460 2023 525 2064 mom
551 2005 660 2063 bonore
681 2007 885 2075 marcuerunt,
917 2007 944 2062 ct
964 2004 1043 2078 quod
1057 2020 1144 2075 papa
1163 2004 1287 2062 arceat
1307 2000 1350 2063 ad

152 2122 217 2162 etim
238 2105 313 2163 duos
331 2106 481 2178 episcopos
508 2105 550 2162 cd
581 2104 847 2176 confoederandum
867 2122 929 2162 cum
951 2105 1021 2176 sibi3
1056 2108 1083 2162 et
1113 2104 1166 2162 boc
1193 2102 1349 2176 scripsisse

149 2204 266 2261 videtur
292 2205 333 2261 ud
359 2204 421 2275 boc,
450 2203 528 2278 quod
555 2221 586 2262 sc
616 2203 798 2274 consumaret
823 2203 857 2262 in
885 2205 949 2262 suis
978 2205 1129 2265 erroribus
1155 2207 1184 2263 et
1198 2205 1350 2274 peruersis

151 2303 343 2376 docmatibus,
364 2321 439 2377 quus
456 2303 646 2377 praedicauit
667 2307 694 2360 ct
720 2303 819 2361 docuit
839 2304 872 2361 io
892 2304 956 2362 illis
971 2304 1118 2375 partibus.
1161 2302 1204 2360 Et
1223 2304 1269 2362 itu
1288 2304 1350 2377 fui

151 2407 179 2462 ct
199 2407 241 2462 cst
260 2421 370 2472 uerum,
392 2404 540 2463 notorium
560 2406 586 2461 et
606 2404 802 2475 manifestum.

178 2500 182 2508 '
252 2504 313 2563 Iste
335 2504 475 2563 articulus
491 2520 509 2561 a
524 2504 619 2576 capite
642 2502 746 2562 falsum
768 2503 858 2576 ponit
892 2501 1042 2574 Quomodo
1066 2502 1140 2561 enim
1164 2503 1351 2576 scripsissem

153 2603 306 2663 manifeste
329 2602 442 2674 falsum,
464 2604 541 2676 quod
563 2619 642 2675 papa
662 2609 692 2662 et
712 2603 873 2683 imperator
888 2602 1105 2662 honoraverunt
1119 2620 1174 2680 me,
1197 2621 1263 2664 cum
1278 2606 1350 2664 scri·

150 2704 261 2776 pserim
273 2704 439 2776 aliquoties,
461 2704 539 2777 quod
561 2703 656 2763 adhuc
677 2704 823 2762 nescimus
846 2704 1096 2776 certitudinalitcr,
1118 2704 1168 2762 ubi
1190 2712 1238 2764 est
1259 2706 1352 2778 impc-

150 2809 246 2876 rator;
267 2809 297 2863 et
317 2811 472 2877 antequam
493 2806 573 2863 venit
593 2807 752 2877 imperator
767 2804 974 2874 Constantiam,
997 2819 1052 2877 ego
1074 2802 1116 2861 lui
1137 2804 1233 2864 tribus
1256 2806 1348 2865 ebdo-

149 2903 244 2963 madis
264 2904 295 2962 in
317 2905 492 2976 captivitate.
536 2903 671 2964 Scribere
693 2912 788 2963 autom
817 2904 854 2962 de
884 2920 1010 2974 carcere,
1040 2904 1117 2976 quod
1145 2920 1192 2962 ms
1222 2906 1350 2965 bonora-

150 3011 261 3073 veruut,
283 3003 408 3077 populus
435 3004 520 3077 regni
541 3005 697 3063 Bohcmiae
718 3003 800 3062 illum
827 3004 974 3062 honorem·
989 3020 1047 3062 nou
1075 3003 1145 3062 mihi
1166 3020 1221 3077 pro
1243 3021 1352 3080 magns

151 3103 245 3177 gloria
273 3110 439 3176 reputarem
466 3104 576 3164 inimici
604 3111 700 3163 tumen
730 3104 787 3162 mci
816 3104 950 3163 dicerent
969 3104 1089 3174 ironico,
1112 3105 1190 3177 quod
1213 3123 1277 3164 sum
1300 3122 1351 3165 se·

152 3203 274 3263 cundum
301 3220 400 3262 eorum
428 3205 565 3276 placitum
584 3205 753 3266 honoratus.
783 3202 868 3264 Unde
896 3203 987 3265 salsus
1010 3211 1055 3265 est
1075 3205 1132 3270 iste
1155 3206 1297 3265 articulus
1318 3207 1354 3266 im

152 3305 308 3378 capitem
330 3306 426 3365 modio
449 3313 480 3364 et
500 3306 530 3364 iu
552 3307 654 3368 cauda.
