2992 5258
152 408 215 471 282
357 402 431 457 Patri
448 402 482 457 de
499 402 677 457 Mladenowic
695 400 795 457 relatio
814 401 847 458 de
865 402 903 457 M.
920 402 946 459 J.
963 403 1023 458 Has
1041 419 1138 460 eausa:

123 650 126 655 -
151 611 253 671 tatum
274 605 462 669 Parisiensis
485 612 518 668 et
539 604 748 669 Bononiensis
770 604 840 686 ipse
872 604 1029 684 fundavit;
1056 612 1088 671 et
1117 606 1178 688 ipsi
1200 608 1349 674 nolentes

151 705 186 768 in
207 706 267 770 hoc
288 705 356 784 rogi
378 703 567 782 consentire,
597 703 795 785 juraverunt,
819 704 903 786 quod
924 712 1094 786 antequam
1115 707 1176 771 hoc
1198 706 1348 773 admitte

152 811 241 880 rent,
264 804 348 886 quod
368 804 454 868 natio
477 804 647 868 Bohemiue
676 804 811 869 haberet
832 811 898 869 tres
921 823 1015 868 voees
1039 811 1072 869 et
1091 805 1173 870 aliae
1197 808 1344 873 stationes

152 923 255 983 uuam,
278 902 362 984 quod
374 904 480 984 potius
492 903 612 968 vellent
633 903 672 967 de
688 903 896 968 universitate
909 905 1062 984 Pragensi
1083 904 1236 970 recedere
1259 906 1348 971 etad

153 1004 239 1069 illam
253 1005 357 1084 gratia
373 1003 470 1068 studii
484 1003 619 1084 amplius
634 1021 697 1067 non
710 1003 844 1082 reverti;
862 1011 894 1068 et
909 1004 969 1069 hoo
980 1003 1193 1083 juramentum
1208 1013 1347 1085 quatuor

152 1104 300 1184 gravibus
315 1103 436 1184 poenis,
459 1103 525 1167 soil.
541 1102 685 1184 perjurii,
708 1101 783 1167 fidei
803 1109 837 1168 ot
850 1104 988 1182 honoris,
1013 1103 1348 1169 excommunicationis

152 1210 184 1268 et
200 1208 326 1268 centurn
341 1201 508 1282 sexagenis
523 1218 570 1281 gr.
587 1200 861 1266 confirmaverunt.
878 1202 921 1267 Et
935 1202 1107 1267 ostendens
1123 1202 1223 1284 digito
1247 1221 1347 1285 super

151 1302 317 1368 Albertam
337 1302 549 1382 Warentrape
564 1300 659 1365 dixit:
683 1301 725 1365 Et
746 1301 870 1367 hioluit
891 1320 972 1366 unus
990 1301 1030 1368 de
1050 1302 1123 1380 illis,
1145 1302 1198 1383 qui
1218 1301 1347 1383 jurave·

151 1408 236 1482 runt,
252 1408 286 1466 et
300 1410 369 1467 erat
380 1406 456 1465 ωηο
477 1400 615 1466 decanus
626 1400 787 1466 facultatis
808 1402 933 1466 artium.
956 1401 998 1465 Et
1012 1402 1083 1483 ipse
1098 1419 1233 1482 surgens
1248 1402 1345 1467 dixit:

153 1501 333 1569 Reverendi
347 1501 473 1582 patresl
496 1518 536 1564 ne
552 1500 697 1565 dominus
718 1501 811 1566 Joan.
833 1501 903 1565 Hus
925 1501 958 1564 in
973 1501 1039 1565 suis
1051 1501 1189 1565 narratis
1205 1506 1240 1565 et
1253 1500 1348 1567 dietis

152 1601 304 1667 credatur
319 1600 439 1664 habere
460 1601 639 1677 veritatem,
661 1601 787 1682 placeat
800 1618 850 1664 ma
866 1600 994 1679 audire;
1017 1605 1050 1665 et
1064 1618 1127 1664 non
1143 1607 1194 1665 est
1207 1600 1349 1666 auditus.

250 1701 382 1765 Interim
408 1699 493 1764 Naso
515 1717 650 1780 surgens
672 1699 771 1764 dixit:
794 1699 974 1763 Reverendi
997 1701 1120 1779 patresl
1143 1699 1275 1765 Placeat
1295 1719 1346 1765 me

151 1799 271 1866 audire.
304 1799 353 1863 Ex
381 1819 443 1880 quo
475 1800 551 1864 facit
579 1799 630 1864 lrie
657 1799 849 1864 mentionem
874 1798 913 1863 de
940 1798 1138 1862 nationibus:
1165 1799 1242 1864 milri
1265 1800 1348 1865 bene

152 1907 290 1979 constat,
327 1900 401 1981 quia
422 1906 498 1964 ωηο
524 1916 610 1962 eram
632 1916 701 1964 cum
729 1916 805 1977 rege
826 1897 1013 1978 Bohemiae,
1037 1897 1122 1978 quod
1143 1898 1347 1980 quandoma·

151 2001 244 2081 gistri
264 1999 429 2066 nationum
451 1999 546 2063 trium
567 2005 722 2063 venerant
743 1998 784 2062 ad
806 2016 914 2077 regem
935 1997 1116 2075 Bohemiue,
1139 2005 1216 2063 tune
1231 1998 1346 2063 Roma·

151 2119 279 2179 norum,
306 2106 468 2181 petentes,
498 2105 535 2163 ut
567 2100 643 2163 velit
665 2099 753 2178 ipsos
782 2116 972 2163 conservare
995 2098 1079 2162 circa
1100 2099 1243 2179 ipsorum
1260 2098 1344 2179 jura,

151 2218 232 2281 quae
263 2200 303 2265 ab
333 2201 462 2281 antiquo
492 2216 532 2262 ex
561 2198 724 2264 dotatione
745 2200 947 2280 imperatoris
970 2204 1161 2276 tenuerunt3
1182 2199 1253 2279 ipse
1273 2216 1346 2263 eoa·

150 2301 253 2366 sensit
275 2301 330 2366 eis.
352 2298 475 2364 Deinde
490 2299 551 2363 iste
573 2298 642 2364 Hus
657 2299 788 2363 veniens
810 2317 880 2363 cum
892 2298 1086 2379 Hieronymo
1100 2297 1225 2378 etaliis,
1243 2297 1347 2380 ipsum

147 2417 260 2482 *regem
289 2400 329 2465 ad
355 2399 442 2466 aliud
472 2399 642 2481 persuasit.
682 2398 725 2464 Et
750 2416 807 2462 rex
842 2398 891 2462 ira
910 2405 1015 2462 motus
1037 2397 1129 2461 dixit:
1151 2397 1198 2460 Tu
1219 2415 1346 2479 semper

151 2500 228 2565 l'acis
242 2500 318 2565 mihi
331 2499 488 2565 disturbia
509 2517 578 2563 oum
608 2498 693 2563 socio
717 2505 771 2563 tuo
794 2498 1004 2578 Hieronymo:
1028 2504 1061 2561 et
1082 2497 1110 2560 si
1131 2497 1189 2575 illi,
1212 2516 1346 2579 quorum

150 2601 300 2670 interest,
322 2618 386 2665 ηοη
401 2597 623 2682 providebunt,
639 2616 697 2678 ego
711 2597 825 2662 faciam
841 2596 931 2661 vobis
947 2594 1017 2659 fieri
1034 2596 1148 2677 ignem.
1170 2597 1213 2662 Et
1226 2597 1345 2675 sciatis,

150 2699 317 2764 reverendi
340 2705 461 2781 putres,
484 2697 568 2779 quod
589 2697 732 2761 dominus
754 2716 812 2761 rex
832 2697 1002 2762 Bohemiue
1024 2715 1194 2777 numquam
1215 2697 1344 2762 favebat

151 2801 198 2865 eis
220 2817 280 2864 uec
300 2799 400 2877 favet,
429 2797 486 2862 sed
514 2798 561 2862 illi
583 2798 632 2862 sui
654 2798 791 2877 gratiani
814 2799 934 2862 laoiuut
955 2803 1077 2875 totum;
1099 2797 1153 2878 qui
1176 2797 1274 2863 etiam
1294 2816 1344 2863 rue

150 2918 254 2981 nuper
282 2898 341 2963 surb
368 2898 455 2962 salvo
484 2897 584 2979 ipsius
613 2898 770 2962 conductu
799 2898 880 2962 male
903 2901 1132 2963 tractaverunt.
1163 2895 1207 2960 Et
1227 2896 1345 2961 Paleou

150 3018 286 3080 surgens
307 2999 400 3063 dixit:
421 2999 489 3065 Iuro
511 2997 681 3062 reverendi
704 3005 822 3080 patres,
844 3017 908 3063 nou
930 2999 1031 3063 solum
1054 2996 1208 3076 extranei,
1231 2996 1291 3062 sed
1312 3005 1347 3061 et

150 3102 300 3184 propriae
314 3100 453 3166 nationis
467 3099 615 3164 doctores
631 3090 764 3180 propter
779 3099 882 3179 ipsum
904 3105 937 3163 et
959 3117 998 3162 ex
1020 3097 1121 3179 ipsius
1144 3096 1346 3162 ordinatione

151 3202 276 3283 expulsi
296 3207 384 3279 suut,
417 3207 450 3264 et
471 3199 574 3264 adhue
605 3198 702 3280 aliqui
735 3199 877 3280 ipsorum
898 3200 930 3261 in
952 3198 1096 3263 Moravia
1118 3197 1169 3262 die
1190 3197 1346 3262 hodierna

151 3302 289 3366 exulant.
310 3301 353 3365 Et
373 3301 415 3364 Μ.
431 3301 522 3366 Joan.
537 3300 607 3364 Hus
623 3300 805 3381 respondit:
820 3298 891 3364 Non
904 3308 953 3364 ost
968 3318 1088 3378 verum,
1111 3297 1346 3379 quodpropter

147 3419 211 3480 me,
232 3401 307 3481 (quia
328 3417 386 3481 ego
410 3407 485 3465 ωηο
506 3418 570 3464 ηοη
592 3419 678 3464 oram
700 3401 832 3480 Plagae,
856 3399 980 3478 quaudo
1002 3399 1064 3480 ipsi
1086 3399 1263 3479 exiverunt.

249 3501 292 3564 Et
303 3499 387 3564 eard.
399 3497 637 3564 Cameracensis
659 3499 754 3563 dixit:
778 3499 932 3578 Magister
942 3499 1103 3564 loaunesl
1126 3497 1173 3561 Tu
1186 3516 1292 3579 nuper
1312 3497 1345 3561 in

148 3599 234 3665 ‚turri
255 3599 426 3680 patientius
448 3600 645 3679 loquebariS,
669 3617 760 3679 quam
783 3599 875 3663 modo
897 3598 991 3678 lacis,
1015 3605 1048 3663 et
1069 3598 1165 3677 scias,
1189 3599 1265 3678 quia
1285 3597 1345 3662 lruc

92 3764 109 3789 Ι
151 3718 215 3763 ηοη
237 3706 288 3762 est
308 3715 366 3779 pro
389 3707 430 3763 te.
452 3698 495 3763 Et
509 3699 577 3780 ipse
598 3699 778 3779 rospondit:
801 3699 987 3764 Reverende
1003 3705 1104 3780 pater,
1127 3698 1201 3779 quia
1222 3715 1345 3763 mecum

147 3808 227 3864 tunc
249 3799 359 3880 pulcre
380 3798 599 3879 loquebantur,
623 3799 680 3880 sed
702 3799 754 3862 hio
777 3801 867 3879 quasi
883 3817 991 3863 omnes
1014 3798 1150 3863 clamant
1171 3814 1344 3879 superma:

149 3899 224 3965 ideo
247 3899 351 3978 credo,
374 3899 457 3980 quod
479 3917 587 3964 omnes
609 3900 674 3963 siut
696 3900 814 3964 inimici
837 3900 908 3962 mei.
930 3899 973 3963 Et
995 3897 1164 3963 cardinalis
1186 3896 1281 3962 dixit:
1302 3895 1343 3961 Et

150 4000 222 4080 quis
253 3999 388 4063 clamat?
410 4005 514 4064 tamen
546 4018 616 4063 eum
638 3999 795 4079 loqueriS,
830 4008 862 4064 te
884 3999 1018 4063 audiunt
1039 4016 1110 4062 cum
1131 3997 1271 4061 silentio.
1302 3994 1344 4061 Et

149 4099 220 4180 ipse
234 4098 415 4180 respoudit:
436 4098 504 4163 Nisi
520 4098 701 4178 clamarent,
725 4117 788 4164 uon
803 4098 1008 4163 mandassent
1030 4097 1157 4162 nomine
1180 4095 1219 4160 ll.
1235 4094 1343 4177 Regis,

150 4198 297 4263 similiter
328 4199 439 4278 vestri,
473 4199 531 4263 sub
559 4216 664 4279 poena
696 4199 890 4280 expulsionis
913 4208 946 4263 et
979 4197 1082 4263 exitus
1105 4196 1145 4261 de
1177 4196 1249 4261 loco
1270 4195 1343 4274 isto,

151 4303 271 4377 tacere3
296 4304 455 4363 ettamen
476 4297 527 4362 hic
548 4315 656 4362 sumus
678 4299 710 4361 in
731 4298 859 4381 judicio,
882 4297 1039 4363 deberent
1059 4297 1113 4362 alii
1135 4303 1254 4377 tacere,
1270 4294 1348 4379 quia.

134 4416 213 4463 ,nou
234 4415 363 4480 possam
384 4414 440 4462 vos
462 4397 573 4461 audire
594 4397 788 4478 loquentem.

248 4497 328 4562 Item
340 4498 478 4579 ponitur,
501 4496 586 4578 quod
607 4504 740 4579 propter
756 4498 855 4579 ipsius
871 4497 1125 4579 praedicationes
1140 4492 1345 4561 scandalosas

152 4601 186 4662 et
212 4616 362 4663 erroneas
384 4598 416 4661 iu
439 4597 566 4664 civitate
582 4598 735 4678 Pragonsl
758 4604 867 4664 secuta
889 4605 940 4663 est
961 4597 1077 4663 seditio
1098 4594 1240 4677 grundis,
1261 4594 1341 4660 facta
