2992 5258
704 400 840 468 Epistulae
860 399 976 468 scriptae

808 596 868 670 38.

492 789 607 901 Mag.
640 788 825 872 Martino
857 788 1067 897 discipulo
1098 819 1187 872 suo.

248 1005 456 1065 Testamentum,
475 1007 519 1058 cui
530 1006 683 1058 exhortatio
700 1005 836 1057 advitam
849 1012 955 1056 costam
972 1013 1053 1071 atque
1066 1006 1203 1073 intepram
1212 1007 1372 1074 praemissa
1384 1015 1437 1060 eat.

612 1173 737 1240 (Pragee,
755 1172 812 1226 init.
831 1171 956 1226 Octobris
974 1174 1058 1237 1414.)

445 1341 518 1409 „Hoc
542 1346 731 1394 testamentum
754 1339 792 1394 M.
810 1341 907 1394 Joann.
927 1340 985 1393 llus
1010 1340 1156 1409 sigillatum
1178 1341 1215 1395 M.
1234 1341 1352 1395 Martiae
1376 1341 1438 1395 reli·

510 1432 619 1492 queret,
643 1431 739 1493 pateus
756 1424 790 1478 ab
809 1440 854 1491 eo,
875 1441 908 1478 ne
926 1424 1001 1492 prius
1017 1425 1106 1492 ipsum
1123 1425 1260 1493 aperiret,
1285 1425 1335 1478 nisi
1353 1430 1440 1480 morta

510 1509 636 1564 affectum
655 1509 743 1577 ipsum
761 1508 891 1562 audiret.“

344 1679 498 1760 Magister
519 1679 671 1759 blattina,
705 1679 804 1743 frater
832 1679 864 1743 in
887 1677 1014 1742 Christo
1043 1677 1221 1743 carissime!
1257 1679 1379 1745 Hortor
1408 1685 1441 1744 to

244 1785 276 1847 in
300 1781 435 1856 domino,
458 1780 542 1862 quod
566 1779 659 1845 deum
682 1781 812 1857 timeas,
846 1778 992 1844 mandata
1015 1778 1084 1860 ejus
1109 1797 1239 1859 servae,
1265 1781 1440 1860 ,mulierum

244 1883 346 1964 logias
358 1882 526 1960 consortia,
550 1886 583 1945 et
605 1886 716 1945 cautus
739 1881 792 1959 sis,
815 1879 889 1944 dum
910 1878 1126 1945 consessiones
1148 1879 1315 1945 mulierum
1336 1881 1439 1961 audis,

245 1981 329 2063 quod
350 1999 409 2063 por
425 1981 597 2045 >mulierum
618 1980 810 2062 hypocrisim
833 1988 959 2046 satanas
982 1986 1014 2045 te
1039 1999 1103 2045 non
1123 1980 1278 2062 decipiat3
1301 1982 1376 2063 quia
1395 1983 1442 2048 ait

245 2082 456 2163 Augustinus:
479 2081 547 2147 Nee
569 2080 664 2146 crede
689 2081 868 2160 devotioni,
903 2082 977 2162 quia
1007 2089 1124 2162 quanto
1155 2082 1315 2162 devotior,
1349 2089 1440 2148 tanto

244 2183 406 2260 lascivior,
440 2189 473 2247 et
502 2182 561 2247 sub
590 2188 759 2262 praetextu
793 2180 923 2263 pietatis
945 2182 1025 2247 latet
1052 2182 1139 2248 intus
1161 2183 1267 2248 viscus
1289 2181 1441 2248 libidinis.

245 2283 287 2349 Et
309 2301 385 2365 ergo
408 2300 500 2362 eave,
534 2300 575 2347 ne
598 2280 878 2362 irrecuperabilem
901 2282 1034 2365 perdas,
1068 2303 1161 2365 quam
1192 2302 1287 2366 spero
1310 2283 1441 2361 retines

246 2384 468 2466 virginitatem.
512 2383 688 2461 Memento,
723 2382 797 2464 quia
817 2402 837 2448 a
855 2384 1024 2464 Juventute
1048 2390 1103 2449 tua
1134 2383 1227 2449 docui
1262 2391 1293 2449 te
1318 2384 1440 2450 servire

246 2484 374 2551 Christo
396 2484 484 2561 lesu,
507 2489 541 2548 ot
562 2482 735 2563 quomodo,
769 2483 796 2547 si
818 2486 1002 2565 potuissem,
1032 2504 1095 2550 una
1117 2484 1169 2550 die
1191 2484 1337 2564 libenter,
1360 2504 1442 2566 quae

245 2586 331 2663 scivi,
355 2590 387 2649 te
411 2583 599 2650 docuissem.
644 2583 713 2649 Scis
736 2585 841 2664 etiarn,
875 2585 958 2665 quod
981 2585 1161 2651 detestatus
1184 2604 1253 2650 sum
1275 2586 1441 2653 avaritiam

246 2693 280 2752 et
301 2686 489 2751 clericorum
503 2683 715 2749 inordinatam
734 2685 839 2763 vitam,
862 2694 995 2766 propter
1017 2686 1100 2766 quod
1123 2705 1162 2751 ex
1175 2686 1227 2751 dei
1242 2687 1346 2767 gratia
1367 2706 1441 2770 per·

246 2786 444 2853 secutionem
467 2785 581 2867 patior,
611 2802 693 2865 quae
715 2784 778 2850 cito
801 2785 832 2848 in
855 2804 904 2850 me
928 2786 1212 2866 consummabitur;
1246 2806 1305 2852 neo
1327 2804 1442 2852 vereor

248 2887 394 2953 confundi
425 2904 484 2968 pro
514 2884 642 2951 nomine
662 2884 742 2949 lesu
768 2884 895 2949 Christi.
939 2886 1027 2967 Rogo
1060 2894 1092 2951 te
1125 2889 1220 2953 ctiam
1248 2887 1441 2965 cordialiter,

248 2987 332 3069 quod
355 3006 417 3052 non
439 2986 570 3052 affectes
591 2984 759 3063 benefieia3
793 2986 820 3050 si
843 2992 947 3050 tamen
978 2994 1109 3053 vocatus
1136 2987 1236 3053 fueris
1263 2989 1304 3055 ad
1333 2989 1441 3070 pleba-

248 3089 341 3168 niam,
365 3089 466 3153 horror
487 3087 547 3165 dei,
570 3086 655 3151 salus
678 3086 851 3151 animarum
882 3094 915 3152 et
936 3085 1026 3152 labor
1048 3095 1080 3153 te
1103 3095 1266 3168 moveant,
1300 3107 1365 3156 non
1386 3089 1440 3154 hn-

247 3190 326 3255 bitio
345 3188 377 3269 *l
415 3188 621 3270 stropharum
654 3187 705 3252 vel
737 3186 948 3267 praediorum.
993 3188 1112 3265 Quodsi
1149 3190 1304 3271 plebanus
1339 3189 1442 3255 lactus

248 3289 356 3365 liseria,
380 3307 455 3354 cave
478 3307 519 3353 ne
533 3289 682 3371 juvenem
705 3305 836 3368 coquam
859 3288 987 3368 habeas,
1010 3307 1050 3353 ne
1072 3290 1143 3371 plus
1166 3309 1270 3356 casam
1292 3288 1441 3356 aedifices

248 3407 340 3469 quiam
362 3390 513 3467 animam3
547 3388 618 3453 vide
641 3394 676 3453 ut
702 3388 746 3452 sis
775 3386 959 3453 aedificator
988 3389 1164 3471 spiritualis
1186 3389 1335 3470 aedificii,
1369 3391 1441 3473 pius

249 3488 441 3570 pauperibus
465 3493 499 3553 et
519 3487 660 3565 humilis3
697 3496 730 3552 ct
750 3507 791 3552 ne
814 3507 980 3554 consumas
1009 3489 1092 3557 bona
1120 3493 1153 3556 in
1176 3492 1288 3574 epulis
1331 3491 1441 3557 Timeo

249 3589 352 3667 etiam,
377 3589 403 3653 si
426 3606 488 3652 non
504 3588 723 3653 emendaveris
746 3589 842 3654 vitam
865 3595 960 3668 tuam,
984 3609 1112 3656 cessans
1131 3593 1284 3672 apulcris
1298 3591 1442 3656 vestibus

168 3684 170 3688 ’
247 3695 281 3754 et
303 3687 483 3770 superfluis,
517 3686 600 3768 quod
623 3689 764 3768 graviter
793 3689 960 3754 adomino
988 3692 1188 3773 corripieris;
1222 3694 1304 3757 sient
1326 3698 1359 3756 et
1381 3710 1441 3775 ego

246 3789 343 3853 miser
366 3789 530 3870 corripiar,
553 3789 606 3869 qui
624 3808 699 3854 usus
712 3809 780 3854 sum
797 3790 922 3870 talibus,
946 3791 1096 3856 seductus
1112 3792 1344 3858 consuetudine
1359 3792 1442 3858 mala

247 3888 415 3961 hominum,
438 3889 470 3952 in
493 3888 606 3970 quibus
629 3907 697 3953 sum
722 3898 833 3953 eornra
855 3888 949 3953 deum
971 3890 1087 3971 spiritu
1109 3891 1279 3972 superbiae
1295 3890 1441 3957 vulnora-

247 3998 307 4055 tus.
329 3992 372 4054 Et
394 3991 469 4070 ouria
489 4008 590 4055 meam
613 3990 885 4055 conversationem
908 3997 941 4054 et
957 3988 1225 4071 praedicationem
1248 3991 1441 4057 exteriorem

246 4091 452 4172 ajuventute
475 4096 530 4155 tua
557 4091 743 4155 notabiliter
772 4091 964 4169 cognovisti,
996 4108 1060 4154 uon
1087 4109 1219 4155 necesse
1250 4091 1351 4155 habeo
1382 4090 1440 4156 tibi

247 4191 339 4272 plura
369 4190 520 4256 scribere.
564 4191 626 4256 Sed
652 4208 747 4272 rogo,
781 4197 914 4273 propter
940 4191 1187 4257 nrisericordiam
1210 4191 1288 4257 Jesu
1311 4189 1440 4269 Christi,

247 4291 330 4372 quod
353 4293 385 4356 in
407 4291 494 4357 nulla
516 4292 660 4369 levitate,
695 4310 787 4373 quarn
808 4292 840 4356 in
871 4309 920 4355 the
943 4291 1063 4364 vidisti,
1096 4312 1146 4356 rue
1173 4289 1326 4373 sequaris.
1371 4289 1441 4357 Scis

248 4391 320 4471 fluia
343 4392 423 4472 proh
445 4392 535 4457 dolor
557 4399 631 4457 alite
653 4391 866 4458 sacerdotium
887 4411 991 4456 meum
1013 4392 1151 4458 libenter
1173 4400 1206 4457 et
1228 4410 1324 4474 saepo
1349 4392 1440 4457 seha·

279 4640 301 4706 *)
321 4644 371 4693 hlS.
389 4645 489 4693 Trebon.
511 4647 649 4703 ,annuunt
