2992 5258
148 407 217 473 396
381 405 642 466 ,011111101111111
661 406 791 474 religione
809 406 837 460 in
855 405 998 459 bohemia:
1018 407 1090 459 1110.

149 611 247 668 stione
269 609 409 668 libromm
431 611 655 681 praedictorum,
677 618 707 670 at
727 611 901 670 inhibitione
922 609 1151 682 praedicationis
1178 607 1265 669 verbi
1289 607 1347 677 dei,

150 724 206 768 nac
233 724 291 767 uon
313 710 446 769 omnibns
477 717 508 769 et
529 711 651 785 singulis
673 713 887 786 gravaminibus
908 720 940 770 ct
962 708 1233 783 perturbationibus
1256 724 1348 780 supra

152 809 253 879 dictis,
284 809 375 869 illatis
404 817 435 869 et
462 812 635 883 inferendis,
665 830 699 872 ac
727 814 764 872 ab
795 814 875 883 aliis,
908 829 983 885 quae
1009 813 1077 870 inde
1110 810 1195 883 sequi
1226 814 1350 881 possent

149 908 371 981 quomodolibet
391 912 422 970 in
444 912 583 971 staturum:
615 914 647 972 in
670 914 719 972 dei
740 915 857 971 nomine
880 912 917 972 ad
940 912 1151 972 sanctissimum
1174 911 1205 969 in
1227 909 1345 969 Christo

151 1016 266 1083 patrem
288 1014 318 1068 et
338 1011 485 1070 dominum
517 1013 553 1071 D.
568 1013 712 1073 loannem
735 1013 824 1085 digna
846 1012 894 1071 dei
915 1012 1099 1084 providentia
1119 1026 1225 1083 papam
1242 1008 1345 1068 XXIII

149 1115 183 1167 ct
210 1109 340 1182 eiusdem
371 1118 500 1171 sanctam
528 1113 629 1171 sedem
651 1114 850 1184 apostolicam,
874 1129 958 1185 quarn
980 1128 1097 1184 semper
1118 1111 1217 1179 eorde,
1240 1125 1293 1167 ore
1316 1114 1346 1167 et

152 1224 242 1279 opere
264 1207 441 1282 profitemur,
470 1216 501 1270 et
522 1219 626 1271 contra
653 1213 748 1285 ipsum
771 1212 808 1271 D.
831 1212 1022 1285 Sbyncouem
1043 1211 1227 1283 praedictum
1249 1208 1346 1268 arehi-

152 1309 330 1381 episcopum,
352 1326 544 1382 provocamus
566 1318 598 1371 et
618 1312 798 1384 appellamus
820 1313 850 1370 in
872 1313 917 1370 his
940 1313 1074 1385 scriptis:
1096 1315 1234 1383 petentes
1259 1307 1345 1367 nobis

150 1424 243 1480 super
249 1408 416 1483 hujusmodi
427 1412 638 1490 appellatione,
651 1414 755 1484 primo,
767 1414 905 1483 secundo,
917 1414 1014 1485 tertio,
1025 1415 1177 1481 instanter,
1188 1408 1348 1468 instantius

151 1516 185 1568 11
215 1509 435 1581 instantissima,
464 1529 499 1571 ac
531 1529 596 1572 oum
623 1514 702 1571 omni
731 1514 831 1572 debita
856 1513 931 1586 juris
956 1512 1073 1585 justitia
1097 1510 1288 1582 responderi,
1317 1514 1348 1566 ct

34 1632 39 1641 ·
154 1611 306 1680 apostolos
334 1613 460 1682 decerni,
487 1613 512 1672 si
542 1614 607 1686 quis
638 1619 691 1682 est,
716 1614 765 1687 qui
786 1614 872 1672 nobis
893 1613 1016 1671 eosdem
1037 1611 1107 1670 dare
1134 1616 1165 1668 ct
1186 1610 1350 1670 decernere

155 1710 258 1780 possit,
299 1711 437 1785 Alioquin
458 1729 477 1769 a
497 1712 580 1771 vobis
604 1712 728 1772 dominas
756 1712 979 1772 honorantibus
1008 1692 1056 1771 nri
1079 1709 1299 1785 praesentibus,
1321 1715 1356 1767 ea

152 1826 172 1868 a
200 1817 230 1870 11
257 1813 372 1872 notario
399 1812 525 1884 publico,
552 1813 704 1884 apostolos
733 1812 947 1873 testimoniales
976 1813 1103 1884 petimus
1124 1810 1211 1870 nobis
1234 1810 1301 1868 dari
1321 1816 1359 1867 ct

155 1910 282 1981 decerni,
306 1913 497 1985 subjicientes
525 1928 589 1987 nos,
620 1918 726 1971 statum
747 1920 886 1983 nostrum,
908 1913 1070 1980 libertates,
1089 1913 1165 1984 jura,
1187 1908 1355 1983 privilegia,

152 2018 185 2069 et
214 2027 314 2070 omncs
342 2013 427 2072 nobis
455 2013 649 2072 adhaerentes
678 2019 709 2072 et
735 2015 896 2073 adhaerere
924 2012 1076 2081 volentes,
1110 2010 1290 2082 protectioni
1321 2015 1358 2068 et

153 2112 304 2183 praesidio
337 2113 446 2171 domini
477 2113 572 2171 nostri
603 2129 708 2184 papae,
741 2120 771 2171 ct
805 2115 870 2185 ejus
899 2118 1019 2170 sauctae
1049 2110 1128 2170 sedis
1157 2110 1350 2182 apostolicae,

154 2217 355 2284 protestantes
384 2228 534 2284 expresse,
561 2213 639 2286 qnod
666 2231 720 2286 per
748 2219 933 2285 praesentem
960 2212 1188 2284 epipollatiouem
1218 2226 1349 2282 pernes

152 2311 359 2384 interpositam
381 2314 458 2372 dicto
480 2314 517 2373 D.
541 2313 694 2387 Sbynconi‚
727 2330 763 2373 ac
794 2315 887 2386 ipsius
922 2313 1039 2372 vicariis
1072 2313 1102 2369 in
1135 2308 1345 2382 spiritualibus,

154 2413 325 2484 quantocius
361 2414 511 2472 commode
546 2414 705 2485 poterimus
738 2422 770 2473 et
807 2431 940 2474 securum
969 2429 1119 2471 accessum
1150 2410 1344 2479 habuerimus,

153 2512 288 2571 intimare
319 2514 482 2573 curabimus
508 2520 540 2574 11
566 2514 723 2584 insinuare,
752 2516 925 2586 copiamque
946 2513 1039 2585 ipsius
1062 2512 1180 2571 tradere
1203 2508 1343 2584 requisiti

152 2611 324 2672 Inhibentes
349 2614 536 2673 nihilominus
562 2617 663 2688 vigore
692 2615 778 2687 thus
806 2613 1023 2688 appellationis,
1053 2612 1178 2687 reipsa
1200 2610 1343 2684 pendente

153 2711 183 2770 in
204 2713 416 2786 praejudicium
437 2713 676 2786 litispendentiae
698 2715 851 2786 quicquam
874 2714 975 2786 quovis
1002 2713 1087 2771 ruodo
1103 2728 1159 2784 par
1173 2725 1344 2785 quemquam

155 2817 315 2871 attentetur
336 2814 384 2872 rel
410 2814 572 2883 innovetur,
593 2830 653 2873 nou
674 2815 871 2886 astringentes
893 2831 948 2872 nos
970 2814 1008 2872 ad
1029 2812 1223 2884 probationes
1245 2825 1344 2883 super·

154 2909 236 2982 fluas,
250 2913 303 2971 scd
316 2912 466 2973 dumtaxat
478 2914 516 2972 ad
532 2930 591 2985 eas,
604 2931 676 2986 «puae
687 2916 878 2974 intentionem
891 2920 1020 2973 nostram
1031 2912 1154 2971 fundare
1165 2910 1345 2971 ridebuntur.

252 3015 424 3074 Invocantes
446 3016 483 3074 ad
499 3016 661 3087 praemissa
676 3016 773 3074 omnia
795 3020 826 3073 et
847 3014 961 3086 singule
982 3013 1152 3073 testimonie
1165 3011 1345 3070 dominorum

154 3120 321 3173 nostrorum
346 3115 394 3174 hie
415 3116 621 3187 praesentium,
647 3132 682 3176 ae
709 3123 789 3174 tumn
819 3114 945 3175 officinm
967 3114 1083 3187 publice
1104 3114 1221 3171 notarie
1241 3109 1345 3183 implo-

153 3233 261 3291 ramus,
283 3223 419 3289 petentes
441 3217 527 3276 nobis
550 3224 581 3276 et
601 3217 686 3276 nobis
709 3216 937 3275 adhaerentibus
959 3221 991 3274 et
1004 3214 1167 3273 adhaerere
1181 3211 1345 3271 volentibus

155 3332 209 3387 per
230 3322 269 3387 te,
290 3318 326 3377 de
350 3323 380 3376 ct
400 3334 489 3389 super
510 3318 688 3390 praemissis,
710 3334 798 3375 orrum
819 3316 866 3374 vel
888 3317 972 3387 plura
993 3312 1097 3374 confici
1123 3314 1347 3372 instrumentum

154 3432 207 3475 seu
227 3418 347 3490 publica
367 3419 575 3488 instrumenta;
597 3419 678 3476 soluo
696 3420 764 3489 jnre
787 3400 972 3488 praesentem
994 3413 1224 3486 appellationem
1239 3418 1271 3470 ct
1291 3411 1347 3469 alia

158 3523 296 3577 contenta
318 3519 347 3576 in
369 3519 472 3577 eadem
493 3519 668 3591 corrigendi,
691 3516 867 3586 declarandi,
889 3516 1025 3584 addendi,
1040 3514 1199 3582 minuendi,
1220 3512 1257 3571 de
1274 3526 1347 3571 noro

154 3617 346 3688 concipiendi,
374 3618 463 3676 verbo
490 3619 538 3677 vel
559 3621 590 3676 in
611 3618 742 3690 scriptis,
762 3622 793 3675 11
813 3617 878 3675 11111
901 3616 1080 3689 quibuslibet
1097 3615 1173 3686 juris
1195 3610 1347 3672 benefieiis

155 3717 340 3776 manentibus
363 3733 480 3789 semper
501 3717 597 3777 salvia.

254 3818 433 3888 Interposita
462 3824 509 3875 est
536 3817 610 3877 haec
631 3817 791 3891 appellatio
814 3822 844 3873 ct
864 3822 930 3874 acta
953 3821 1020 3873 sunt
1040 3814 1121 3884 haec,
1144 3829 1231 3883 anne,
1253 3811 1347 3871 indie·

155 3917 244 3986 tione,
267 3917 313 3975 die
336 3919 452 3988 mensis,
485 3918 564 3987 hora,
586 3919 651 3976 loco
674 3924 705 3976 ct
726 3915 863 3987 pontifice
886 3917 990 3988 qrribus
1012 3931 1109 3986 supra,
1138 3911 1346 3986 praesentibus

154 4017 375 4077 honorabilibus
402 4026 432 4077 et
459 4018 595 4078 discretis
618 4019 695 4085 uiris,
718 4017 831 4075 Mathia
852 4017 888 4074 de
912 4017 1028 4086 Tuczap
1050 4013 1237 4088 presbytero,
1258 4012 1346 4071 Petro

155 4118 191 4177 (11
215 4119 373 4192 Bystrzicz,
394 4120 508 4178 Joanne
538 4119 575 4177 de
596 4118 747 4190 Tusslmw,
777 4116 960 4174 studentibus
988 4115 1102 4175 clericis
1126 4113 1288 4187 Pragcnsis
1316 4115 1347 4168 11

156 4218 357 4278 Olomncensis
390 4215 533 4288 diocesis,
567 4225 597 4277 11
629 4218 714 4277 Gallo
737 4217 773 4275 de
803 4216 882 4274 Knin
910 4217 1075 4290 armigero,
1109 4220 1141 4273 ct
1160 4213 1261 4273 multis
1280 4211 1347 4271 aliia

154 4320 280 4378 testibus
302 4318 359 4378 fide
381 4319 485 4392 dignis,
508 4320 545 4378 ad
572 4320 734 4390 praemissa
754 4317 865 4375 vocatis
888 4317 1057 4387 specialiter
1079 4322 1109 4374 ct
1130 4314 1254 4388 rogatis.

251 4419 701 4492 Egohlichaelnatusquondam
710 4412 1345 4488 nicolaideerachaaczfflrcgensisoiooco-

156 4520 205 4587 sis,
217 4519 349 4592 publicus
362 4515 534 4580 arroteritcta
545 4519 699 4592 imperiali,
723 4535 758 4577 ao
771 4518 952 4575 dominorum
969 4518 1183 4591 magistrorum,
1194 4514 1344 4575 doctorum

156 4624 187 4679 11
197 4619 372 4680 scholarium
383 4621 580 4682 univcrsitatis
592 4620 680 4680 studii
692 4618 849 4692 Pragensis
861 4617 1029 4690 praedictae
1038 4620 1155 4692 juratus
1167 4615 1298 4677 1111111111
1308 4626 1343 4671 κ.

651 4801 743 4809 .-....-
756 4798 847 4807 ...ι-,-
