2992 5258
314 428 356 483 66.
375 425 490 481 Conradi
508 424 582 479 arch.
600 422 696 477 literae
713 420 749 476 ad
768 404 921 477 bennonem
940 420 974 476 de
991 420 1080 476 Wart
1099 418 1187 475 datae.
1285 426 1346 489 537

150 631 257 698 stituti
288 631 320 695 in
342 629 453 710 Prepa,
481 635 516 695 ut
548 646 677 710 operam
699 627 847 692 daremus
868 627 908 693 ad
931 623 1109 690 elidendum
1133 626 1289 692 distarbia
1310 644 1347 689 ac

154 736 387 797 concernentes
402 729 636 796 controversias
655 728 695 793 de
717 729 956 795 contemnendis
975 728 1047 812 (cic)
1064 745 1229 794 censuram
1245 725 1346 791 eccle·

151 833 313 900 siasticam
336 832 366 896 in
390 849 489 913 ragno
512 830 682 896 Bohemiue
701 830 766 912 jam
789 829 906 894 dudum
936 828 1019 895 lotas
1042 836 1074 895 et
1097 830 1242 906 nutritas,
1265 844 1346 909 qnae

149 936 211 1001 uisi
239 936 333 1000 citius
363 934 569 1005 suffocentur,
593 950 632 995 ex
655 939 731 997 tunc
753 950 810 1013 per
832 932 949 998 multos
972 937 1104 997 conatus
1127 930 1159 995 iu
1182 937 1345 1013 posterum

149 1034 322 1100 difficulter
355 1035 547 1111 evellentur,
581 1040 615 1098 et
647 1032 731 1114 quod
764 1052 802 1098 ex
836 1034 895 1097 hoc
924 1034 988 1115 jam
1024 1034 1113 1113 quasi
1147 1049 1205 1115 per
1237 1049 1345 1096 omnes

149 1135 315 1200 districtus
348 1135 558 1217 particulares
590 1133 729 1198 fidelium
754 1133 1006 1199 Christianorum
1039 1132 1202 1212 sanguinis
1234 1131 1345 1196 ellusio

149 1243 369 1319 exspectatur:
398 1236 486 1300 novit
509 1235 666 1300 Nobilitas
689 1235 814 1311 Vestra,
837 1233 922 1315 quod
944 1235 1071 1316 saepius
1093 1242 1127 1299 et
1148 1233 1344 1316 saepissime,

150 1336 225 1403 dum
254 1343 288 1403 et
316 1337 441 1419 quando
469 1335 572 1400 adbuc
594 1335 710 1401 luimus
733 1335 765 1399 in
789 1335 963 1400 minoribus
987 1336 1161 1411 constituti,
1182 1337 1344 1417 jamvero

152 1440 183 1504 in
210 1438 392 1520 majoribus,
421 1456 491 1503 cum
520 1437 673 1502 1·ev¹⁰¹¹in
703 1436 829 1503 Christo
859 1438 1004 1522 patribus
1027 1446 1060 1501 et
1082 1436 1228 1518 dominis,
1249 1435 1345 1501 ch·

152 1539 258 1604 ceslao
281 1537 462 1620 patriarcba
484 1538 699 1615 Antiochensi,
724 1544 880 1619 perpetuo
903 1539 1169 1604 commendatario
1192 1538 1345 1604 ecclesiae

150 1640 382 1718 olomucensis,
403 1658 440 1705 ac
462 1641 613 1722 episcopo
636 1639 880 1719 Lutomyslensi,
903 1650 935 1705 et
959 1659 1021 1705 una
1042 1658 1112 1705 cum
1132 1639 1224 1705 nobis
1238 1640 1346 1704 faven-

152 1742 238 1807 tibus
269 1748 301 1806 et
330 1741 564 1813 assistentibus,
594 1759 650 1805 vos
683 1760 720 1806 ac
742 1749 866 1805 ceteros
888 1741 1020 1819 nobiles,
1043 1740 1169 1816 milites,
1193 1740 1346 1805 militares

150 1842 338 1919 indusimus,
373 1842 598 1925 persuasimus
631 1842 707 1906 talia
741 1842 941 1924 praescripta
968 1842 1008 1906 ad
1041 1840 1280 1924 exstirpandum
1314 1847 1347 1904 et-

152 1942 286 2009 consilia
318 1963 338 2008 a
369 1942 459 2006 vobis
481 1948 646 2024 optantes:
681 1942 737 2006 sed
771 1942 844 2022 quia
872 1960 932 2007 neo
960 1961 1018 2007 nos
1047 1962 1083 2008 ac
1116 1942 1347 2023 praedecessor

153 2051 265 2109 noster
297 2044 460 2124 hucusque
488 2042 564 2107 illud
596 2043 711 2108 malum
745 2063 814 2108 cum
848 2050 937 2108 tanta
970 2044 1136 2125 diligentia
1169 2042 1346 2124 exstirpare

151 2147 322 2226 potuimus
355 2162 415 2209 nec
448 2150 555 2226 potest
584 2143 624 2208 de
657 2143 741 2209 facili
774 2144 807 2208 in
841 2144 922 2209 diem
952 2144 1148 2218 hodiernum,
1182 2142 1241 2209 nisi
1271 2152 1346 2209 aute

152 2245 258 2311 omnia
280 2244 417 2310 rebelles
440 2250 472 2308 et
495 2244 544 2308 his
566 2262 696 2326 operam
719 2244 841 2319 dantes,
859 2253 966 2311 vestro
994 2255 1026 2311 et
1041 2245 1174 2310 aliorum
1193 2245 1347 2310 baronum

149 2345 278 2424 auxilio,
308 2344 541 2426 compellantur
562 2344 601 2408 ad
625 2344 835 2409 obedientiam
861 2345 897 2409 l).
921 2347 1113 2426 Apostolico.
1136 2345 1347 2412 cardinalibus

150 2448 217 2512 suis
243 2451 277 2511 et
302 2454 432 2511 sanctae
461 2447 552 2509 matri
576 2444 731 2510 ecclesiae
753 2443 922 2511 Romanae.
966 2446 1176 2524 Quamobrem
1200 2447 1346 2512 Vestram

149 2548 289 2631 petimus
311 2545 517 2611 Nobilitatem
548 2546 696 2626 precibus
723 2545 839 2626 quibus
868 2564 1036 2628 possumus
1065 2549 1247 2629 majoribus,
1270 2566 1344 2629 qua·

149 2658 246 2715 tenus
268 2647 307 2712 ad
330 2646 495 2728 praedicta
516 2646 656 2711 sedanda
679 2652 711 2711 et
733 2647 940 2728 exstirpanda
961 2666 1095 2713 unacum
1118 2649 1235 2715 coieris
1257 2649 1347 2714 nobi·

150 2748 243 2825 libus,
270 2748 460 2813 militaribus
488 2748 601 2829 etqui
629 2748 727 2811 vestri
758 2748 797 2811 ob
825 2757 1005 2830 respectum
1034 2750 1140 2815 lacere
1167 2748 1346 2823 intendunt,

150 2867 281 2931 operam
315 2848 392 2913 dare
427 2848 531 2912 velitis
565 2846 758 2921 studiosam,
796 2847 856 2912 hoc
889 2848 993 2930 ipsum
1021 2850 1057 2912 in
1091 2849 1347 2915 deservientibus

150 2949 241 3015 vobis
268 2948 465 3021 inchoantes,
493 2965 626 3028 quorum
657 2947 793 3028 quidam,
822 2956 858 3013 ut
887 2949 1002 3013 melius
1025 2951 1134 3025 nostis
1158 2950 1209 3014 dei
1233 2952 1347 3016 timore

150 3049 350 3132 postposito,
386 3049 538 3113 ecclesias
572 3054 605 3111 et
638 3065 792 3129 personas
828 3049 1061 3114 ecclesiasticas
1094 3050 1281 3116 intrudentes
1314 3058 1348 3116 et

149 3149 378 3232 blasphemiam
402 3149 646 3225 committentes,
669 3149 700 3213 iu
718 3147 923 3230 vilipendium
939 3167 1094 3215 censurae
1110 3150 1346 3215 ecclesiasticae

150 3249 287 3315 nefanda
320 3257 353 3315 et
384 3248 574 3314 scandaloso
605 3248 806 3315 committere
839 3255 1132 3332 praesumpserunt.
1176 3250 1256 3315 Nam
1289 3269 1346 3315 nos

150 3369 222 3417 cum
244 3349 493 3431 praenominatis
516 3349 698 3430 patriarcha
720 3367 756 3415 ac
779 3350 929 3431 episcopo
953 3366 1015 3413 una
1037 3349 1202 3414 vobiscum·
1220 3357 1253 3414 et
1275 3350 1345 3415 aliis

152 3450 246 3517 nobis
262 3457 369 3517 astare
384 3450 564 3516 volentibus
584 3451 726 3524 coasilio,
748 3451 865 3516 auxilio
882 3458 916 3515 et
930 3450 1038 3515 lavore
1053 3450 1091 3515 ad
1108 3450 1347 3532 exstirpandum

147 3552 326 3635 praemissa
340 3550 536 3632 diligentiam
550 3552 711 3634 majorem,
727 3571 820 3633 quam
836 3551 1020 3633 poterimus,
1042 3549 1169 3616 domino
1184 3559 1344 3616 annuente

148 3652 294 3719 ultimum
317 3670 418 3735 usque
449 3651 489 3717 ad
519 3670 615 3735 posse
635 3671 799 3736 apponere
825 3652 1018 3718 intendimus
1044 3650 1198 3717 effective.
1232 3652 1346 3717 Datum

150 3753 285 3834 Pragae,
307 3751 359 3818 die
382 3758 473 3817 sexta
495 3753 613 3818 mensis
635 3753 752 3819 Martii.

349 3868 512 3933 Conradus
535 3869 585 3934 dei
601 3869 704 3951 gratia
716 3870 886 3951 Pragensis
902 3869 1056 3934 ecclesiae
1071 3868 1344 3951 archiepiscopus.

432 3968 627 4051 apostolicae
650 3969 736 4034 sedis
757 3970 893 4052 legatus.

650 4222 846 4235 ...ιι-*ἡ
