2992 5258
479 415 595 474 Affifflli
612 413 754 483 Michaelis
771 412 805 471 de
823 413 926 469 Cauris.
945 415 1017 469 rete
1188 425 1192 435 ·
1284 417 1342 480 195

150 619 252 685 solum
274 619 412 685 ordinati
434 618 552 683 debent
574 622 804 683 sacramentum
825 614 1023 693 ministrare,
1046 619 1079 678 et
1101 613 1155 679 illa
1171 613 1237 695 jann
1252 613 1343 678 mini·

150 727 256 785 strant
270 719 331 786 sibi
346 719 424 800 ipsis
447 718 496 782 sui
511 716 668 798 discipuli.
690 715 732 780 Et
747 716 819 796 quia
840 713 985 796 procedit
1006 713 1045 778 de
1057 714 1164 795 parvis
1184 713 1225 778 ad
1246 712 1343 779 maxi·

147 839 209 899 ma,
232 825 466 900 consequenter
491 824 590 896 tenet,
612 815 807 898 quodetiam
829 815 861 879 in
886 813 990 894 gratia
1010 813 1188 880 existentes
1210 818 1345 896 possunt

148 919 251 999 ligare
274 925 307 984 et
331 919 456 984 solvere
478 936 513 983 rt.

249 1036 358 1100 Tertio
380 1042 469 1100 errat
488 1035 573 1099 circa
598 1033 779 1110 ecclesiam,
814 1039 848 1097 et
870 1031 980 1112 primo,
1003 1030 1087 1111 quod
1108 1048 1172 1095 non
1193 1031 1342 1110 admittit,

148 1135 235 1217 qnod
256 1135 393 1200 ecclesia
414 1133 570 1216 significet
593 1152 721 1216 papam,
751 1132 943 1211 cardinales,
971 1131 1237 1213 archiepiscopos
1259 1132 1344 1213 epis·
1392 1159 1396 1166 ·

148 1253 248 1317 cupos
271 1242 305 1300 et
325 1234 444 1299 clerum
467 1236 513 1298 eis
536 1234 705 1307 subditum,
728 1241 761 1298 et
783 1233 877 1311 dicit,
907 1233 993 1297 illam
1014 1231 1277 1313 significationem
1292 1250 1347 1297 ex·

148 1343 268 1401 tortam
299 1354 320 1399 a
349 1334 546 1399 scholaribus
579 1341 613 1399 et
644 1334 825 1398 nullatenus
852 1351 923 1398 esse
949 1332 1130 1398 tenendam.
1167 1334 1261 1398 Patet
1281 1333 1345 1397 iste

149 1453 243 1500 error
264 1435 431 1500 manifeste
454 1453 492 1498 ex
514 1442 652 1500 tractatu
675 1451 732 1498 suo
755 1434 794 1501 dc
816 1433 977 1513 Ecclesia,
1008 1433 1062 1514 qui
1085 1433 1222 1499 habetur
1241 1433 1293 1499 hic
1314 1433 1346 1498 in

149 1534 230 1599 loco.

250 1652 332 1716 Item
353 1651 385 1716 in
407 1650 463 1716 iiio
486 1652 546 1716 sibi
569 1651 629 1733 ipsi
652 1649 850 1728 contradicit,
872 1648 1083 1729 quianomine
1097 1648 1251 1714 ecclesiae
1267 1649 1345 1714 scri·

148 1750 215 1834 psit
237 1769 360 1832 papam,
382 1751 559 1817 cardinales
580 1768 617 1816 rt.
630 1751 661 1815 in
684 1767 747 1814 uno
763 1767 905 1814 errorum
921 1766 1049 1813 suorum
1065 1749 1150 1814 circa
1171 1749 1345 1829 ecclesiam,

148 1868 243 1933 quem
266 1851 395 1932 posuit,
422 1852 488 1916 scil.
523 1851 606 1933 quod
629 1850 763 1915 ecclesia
784 1868 847 1914 non
870 1849 985 1916 debent
1013 1848 1133 1914 habere
1155 1850 1347 1931 temporales

148 1950 380 2031 possessiones,
403 1958 436 2016 et
450 1950 535 2032 quod
550 1950 667 2015 domiui
680 1949 873 2031 temporales
893 1949 1021 2031 impune
1037 1956 1173 2030 possunt
1193 1967 1231 2014 ea
1246 1949 1346 2014 ecele-

148 2050 206 2114 siis
229 2057 263 2115 et
283 2049 407 2116 clericis
430 2051 565 2116 auferre.
594 2052 688 2115 Patet
709 2055 828 2125 autem,
859 2049 943 2130 quod
965 2049 1053 2114 illum
1074 2067 1216 2114 errorem
1238 2055 1348 2117 teneat

150 2157 185 2215 et
216 2149 344 2228 docuit,
373 2151 448 2231 quia
468 2157 602 2232 propter
622 2148 799 2214 doctrinam
821 2155 854 2214 et
882 2149 1097 2214 inductionem
1120 2166 1206 2214 suam
1228 2150 1347 2216 multae

151 2249 307 2315 ecclesiae
335 2250 368 2314 in
399 2267 498 2331 regno
519 2249 691 2314 Bohemiae
726 2254 759 2313 et
780 2249 909 2314 civitate
943 2248 1096 2330 Pragensi
1115 2248 1179 2330 jam
1202 2248 1242 2314 de
1263 2250 1348 2316 iacto

153 2357 230 2415 sunt
251 2367 345 2431 quam
366 2350 510 2432 plurimis
530 2350 622 2415 bonis
650 2349 879 2431 temporalibus
901 2349 1066 2431 spoliatae.

253 2467 359 2532 Etiam
385 2466 481 2546 dicit,
514 2467 599 2550 quod
622 2466 849 2533 Constantinus
871 2466 980 2531 etalii
1003 2465 1162 2548 principes
1185 2468 1346 2533 seculares
1402 2522 1407 2541 ,

153 2573 351 2644 erraverunt,
374 2567 525 2633 ecclesias
547 2573 580 2632 et
601 2567 794 2631 monasteria
815 2565 963 2631 dotando.
995 2566 1062 2632 Ista
1084 2566 1236 2633 articulus
1258 2573 1349 2650 patet

152 2686 191 2733 ex
211 2667 394 2732 immediate
423 2664 639 2749 praecedenti.

251 2783 372 2862 Quarto
395 2784 480 2850 circa
501 2784 666 2849 ecclesiam
682 2791 778 2862 errat,
803 2782 887 2864 quod
910 2799 1018 2847 omnes
1040 2782 1246 2866 presbyteros
1261 2783 1347 2865 paris

153 2882 230 2950 dicit
260 2899 332 2948 esse
368 2882 555 2962 potestatis,
586 2890 619 2949 et
654 2884 725 2948 ideo
763 2884 997 2948 reservationes
1028 2902 1156 2948 casuum
1188 2885 1348 2967 papalium

154 2991 184 3050 et
205 2983 427 3066 temporalium
450 2983 680 3048 ordinationem
703 2990 735 3047 et
758 2983 946 3047 clericorum
969 2983 1241 3048 consecrationem
1271 2984 1349 3052 dicit

154 3092 286 3166 propter
318 3083 522 3166 cupiditatem
544 3085 593 3148 vel
615 3083 819 3148 ambitionem
842 3082 1040 3163 superiorum
1069 3082 1264 3148 adinventas.
1282 3085 1347 3150 Ali-

156 3185 290 3266 qualiter
311 3184 372 3249 iste
394 3182 548 3248 articulus
570 3189 659 3264 patet
682 3200 720 3246 ex
743 3181 932 3264 praedictis,
955 3182 1012 3246 sed
1035 3201 1073 3246 ex
1095 3183 1349 3264 interrogatione

156 3296 185 3351 et
208 3286 353 3350 examine
374 3283 487 3348 melius
510 3283 630 3365 poterit
651 3301 818 3365 apparere.

251 3401 372 3480 Quinto
386 3400 471 3466 circa
491 3401 656 3465 ecclesiam
672 3406 769 3480 errat,
791 3400 876 3482 quod
892 3399 969 3465 dicit
990 3418 1060 3464 eam
1081 3401 1114 3465 in
1136 3418 1211 3465 casu
1231 3402 1349 3468 nullam

157 3498 273 3569 habere
287 3508 478 3584 potestatem
493 3500 635 3579 clavium,
652 3499 777 3581 quando
793 3500 859 3565 scil.
887 3519 978 3583 papa,
1001 3499 1177 3566 cardinales
1191 3507 1226 3567 et
1239 3520 1349 3568 omnes

157 3601 334 3682 presbyteri
368 3607 401 3666 et
432 3600 540 3664 clerici
571 3606 647 3664 sunt
673 3598 706 3664 in
729 3605 859 3682 peccato
889 3600 1036 3680 mortali,
1071 3600 1155 3683 quod
1177 3600 1256 3668 dicit
1276 3621 1349 3669 esse

156 3699 309 3779 possibile
339 3719 375 3766 oe
404 3702 485 3766 Item
510 3701 541 3765 in
572 3706 709 3765 tractatu
740 3719 797 3766 suo
827 3701 866 3766 de
893 3701 1037 3767 Ecclesia
1060 3708 1151 3783 patet
1182 3704 1349 3784 exprimo

157 3816 266 3867 errore
287 3802 372 3867 circa
392 3801 555 3866 ministros
582 3799 744 3866 ecclesiae.

252 3918 352 3983 Sexto
372 3917 457 3984 circa
478 3916 643 3982 ecclesiam
666 3923 771 3995 errat,
793 3916 878 3998 quod
900 3935 963 3982 non
986 3919 1078 3984 timet
1099 3921 1348 3986 excommunica·

153 4018 275 4083 tionem
295 4017 446 4100 injustam
469 4022 602 4099 propter
628 4023 830 4082 contemtum.
854 4018 947 4082 Patet
973 4019 1098 4084 notorie
1120 4036 1159 4083 ex
1180 4020 1264 4084 lacto
1279 4037 1346 4095 suo,

150 4119 229 4199 quia
256 4117 450 4199 contempsit
468 4116 674 4198 apostolicam
704 4123 737 4182 et
759 4115 984 4182 ordinatoriam
1000 4135 1175 4195 censuram,
1198 4127 1232 4186 et
1245 4119 1278 4183 in
1293 4136 1348 4183 ex·

150 4216 491 4283 communicationibus
507 4223 540 4282 et
560 4215 741 4280 interdictis
757 4235 867 4282 eorum
888 4217 1022 4297 ingessit
1036 4235 1072 4282 se
1093 4218 1209 4284 divinis
1231 4235 1269 4283 κ.
1285 4217 1348 4285 Ubi

151 4317 306 4397 creditur,
329 4315 413 4396 qnod
434 4323 568 4398 propter
589 4314 730 4380 laborem
746 4315 871 4381 itineris
886 4322 920 4381 et
941 4317 1019 4382 alias
1040 4317 1118 4382 satis
1140 4325 1211 4383 erat
1232 4318 1349 4386 distra-

153 4422 239 4481 ctus:
271 4416 329 4482 sed
359 4416 393 4481 in
415 4422 608 4481 contemtum
631 4417 774 4496 clarium,
797 4423 831 4482 et
844 4416 885 4482 ad
900 4419 1145 4483 ostentationem
1168 4419 1347 4501 hypocrisis

156 4531 232 4581 suae
268 4517 443 4584 celebravit
464 4535 522 4598 per
555 4523 653 4580 totam
676 4516 757 4580 viam
785 4517 870 4580 inter
892 4516 992 4580 locum
1015 4518 1109 4582 istum
1132 4525 1166 4583 et
1187 4520 1348 4586 civitatem

158 4613 358 4698 l'ragensem,
380 4624 413 4682 et
436 4617 615 4699 profanavit
636 4633 806 4699 processus
829 4616 995 4681 ecclesiae.

1151 4720 1197 4772 re*
