2992 5258
150 410 219 482 694»
403 412 607 469 Controversiae
625 413 659 468 de
675 412 807 483 religione
823 413 852 468 in
870 411 1013 469 Bolremia:
1033 414 1105 467 1⁴18.

151 616 295 676 hominem
313 619 374 691 jam
396 618 549 690 perditum.
748 678 751 711 ι
966 615 1005 668 D.
1026 596 1159 667 &ent-oni.

153 717 177 777 0
199 723 307 778 matres
327 717 470 788 infelices,
748 718 751 791 1
817 721 883 780 Jam
905 718 1027 778 ulterius
1049 715 1218 792 procedam

153 833 228 891 quae
250 834 301 878 vos
327 824 500 893 restrosque
523 809 680 892 complices
748 800 751 863 Ῑ
775 818 813 879 ad
838 800 1001 878 Centonem
1022 817 1159 878 accedam

152 919 259 978 misere
281 923 458 994 genuerunt!
772 920 856 993 jussa
876 919 1030 988 relaturus,

153 1018 350 1080 infelicissimi
375 1022 445 1094 nati,
749 1024 751 1106 l
776 1036 851 1093 quae
873 1020 1008 1078 dicontur
1030 1021 1090 1093 jam
1112 1019 1262 1092 ansculta3

155 1121 202 1192 qui
225 1135 261 1177 ex
282 1121 354 1192 ipsis
384 1122 538 1196 propagati
775 1135 824 1179 res
846 1126 893 1179 est
913 1120 999 1189 clara,
1021 1134 1079 1178 non
1102 1118 1225 1194 occulta,

154 1220 184 1277 in
206 1221 341 1296 mundum
364 1221 549 1292 prodleruut!
777 1220 813 1279 de
835 1235 892 1293 que
913 1237 975 1278 sum
996 1219 1157 1278 locuturus.

156 1319 186 1378 Si
208 1320 304 1380 velitis
327 1323 489 1393 percipere,
776 1319 891 1379 Nobilis
915 1320 1031 1379 domine
1054 1305 1165 1392 Oculo,

154 1419 264 1479 similes
288 1423 358 1480 estis
384 1423 510 1494 viperae,
778 1427 829 1480 tua
850 1413 1006 1493 prudentia
1027 1434 1065 1479 en
1086 1435 1157 1494 qno

156 1534 229 1591 qnae
252 1525 320 1579 ante
341 1528 456 1593 tempos
479 1522 539 1581 exit
777 1521 814 1579 ad
836 1507 977 1593 praesens
1004 1519 1129 1588 evannit,

154 1626 240 1691 rupto
262 1622 363 1680 matris
385 1628 478 1692 utero,
777 1621 854 1695 quod
876 1618 1041 1680 munoribus
1062 1618 1176 1679 frivolis

155 1735 254 1780 rernm
277 1721 375 1780 dicere
397 1728 516 1794 potero:
777 1727 808 1780 et
827 1720 992 1779 hominibus
1014 1718 1159 1778 malivolis

157 1820 200 1880 sic
221 1821 283 1879 llus
304 1837 338 1881 ss
361 1825 455 1882 erexit
777 1827 835 1880 tam
858 1819 955 1881 subito
977 1819 1086 1879 annuit.

155 1922 185 1980 in
207 1938 278 1981 suec
300 1923 401 1982 metria
423 1938 532 1992 necem,
776 1921 890 1981 Primus
912 1927 977 1980 erat
1000 1918 1109 1981 Oleddlc

156 2022 390 2095 haereticamque
413 2022 505 2083 fecem
775 2022 805 2082 in
828 2037 979 2096 synagoga
999 2021 1060 2093 hac,

158 2125 185 2180 iu
210 2121 355 2182 Bohemos
377 2122 491 2183 infudit
777 2137 866 2198 utque
888 2124 996 2183 Paulus
1019 2122 1173 2195 apostolus
1238 2167 1242 2175 .

157 2222 319 2282 Damnatus
343 2223 407 2282 <lira
428 2231 520 2282 morte
780 2225 922 2297 epistolas
944 2223 1120 2296 impetrarit,

157 2340 220 2381 cum
246 2323 423 2397 Hieronymo
446 2331 581 2384 consorte
779 2325 884 2384 multos
907 2324 994 2383 urbes
1020 2324 1189 2397 peragravit

156 2424 303 2482 nationem
326 2422 469 2496 confudit;
778 2425 865 2483 homo
887 2440 985 2498 vagus,
1007 2424 1144 2499 dyscolus

158 2524 213 2584 sed
235 2523 307 2583 deus
328 2523 495 2593 ineffabilis,
710 2558 714 2565 ·
780 2540 843 2584 cum
865 2525 944 2598 regis
966 2527 1128 2599 majestate,

158 2626 188 2686 in
210 2625 320 2685 sanetis
343 2623 493 2694 mirabilis,
780 2626 811 2685 in
833 2625 909 2695 villa,
931 2627 961 2684 in
983 2625 1099 2685 civitate

159 2726 208 2800 qui
229 2731 333 2784 cuncta
354 2724 482 2794 rimetur,
780 2731 892 2785 coetum
915 2724 991 2784 hunc
1013 2740 1112 2785 secum
1134 2723 1253 2785 ducens.

159 2827 213 2886 hos
235 2824 303 2886 tulit
326 2825 363 2884 de
385 2824 488 2894 medio,
779 2827 934 2885 Istosnam
949 2825 1083 2899 pandere
1107 2825 1217 2899 glisco:

160 2921 248 3001 digno
271 2931 303 2985 ut
323 2925 454 2985 remedio
786 2927 908 2998 Wdcla
929 2926 1082 2995 Kormsda,
1104 2924 1236 2997 Matilo,

159 3024 234 3090 fides
255 3027 378 3085 uniatur.
782 3046 844 3089 cum
863 3028 928 3087 istis
950 3027 1057 3085 multos
1084 3026 1239 3096 seducens,

160 3129 233 3187 Nam
256 3144 309 3185 sus
336 3126 490 3200 tyrannide
781 3128 817 3188 de
838 3127 943 3188 Lazitt
965 3125 1132 3194 Jaroetaee

158 3235 248 3287 totam
270 3232 385 3301 gentem
407 3233 544 3296 moverat,
781 3229 816 3287 dc
844 3213 966 3299 chedec
986 3226 1140 3295 Nicotaus,

160 3326 357 3401 praedicando
380 3324 490 3398 perfide
780 3328 911 3388 ribaldus
933 3328 980 3387 hic
1001 3326 1165 3395 inmundus,

160 3429 246 3487 fidem
269 3427 480 3486 vulneraverat.
780 3427 914 3497 Amiroei,
935 3427 1032 3494 Pater,
1054 3426 1174 3500 Bouill,

162 3529 242 3601 Ergo
265 3543 364 3587 omues
384 3527 496 3600 jugiter
781 3535 827 3589 est
848 3528 967 3589 Madet
987 3532 1123 3599 apostata
1148 3528 1213 3599 luic;

160 3629 260 3688 demus
283 3643 387 3699 preces
408 3626 554 3685 humiliter
781 3629 816 3689 de
840 3627 981 3689 Chelidon
1001 3625 1218 3701 Ssquemundsm

163 3727 280 3787 domino
301 3728 373 3787 iesu
395 3724 521 3797 censeo,
783 3710 889 3801 dapes,
910 3729 1037 3798 manee,
1057 3726 1216 3798 Percotes,

159 3837 192 3888 ut
212 3828 288 3887 hunc
309 3842 440 3886 errorem
461 3826 624 3899 reprimens
781 3829 932 3889 Abraham
952 3844 1009 3887 non
1032 3828 1096 3887 edit
1116 3826 1191 3899 olus,

159 3937 190 3988 et
211 3927 441 4001 pseudo-gentes
464 3926 658 3999 comprimens
781 3928 888 4003 leopos
912 3935 998 4002 atque
1020 3927 1157 4002 caiphas.

159 4029 283 4088 nuncin
310 4032 441 4100 tompore
463 4027 521 4086 isto
781 4029 887 4089 Infelix
908 4029 994 4089 homo
1017 4024 1136 4088 nimium

159 4130 302 4188 unitatem
324 4125 413 4185 faciat
782 4132 914 4190 insanum
935 4135 1015 4188 tuum
1037 4129 1192 4189 consilinm

159 4233 363 4288 sacrosanctae
385 4223 463 4298 fidoi,
782 4231 838 4290 hoc
860 4230 959 4290 dicere
980 4235 1028 4290 est
1047 4227 1103 4290 fas.
1245 4296 1251 4313 ,

159 4337 190 4389 et
210 4330 356 4389 Bohemos
382 4329 492 4403 dirigat
594 4330 597 4337 '
782 4333 835 4391 Isti
859 4346 981 4404 nemque
1002 4331 1078 4390 male
1101 4332 1233 4407 credunt,

159 4431 197 4488 ed
217 4430 343 4503 landem,
365 4446 450 4503 quam
471 4431 625 4504 inhabitet,
783 4433 894 4491 animas
917 4447 1076 4504 pauperum
1101 4433 1233 4508 laedunt,

161 4531 238 4589 viros
261 4536 379 4590 senctoe
402 4531 475 4604 spel.
782 4531 990 4592 defraudantes
1013 4532 1161 4604 populum.

783 4633 863 4693 Tuae
886 4631 961 4705 legis
982 4634 1119 4706 apostoli,
