2992 5258
387 413 464 466 anuis
482 413 646 466 reos-1412
663 418 726 467 aute
744 413 862 469 exilium.
898 417 981 470 9.1o.
1237 426 1275 486 21

94 617 216 697 singula
236 615 343 681 muudi
365 614 526 679 illustrare
547 613 682 695 climata,
705 633 837 696 eumque
852 617 922 682 sitis
937 619 1033 699 positi
1059 620 1091 684 iu
1106 627 1276 703 potestate,

95 726 127 784 ut
153 717 285 800 possitis
310 714 418 780 mundi
444 714 557 780 tollere
587 713 743 795 erimina·
763 715 803 781 do
831 715 975 782 faucibus
1001 725 1132 785 satanae
1158 722 1278 787 animas

94 817 229 898 eripere,
261 813 486 897 oppressisque
518 813 552 876 in
584 811 703 878 Christi
735 813 861 879 nomino
894 815 1078 882 subvenire:
1111 820 1152 887 ad
1175 821 1278 886 ΨΜ

95 919 196 982 i‘uttum
219 914 380 979 humiliter
406 912 575 994 procidens
606 912 750 994 coniugio
772 914 945 995 praesidia,
975 935 1143 997 gravamen
1173 925 1278 988 oneris

94 1018 166 1082 mihi
190 1016 329 1099 impositi
350 1016 505 1096 nequiens
527 1020 726 1097 supportare,
748 1013 832 1095 quod
853 1034 950 1097 super
971 1035 1022 1082 me
1037 1037 1208 1103 pauperem
1231 1023 1278 1087 in·

94 1119 211 1196 cubuit,
233 1116 451 1199 principaliter
472 1115 546 1181 iude
568 1116 698 1181 trahens
713 1116 877 1198 originem,
900 1117 973 1198 quia
995 1124 1138 1202 tompore
1160 1122 1278 1188 disces·

93 1219 190 1284 sionis
210 1218 397 1298 aGregorio
409 1216 471 1280 XII
491 1215 714 1282 adhaesionem
736 1235 826 1282 sacro
847 1216 1050 1284 cardinalium
1069 1221 1202 1304 collegio
1218 1242 1276 1305 pro

94 1321 207 1385 unione
228 1325 358 1384 sauctae
380 1317 489 1383 matris
512 1316 665 1383 ecclesiae
687 1318 855 1383 suadebam
878 1317 1050 1385 efficaciter
1071 1321 1278 1405 principibus,

93 1420 263 1487 baronibus
286 1425 319 1485 ot
340 1419 491 1499 dominis,
524 1418 610 1484 clero
637 1424 671 1485 et
691 1419 808 1501 populo
836 1426 1020 1486 constanter
1042 1423 1279 1504 praedicabam

93 1521 174 1587 unde
197 1529 301 1586 rev¹¹¹¹¹⁸
328 1520 361 1586 iu
384 1520 455 1586 Chr.
479 1527 571 1602 pater
592 1520 629 1585 D.
658 1519 784 1602 Sbynho
812 1521 983 1602 Prageusis
1010 1522 1280 1606 archiepiscopus,
1371 1518 1376 1529 ’

94 1631 168 1687 tunc
196 1622 281 1688 sacri
309 1620 436 1701 collegii
466 1620 671 1687 cardinalium
703 1621 912 1703 adversarius,
946 1622 1090 1688 omuibus
1122 1624 1281 1706 magistris

94 1722 309 1788 universitatIs
330 1721 428 1788 studii
446 1722 627 1803 -Prugensis,
650 1724 704 1804 qui
725 1741 816 1788 sacro
831 1723 964 1804 collegio
979 1724 1200 1804 adhaeserant,
1223 1723 1281 1789 sed

94 1823 280 1907 praesertim
300 1823 377 1887 mihi
400 1840 438 1886 ex
461 1823 595 1903 nomine,
618 1841 677 1904 per
697 1821 877 1888 affixionem
891 1824 931 1889 ad
946 1824 1052 1889 valvus
1075 1823 1281 1890 eeclesiarum

94 1942 218 1990 suarum
240 1923 404 1989 literarum
426 1930 596 2005 patentem,
618 1940 727 1989 omnes
749 1929 782 1989 et
803 1925 945 2006 singulos
960 1930 1049 1990 actus
1065 1922 1280 1990 sacerdotales

95 2025 126 2089 iu
147 2043 205 2089 sua
227 2022 346 2089 diocesi
369 2041 520 2088 exercere
549 2023 719 2106 prohibuit,
749 2042 874 2090 cansam
901 2025 1086 2107 subjiciens
1117 2025 1191 2106 quia
1216 2043 1281 2089 mur

95 2125 183 2206 gistri
207 2125 425 2199 universitatis
448 2123 545 2190 studii
568 2124 736 2204 Prageusis
765 2124 846 2189 male
872 2125 1030 2190 informati
1059 2144 1079 2190 a
1100 2131 1226 2191 sanot¹¹¹⁰
1248 2125 1282 2190 in

95 2225 220 2290 Christo
243 2232 336 2306 patre
358 2224 514 2304 Gregorio
529 2224 590 2288 XII
606 2230 639 2288 ct
660 2224 700 2289 ab
716 2224 896 2290 obedientie
918 2225 1002 2290 sedis
1024 2225 1217 2308 apostolicae
1232 2245 1282 2291 re·

95 2332 268 2391 cesserunt
312 2324 374 2390 Sed
396 2325 470 2406 quia
491 2325 594 2390 exitus
616 2330 687 2391 acta
708 2325 853 2408 probant,
875 2332 1035 2408 postremo
1058 2326 1174 2407 patuit,
1208 2326 1281 2391 dum

95 2432 308 2491 consummato
331 2424 462 2492 concilio
485 2425 599 2491 Pisano
623 2426 802 2508 compulsus
817 2426 1040 2506 magistrorum
1055 2425 1282 2492 discessionem

95 2544 190 2608 opere
213 2525 343 2609 proprio
371 2525 596 2608 comprobavit.
639 2525 722 2591 Ecce
751 2525 962 2591 accusationis
990 2544 1078 2591 meae
1107 2546 1143 2592 ac
1171 2544 1305 2608 grava.

96 2627 186 2692 minis
208 2626 372 2692 exordium
394 2625 585 2708 principale!
617 2626 679 2692 Sed
701 2627 774 2709 quia
796 2625 973 2709 praelatum
995 2645 1119 2692 sacrum
1140 2626 1283 2693 cardina·

96 2727 168 2792 lium
191 2728 358 2808 collegium
379 2726 626 2792 adhaerentibus
642 2727 792 2792 exhibere
808 2727 905 2792 multa
919 2725 1073 2793 beneficia
1094 2733 1171 2793 tunc
1187 2745 1282 2810 spon·

97 2827 205 2893 debat:
228 2828 308 2893 ideo
322 2827 540 2909 promissionis
568 2827 670 2892 factae
692 2846 807 2909 gerens
829 2828 1027 2912 memoriam,
1057 2827 1190 2894 firmiter
1217 2845 1283 2893 cro·

98 2928 174 2993 deus
194 2927 297 3010 ipsam
319 2927 504 3007 subsistere,
535 2945 603 2992 curn
626 2928 667 2993 sit
690 2928 858 3010 promissio
881 2927 1035 2994 ecclesiae
1057 2927 1281 3007 columnarum,

99 3028 159 3091 Vf*5
180 3026 355 3094 clementes
377 3027 476 3093 Rev¹⁸³
497 3029 618 3108 invoco,
640 3027 731 3095 flexis
753 3028 926 3112 poplitibus
952 3026 1176 3110 supphcando,
1206 3045 1283 3108 qua-

99 3139 189 3194 tenus
210 3129 340 3211 pietatis
362 3128 462 3194 oculis
494 3148 544 3194 me
572 3146 742 3211 pauperem
769 3126 977 3208 dignarentur
1006 3128 1167 3209 respicere
1201 3133 1234 3191 et
1266 3145 1285 3191 a

98 3229 271 3311 personalis
293 3229 529 3311 comparitionis
553 3235 586 3294 et
607 3229 724 3294 ceteris
747 3227 1008 3310 comparitiouum
1030 3226 1284 3309 dependentibus

99 3329 328 3411 gravaminibus
357 3329 497 3409 gratioso
515 3329 674 3411 juvamine
703 3327 849 3394 liberare.
893 3328 1050 3394 Innocens
1077 3327 1194 3392 etenim
1216 3344 1285 3391 sum

98 3431 127 3494 in
148 3431 197 3496 his
221 3435 305 3495 teste
326 3430 405 3496 Jesu
428 3428 554 3495 Christo
578 3429 713 3508 domino,
735 3429 769 3493 iu
791 3429 904 3509 quibus
927 3427 1101 3494 adversarii
1122 3447 1172 3493 me
1193 3445 1285 3493 aceu-

99 3538 174 3596 saut
220 3532 354 3596 Paratus
376 3549 511 3612 namque
534 3548 602 3594 sum
631 3547 737 3595 eoram
758 3530 840 3595 alma
862 3529 1069 3594 universitate
1091 3527 1188 3593 studii
1210 3529 1284 3593 Pra-

99 3631 202 3710 geusis
233 3630 441 3712 omnibusque
473 3630 623 3712 praelatis
652 3631 798 3712 omnique
829 3630 945 3712 populu
967 3631 1029 3694 mei
1050 3628 1216 3707 auditorii,
1246 3627 1286 3693 ad

99 3730 178 3812 qnod
199 3749 250 3796 me
265 3729 380 3809 refero,
402 3731 441 3797 de
456 3730 526 3811 fide,
550 3749 641 3812 quam
664 3731 760 3797 corde
775 3736 880 3810 teneo,
902 3730 999 3794 verbu
1022 3735 1055 3795 et
1076 3728 1195 3811 scripto
1212 3746 1285 3809 pro·

99 3830 196 3910 fiteor,
219 3829 654 3910 etiamigneadaudicntiam
677 3831 791 3913 posito,
814 3830 938 3913 plenam
956 3837 989 3896 et
1012 3830 1128 3895 claram
1151 3827 1285 3892 reddere

99 3933 261 3998 rationem.
304 3931 353 3997 Dc
375 3949 437 4012 qua
459 3930 583 4013 quidem
613 3931 810 3997 confessione
837 3931 1048 3996 instrumenta
1070 3927 1286 4010 publicarum

99 4031 314 4097 universitatis
336 4032 505 4112 Prageusis
527 4033 708 4098 testimonio
732 4033 865 4097 Vestras
894 4031 1056 4114 piissimas
1078 4027 1285 4094 severendus

99 4132 238 4213 plenarie
261 4131 483 4198 lniormabunt.
527 4133 686 4215 Scriptum
707 4149 743 4197 ru.
768 4133 840 4212 (sic)

192 4246 223 4300 Ε
237 4244 302 4300 MS.
321 4247 379 4301 cod.
405 4245 501 4302 Visun.
519 4245 597 4302 4902
608 4247 661 4317 sol.
681 4245 745 4303 122.

192 4330 250 4386 Ea.
269 4333 300 4383 iu
318 4332 389 4400 Opp.
407 4331 492 4385 Huss.
511 4332 536 4394 I,
553 4329 593 4385 92
610 4340 636 4385 et
653 4329 712 4385 117.
846 4327 849 4333 ’

595 4533 792 4543 ——.—-..
