2992 5258
157 434 219 494 430
404 428 608 482 controversiae
627 429 660 482 de
679 430 808 496 religione
826 432 852 484 in
872 430 1013 485 Bobemia:
1033 432 1107 485 llll.
1154 414 1157 419 ¹

257 631 346 697 Licet
375 632 511 697 ecclesia
540 639 650 698 nostra
671 633 851 713 pragensis,
882 652 963 714 quae
990 634 1159 700 multarum
1191 633 1350 701 diocesum

154 734 226 813 jure
248 733 493 814 metropolitano
516 741 549 797 et
571 733 739 814 legationis
762 734 866 799 udicio
889 735 1079 816 disponente
1100 733 1229 800 domino
1251 743 1351 802 mater

158 843 207 900 est
236 840 270 899 et
296 832 458 913 magistra,
486 852 555 898 cnm
569 835 655 899 'aliis
677 833 823 898 ecclesiis
846 834 984 899 civitatis
1007 843 1040 899 et
1061 833 1199 900 diocesis
1222 842 1349 903 nostrae

156 933 327 1014 Pragensis
359 933 402 998 sit
433 934 655 998 nonnullorum
678 934 890 1019 Romanorum
906 935 1099 1016 pontificum,
1122 936 1348 1018 imperaturum

156 1036 250 1100 etiarn
274 1041 307 1099 et
329 1053 438 1115 regum
460 1035 705 1100 clarissimorum
721 1035 890 1102 Bobcmiac
906 1036 1081 1119 privilegiis
1096 1043 1129 1102 et
1144 1035 1345 1105 libertatibus

156 1136 340 1202 multimode
367 1135 535 1216 insignita:
567 1141 674 1201 tamen
704 1137 753 1200 bis
783 1136 904 1216 diebus,
933 1144 1029 1220 prout
1058 1143 1109 1202 cst
1135 1137 1299 1204 notorium
1319 1145 1350 1204 et

155 1239 355 1303 manil'cstum
378 1246 411 1300 et
433 1255 472 1301 ex
494 1236 568 1301 lacti
597 1238 757 1304 evidentia
779 1245 913 1316 constat,
936 1239 1078 1321 magistri
1102 1238 1229 1320 civium,
1250 1238 1350 1322 jurati

156 1338 277 1403 scabini
300 1338 438 1418 majoris,
466 1355 576 1415 novae,
609 1339 741 1403 mitioris
770 1345 802 1403 et
825 1339 856 1402 in
879 1338 1066 1405 Hradcnano
1088 1339 1255 1405 civitatum
1277 1340 1348 1406 Pra-

157 1438 317 1519 gensium,
361 1438 507 1503 videlicet
550 1437 712 1502 l‹'ridlinus
753 1438 1000 1520 llnssenpbenig
1035 1440 1190 1519 magister
1226 1439 1349 1519 ciuium,

154 1539 296 1602 lobanco
320 1537 445 1615 Ortlini,
469 1536 605 1613 Ocenko,
629 1537 849 1618 sigismundus
866 1538 1072 1616 Rokiczaner,
1095 1539 1221 1605 Marsso
1246 1541 1348 1608 dictus

154 1639 253 1718 Sram,
282 1638 462 1703 Ludovicus
493 1639 570 1704 alias
598 1639 694 1720 Loys,
715 1626 1125 1721 Purgandus‘apothecarii,
1148 1642 1350 1716 Laurentius,

154 1739 290 1805 Mathias
326 1738 429 1804 dictus
462 1739 712 1821 Reyssenlrytel,
748 1742 862 1804 Petrus
899 1760 937 1805 ex
980 1743 1128 1823 opposito
1165 1742 1349 1807 monasterii

154 1841 183 1906 S.
213 1843 332 1917 brunae,
363 1840 492 1905 Duchco
521 1838 627 1904 dictus
657 1841 803 1921 Reymer,
826 1841 975 1923 lirayssa,
997 1842 1138 1906 Joannes
1161 1842 1348 1925 Dupuwecz,

154 1944 295 2008 loannes
325 1941 460 2019 Sabidio,
493 1940 626 2017 Martalr,
657 1940 868 2018 Wlecehrdlo,
899 1938 1106 2007 Wenceslaus
1129 1942 1228 2023 Cban,
1253 1942 1348 2008 Frau-

153 2041 255 2106 ciscus
276 2039 418 2121 llbelsky'
448 2042 595 2121 antiquae
624 2041 762 2106 civitatis
792 2042 976 2119 Prageusis3
1007 2048 1040 2105 et
1063 2042 1220 2107 Martinus
1244 2043 1347 2108 dictus

152 2143 283 2207 Odmme
318 2142 468 2222 iring-ister
501 2141 634 2218 civium,
670 2141 813 2207 Andreas
851 2142 955 2207 dictus
989 2129 1167 2226 Zitausky‘,
1198 2191 1205 2204 .
1242 2192 1248 2203 .
1283 2191 1291 2206 .
1324 2191 1332 2206 .

44 2272 50 2281 ·
134 2243 256 2308 ,dictus
278 2242 386 2321 Halei,
410 2241 553 2306 Andreas
583 2242 686 2306 dictus
716 2243 875 2321 Oswietlo,
899 2243 1040 2308 loannes
1073 2243 1178 2309 dictus
1200 2243 1346 2326 Slauslri.

153 2343 266 2423 Mirlro,
292 2343 498 2408 Wenceslaus
531 2361 550 2407 a
583 2343 663 2407 lacic
686 2343 814 2419 Christi,
844 2344 984 2408 loannes
1016 2361 1117 2427 penes
1151 2345 1347 2428 praetorium

152 2461 271 2509 moram
304 2443 450 2522 trahens,
483 2443 560 2507 item
591 2442 764 2507 Bencssius
798 2443 901 2508 dictus
931 2443 1087 2522 Sulcenilr,
1121 2445 1198 2510 item
1232 2444 1347 2510 Mision

152 2544 255 2609 dictus
285 2542 472 2622 Dietounilr,
500 2543 614 2607 Petrus
641 2543 745 2608 dicbus
774 2543 878 2624 llwas,
912 2544 1062 2609 Nicolaus
1095 2545 1199 2611 dictus
1232 2545 1346 2629 parlia-

151 2644 279 2709 mennilr
308 2645 386 2709 alias
415 2645 665 2724 pargamenistn,
695 2663 791 2706 nonae
820 2645 959 2710 civitatis
989 2645 1174 2725 Pragensis3
1202 2645 1347 2712 Jacublro

151 2745 302 2827 magister
324 2744 448 2823 civium,
464 2745 601 2811 Mathias
616 2745 720 2810 dictus
738 2745 886 2824 Cocdras
903 2747 1026 2824 Sobico,
1041 2748 1185 2829 loannes
1199 2747 1346 2830 scriptur,

151 2848 266 2911 Petrus
302 2845 406 2909 dietus
439 2846 547 2925 Octo,
582 2847 719 2911 Mathias
757 2848 889 2927 rutiles,
925 2847 1030 2914 Simon
1069 2848 1217 2928 sellator,
1248 2847 1345 2913 Endrl

150 2947 299 3026 carnifex,
324 2945 466 3024 Drslaua,
490 2945 696 3012 Wenceslaus
712 2946 886 3026 Pastorek,
910 2949 1052 3028 Paulico,
1075 2949 1218 3014 loannes
1242 2946 1346 3013 Racelr

151 3048 285 3108 minoris
317 3046 453 3111 civitatis
489 3046 674 3126 pragensis
704 3048 845 3113 Joalllles
874 3047 1002 3130 Snopelr
1034 3051 1187 3130 magister
1221 3049 1344 3125 civium,

152 3149 258 3226 sslaha,
281 3146 418 3212 Matthias
449 3165 468 3211 a
497 3148 595 3211 rubeo
624 3147 716 3226 osti0,
740 3147 877 3212 Matthias
900 3149 931 3211 in
955 3148 1152 3211 Hradczano
1174 3148 1344 3231 Pragensi3

150 3248 278 3311 Rcczko
307 3247 410 3311 dictus
432 3245 569 3327 Knopia,
598 3247 786 3327 burgravius
813 3248 845 3312 in
868 3248 1081 3330 Wyssegrado
1112 3246 1158 3312 et'
1181 3249 1283 3312 Woca
1307 3248 1345 3314 de

160 3348 343 3418 Woldsteio,
367 3348 508 3411 nescitur
530 3365 592 3428 quo
615 3347 701 3411 ducti
725 3347 848 3429 spiritu,
871 3366 940 3413 cum
964 3349 1106 3430 ipsorum
1128 3351 1344 3433 complicibus,

151 3460 271 3515 temere
294 3456 405 3514 contra
432 3449 679 3513 ecclesiasticam
709 3436 891 3513 libertatem
914 3451 1091 3523 venientes,
1113 3451 1207 3529 bona,
1231 3452 1348 3531 curias,

151 3551 371 3633 possessiones
393 3556 425 3613 et
447 3549 556 3612 doulos
580 3549 611 3611 in
634 3548 762 3613 civitate
779 3548 931 3629 Pragensi
954 3559 986 3616 et
1009 3560 1099 3616 extra
1122 3551 1356 3618 nonnullorum

150 3651 346 3716 dominorum
369 3649 592 3731 praelatorum,
616 3650 847 3729 crunonicormn,
871 3651 1096 3730 alienaturum,
1125 3652 1350 3718 ministrorum

150 3752 304 3818 ecclesiae
334 3756 463 3815 nostrae
485 3751 655 3830 Pragensis
688 3752 870 3833 praedictae
904 3771 940 3816 ac
973 3753 1106 3817 aliarum
1136 3752 1354 3821 ecclesiarum

150 3853 388 3934 collegiatarum
410 3870 469 3917 nec
490 3869 554 3916 non
578 3852 783 3932 plebanorum
800 3863 1043 3934 ceterorumque
1059 3852 1201 3920 virorum
1216 3854 1348 3936 religio·

149 3972 257 4018 sorum
286 3961 398 4018 contra
424 3953 516 4016 deum
549 3960 582 4015 et
607 3952 764 4032 justitiam
791 3952 987 4031 invadentes,
1017 3971 1133 4019 census
1168 3954 1353 4022 eorundem

150 4055 346 4120 dominorum
374 4053 452 4134 ipsis
480 4052 606 4117 debitos
635 4071 672 4117 ac
702 4060 764 4116 tam
788 4071 847 4134 pro
868 4061 1038 4134 auglnento
1061 4054 1160 4120 divini
1183 4055 1292 4122 cultus
1311 4062 1363 4121 ct

150 4156 289 4221 remedio
317 4155 499 4224 auimarmn,
526 4171 620 4233 quam
642 4171 700 4235 pro
730 4154 963 4219 sustentatione
990 4154 1132 4236 ipsorum
1156 4165 1191 4222 et
1211 4158 1354 4226 aliorum

149 4275 323 4338 pauperum
353 4255 530 4338 deputatos,
560 4255 601 4320 ab
629 4254 806 4320 hominibus
829 4255 1062 4320 censualibus.
1097 4306 1103 4316 .
1139 4259 1357 4334 .(r‘oromca)

149 4364 362 4435 extorserunt,
397 4365 429 4420 et
451 4363 642 4436 receperunt
664 4373 701 4419 ae
723 4359 914 4435 extorquere
944 4362 977 4420 et
999 4358 1145 4439 recipcre
1180 4378 1345 4445 praesum·

149 4465 269 4535 serunt,
297 4457 467 4538 pluresque
490 4456 697 4537 presbyteros
724 4462 756 4519 et
778 4474 933 4536 personas
965 4457 1201 4525 ecclesiasticas
1238 4509 1246 4524 .
1279 4510 1286 4523 .
1316 4508 1325 4523 .

149 4558 241 4622 nibus
270 4567 304 4623 et
325 4558 422 4622 rebus
450 4558 663 4639 privaverunt,
687 4574 784 4638 seque
813 4557 852 4620 de
875 4558 1052 4639 hujusmodi
1074 4562 1330 4641 possessionibus,

148 4657 249 4738 bonis,
279 4659 385 4738 curiis,
412 4658 566 4737 domibus,
595 4658 772 4723 redditibus
802 4658 1060 4739 proluentibusl)
1109 4707 1116 4722 .
1151 4709 1158 4724 .
1194 4711 1201 4725 .
1235 4709 1243 4724 .
1274 4708 1281 4723 .
1309 4705 1316 4721 .
