2992 5258
107 443 108 447 ,
149 392 191 457 44
606 387 748 457 Epistolse
766 387 883 457 scriptae
1003 454 1006 459 ¹

150 593 272 671 ignoro,
293 591 541 659 misericordiam
563 590 613 656 dei
649 590 883 673 praestolando.
926 591 1075 658 Formido
1108 593 1271 675 siquidem,
1305 615 1346 662 ue

149 692 182 755 in
205 690 293 757 vobis
315 692 415 757 multa
435 691 517 757 male
538 696 775 774 perpetrentur,
801 712 841 758 ne
855 692 972 760 ,fideles
994 694 1157 775 patiantur
1178 699 1212 759 et
1245 695 1345 777 iniqui

150 792 182 854 in
215 791 319 857 anima
344 791 537 873 deperirent.
581 792 640 870 Qui
673 810 757 858 nuno
790 793 993 885 gratulantur
1026 799 1274 877 exposcunoquc
1310 802 1347 861 ut

152 891 267 959 nedum
289 892 419 959 verbum
441 891 493 958 dei
515 893 548 958 in
569 911 620 959 me
642 893 793 976 sopiatur,
827 893 885 959 sed
915 900 948 960 et
983 901 1019 961 ut
1049 895 1138 961 locus
1171 894 1260 961 verbi
1293 895 1346 961 dei

150 992 335 1060 Bethlehem
371 990 455 1060 lust‘e
491 993 682 1060 recludatur.
737 995 800 1061 Sed
835 996 986 1077 numquid
1019 1014 1115 1079 posse
1148 998 1345 1078 postulatum

151 1097 372 1178 cunctipotens
394 1096 540 1162 dominus
561 1096 624 1163 illis
646 1095 820 1163 edonabitl
858 1097 918 1162 etsi
940 1102 1074 1179 propter
1096 1097 1218 1162 scelera
1243 1096 1345 1164 sceie-

31 1208 35 1227 ⁸
150 1190 271 1263 storum
294 1196 467 1280 permittet,
490 1195 751 1277 quemadmodum
765 1197 799 1262 in
810 1196 1008 1278 Bethlehem,
1030 1198 1063 1262 in
1086 1215 1148 1278 qna
1169 1203 1264 1264 natus
1286 1203 1346 1278 est,

102 1324 108 1335 ·
149 1303 183 1365 ot
204 1297 236 1361 in
258 1297 445 1377 Jerusalem,
481 1299 514 1363 in
547 1315 609 1378 que
640 1314 698 1363 nos
731 1297 876 1387 redemit,
913 1315 1040 1379 semper
1060 1297 1185 1363 laudem
1223 1298 1348 1378 gratioe

150 1399 249 1481 ipsius
270 1415 487 1480 personemus,
509 1397 712 1464 humiliantes
744 1399 804 1462 sub
836 1399 980 1480 potentia
1011 1397 1090 1479 ejus,
1123 1397 1176 1479 qui
1209 1416 1280 1463 cum
1313 1415 1348 1464 se

48 1576 54 1587 Ι
150 1498 355 1580 diligentibus
381 1504 439 1579 est,
466 1517 524 1582 pro
546 1517 645 1580 seque
673 1499 833 1582 potientes
854 1500 977 1580 liberat,
1000 1507 1035 1566 et
1054 1500 1261 1566 insultatores
1282 1500 1349 1581 igni

53 1680 56 1690 Ι
149 1604 304 1681 perpetuo
327 1604 480 1664 reservat.
523 1598 606 1664 Hine
629 1605 687 1679 est,
716 1600 871 1665 carissimi
903 1600 936 1664 in
969 1600 1104 1680 domino,
1136 1600 1269 1667 obsecro
1306 1620 1348 1667 ne

150 1698 263 1764 taediis
286 1696 448 1779 deficiatis,
472 1698 529 1764 sed
550 1701 656 1782 potins
678 1700 870 1767 salvatorem
891 1702 1041 1782 exoretis
1065 1706 1101 1772 ut
1122 1702 1213 1768 nobis
1235 1720 1348 1785 perse·

149 1801 325 1865 verentium
346 1799 379 1864 in
400 1798 483 1865 bono
506 1799 634 1880 tribuat,
650 1799 914 1887 'confidamusque
937 1801 977 1866 de
998 1802 1151 1868 immensa
1171 1804 1241 1886 ejus
1253 1803 1343 1870 boni·

149 1905 225 1981 tate,
246 1901 321 1982 quia
341 1900 471 1966 verbum
499 1919 590 1967 suurn
622 1900 793 1983 libertabit,
827 1903 1039 1983 auxiliumque
1075 1901 1166 1968 nobis
1199 1903 1232 1967 in
1254 1904 1346 1969 Anti·

150 2000 302 2066 christum
324 2000 499 2084 praebebit,
523 2008 634 2068 contre
655 2020 748 2084 quem
772 2004 916 2069 oratioue
938 2007 1054 2082 vestra,
1078 2004 1104 2068 si
1118 2002 1245 2069 Christo
1267 2004 1348 2070 libu-

150 2102 220 2182 erit,
243 2101 340 2168 verbo
363 2102 414 2167 dei
437 2103 607 2169 rebellnbo.
640 2103 706 2168 Pax
727 2109 763 2169 et
784 2105 909 2182 caritas,
939 2103 1101 2184 profectus
1122 2104 1155 2168 in
1177 2104 1268 2185 hono,
1294 2104 1348 2170 de·

149 2201 286 2284 hincque
308 2203 373 2269 vita
394 2210 525 2270 aeterna
545 2204 578 2268 in
600 2203 702 2284 glorie
731 2204 773 2268 sit
805 2202 900 2288 vobis
926 2223 945 2270 a
977 2203 1103 2269 domino
1137 2210 1248 2271 nostro
1269 2206 1348 2272 Jesn

151 2301 287 2369 Christo.
310 2304 420 2369 Amen.
1046 2338 1049 2342 ·

249 2419 277 2472 E
294 2418 356 2474 MS.
375 2420 461 2488 capit.
479 2418 568 2489 Prap.
587 2420 620 2481 F,
637 2419 677 2474 20
690 2419 809 2489 foc111.
829 2419 1125 2490 MS.urrio.Prap.X,
1144 2422 1177 2475 Ε.
1188 2420 1236 2484 24,
1249 2417 1351 2491 ί.384.

249 2503 325 2557 Edit.
343 2505 374 2556 io
392 2502 464 2572 Opp.
482 2502 555 2601 Huc,
573 2503 598 2565 I,
612 2519 645 2573 p.
661 2500 698 2557 97
716 2505 739 2573 d·
756 2503 816 2558 121.
835 2504 933 2573 Hdflcr
950 2504 992 2567 11,
1012 2502 1078 2558 214.

650 2681 847 2690 —u--o-e*

718 2833 781 2908 20.

511 3027 729 3112 Fidelibus
759 3024 973 3111 Bohemis

151 3211 326 3265 Adhortatur
335 3211 436 3274 iidata
457 3211 649 3278 utapeocatis
666 3211 836 3270 obstineant,
853 3211 990 3263 rotronem
1001 3208 1130 3262 babentes
1142 3209 1255 3315 judicii,
1273 3209 1349 3277 quod

507 3295 574 3347 daus
590 3294 624 3348 de
641 3292 798 3347 bominibus
815 3292 925 3345 loturm
946 3293 991 3345 rit.

353 3460 495 3530 „Secunda
513 3460 628 3529 epistola
644 3460 681 3515 Μ.
701 3459 780 3514 Joh.“

252 3596 294 3664 M.
315 3599 456 3665 loannes
483 3595 552 3661 Hos
582 3596 814 3679 presbyterae
844 3613 955 3660 servus
983 3595 1016 3660 in
1047 3613 1104 3677 spe
1133 3594 1252 3662 domini
1273 3595 1352 3661 Jesn

155 3700 273 3765 Christi
303 3697 460 3764 universis
489 3695 634 3762 fidelibus
664 3696 892 3778 poenitentiam
925 3694 1094 3775 agentibus
1127 3696 1160 3760 in
1188 3696 1292 3777 gratia
1319 3704 1354 3762 et

154 3801 320 3883 passione,
353 3799 386 3863 in
407 3798 545 3864 adventu
566 3796 621 3864 filii
651 3796 718 3877 dei,
746 3797 799 3880 qui
830 3798 961 3862 veniens
983 3815 1053 3861 oum
1081 3795 1203 3877 angelis
1233 3796 1352 3861 sanctis

156 3900 325 3981 unicuique
348 3897 520 3964 secundnm
541 3915 599 3963 sua
620 3897 734 3963 merita
756 3896 886 3964 tribuet.

253 3999 430 4065 carissimi!
455 3995 645 4063 Confirmate
672 3997 905 4076 cordavestra,
928 4015 1024 4077 quum
1050 3995 1206 4062 adventus
1233 3995 1353 4061 domini

155 4098 432 4185 appropinquabit.
410 4097 579 4180 tScitis,
603 4097 766 4178 carissimi,
789 4098 864 4180 quia
885 4096 1030 4162 dominus
1052 4095 1179 4162 Jesus
1166 4115 1231 4178 Jam
1254 4096 1353 4162 semel

153 4200 256 4280 venit;
280 4217 341 4281 quo
365 4199 455 4281 scito,
485 4199 647 4281 pensate
638 4218 671 4264 ιιι
694 4196 842 4264 cordibus
865 4201 935 4261 vest
936 4197 997 4278 ris,
1020 4196 1053 4260 in
1076 4195 1179 4278 gretia
1210 4201 1244 4260 et
1271 4197 1352 4278 pati·

154 4301 240 4367 entia
261 4319 317 4367 vos
338 4297 477 4380 firmam
501 4306 642 4383 pensate,
672 4297 835 4378 carissimi,
849 4295 942 4378 ‚quod
970 4295 1176 4364 conditurae
1205 4295 1352 4362 dominus

153 4401 262 4467 mundi
283 4402 414 4466 verbum
436 4399 486 4467 dei
510 4407 544 4467 et
565 4400 643 4465 done
667 4404 818 4465 aeternus
839 4396 1025 4462 immortalis
1048 4395 1226 4462 humiliavit
1248 4404 1353 4462 semet

152 4503 255 4585 ipsum
285 4502 387 4569 factus
423 4502 541 4584 homo,
583 4508 618 4568 ut
651 4498 743 4566 nobis
776 4496 996 4582 peccatoribus
1035 4496 1182 4563 fidelibus
1214 4495 1352 4564 fideliter

152 4601 339 4673 deserviret.
366 4603 464 4670 Venit
485 4604 599 4685 ingens
622 4599 772 4679 medicus,
800 4605 835 4665 ut
857 4598 969 4663 vulnus
992 4603 1138 4666 nostrum
1153 4597 1273 4680 grande
1286 4617 1352 4666 rne-
