2992 5258
418 394 459 449 93.
477 393 612 461 Querelae
630 377 805 461 Pragensium
822 393 857 448 de
875 393 1067 451 sacerdotibus.
1281 400 1342 464 605

148 594 239 662 stuie
272 579 431 676 Ceslreho,
464 595 610 677 nodbajlo
642 615 684 661 na
719 595 903 678 plikazanio
935 596 1081 679 Kralowy
1118 597 1257 678 Milosti,
1289 599 1342 664 aui

147 696 252 761 imeae
267 695 478 778 arcibiskupa‚
500 697 553 761 ani
570 693 686 778 'pdnbw
705 696 883 779 nemslry‘ch,
906 698 958 762 eni
973 698 1099 763 waseho
1123 697 1343 763 konselslrebo

145 797 234 879 jeito
255 799 291 861 se
309 796 343 878 je
365 797 474 861 swatle
497 797 578 861 stalo
601 797 734 861 nautii
756 796 948 863 oSwdtosti.
994 797 1027 860 A
1050 805 1142 880 proto
1165 800 1200 862 se
1218 818 1243 862 w
1266 816 1344 880 pon·

149 897 215 964 dell
236 915 278 962 na
298 895 403 963 Swatd
429 896 565 962 Lidmilu
592 897 670 962 obeo
693 895 849 977 sebodila‚
886 898 946 980 aby
969 895 1060 962 WM²¹
1083 898 1180 964 tulila
1207 918 1284 964 aza
1312 907 1344 964 to

149 998 278 1081 prosila,
311 998 370 1080 uby
393 997 446 1080 byl
468 997 569 1062 nikon
593 998 681 1077 boii,
715 1000 824 1063 adest
856 1018 875 1062 a
904 997 994 1063 laska
1016 999 1126 1064 toboto
1156 1002 1258 1064 mesta
1293 1018 1345 1063 za-

151 1101 310 1168 obouana.

250 1201 288 1283 Ε]
322 1203 433 1282 protoi
467 1200 535 1264 nasi
568 1199 633 1264 mili
657 1199 746 1280 pani,
779 1199 933 1280 proslmet
954 1192 1046 1263 WM¹¹
1067 1218 1126 1282 pro
1148 1200 1230 1283 pina
1252 1202 1344 1281 boba,

152 1306 207 1370 rat
240 1303 330 1378 uam
347 1302 382 1367 sb
420 1302 523 1366 sialiti
559 1303 667 1367 teohto
699 1301 810 1366 ussich
838 1300 991 1383 welikych
1021 1300 1228 1367 duchownloh
1257 1302 1346 1383 blood,

150 1403 340 1488 pohauenie,
363 1399 540 1467 ztmutlrdu
562 1423 581 1469 a
603 1402 777 1482 tsslrnostl‚
800 1401 911 1466 kterel
935 1401 996 1484 pod
1019 1402 1095 1466 ussi
1116 1399 1288 1485 rukd'jsuc
1312 1411 1346 1469 ot

150 1505 247 1571 knell
278 1504 406 1586 trplme.
449 1502 476 1566 A
508 1505 597 1569 tutte
627 1502 694 1584 jioh
715 1500 795 1585 pied
828 1501 911 1567 WM‘
933 1502 1098 1584 powolajlc
1120 1502 1233 1583 teneti,
1255 1503 1348 1568 lutere

151 1608 227 1688 maji
248 1606 270 1670 k
292 1605 363 1670 nim
385 1604 525 1687 pittiny‚
558 1623 657 1687 apro
686 1604 779 1670 ktere
801 1605 878 1669 nate
901 1604 981 1685 winy
1016 1605 1051 1668 sd
1075 1603 1145 1668 urim
1167 1604 1241 1669 tako
1267 1603 1347 1684 deje.

155 1709 182 1772 Α
204 1704 358 1787 shledajlc
378 1704 484 1770 bohda
509 1706 578 1770 nati
601 1706 734 1782 oswino,
758 1707 846 1770 ratte
868 1706 902 1768 se
925 1703 1045 1768 ktomu
1067 1705 1207 1786 plitiniti
1229 1707 1348 1787 pauno,

148 1808 226 1890 jako
249 1806 322 1890 paui
351 1805 420 1871 nabi
451 1806 627 1886 milostiul‚
661 1806 735 1887 atby
770 1806 805 1869 sd
828 1805 900 1869 mim
923 1810 955 1870 to
979 1805 1019 1870 od
1041 1804 1114 1869 teob
1138 1804 1349 1869 insiluisse

153 1907 278 1973 nodilo.
300 1906 370 1972 Neb
393 1924 408 1970 s
430 1906 509 1972 radii
532 1927 551 1973 a
572 1907 726 1989 spomocl
750 1904 865 1969 WM‘l.
899 1952 907 1967 .
941 1952 949 1968 .
984 1905 1106 1987 .trptti
1130 1903 1170 1969 od
1193 1903 1265 1969 uicb
1282 1910 1348 1969 tato

154 2007 269 2074 weliki
282 2007 470 2089 bozprawia
492 2007 603 2072 leterii
616 2008 660 2089 jii
683 2007 724 2071 od
745 2005 861 2071 mnoha
882 2004 985 2072 tason
1007 2005 1106 2085 wedu,
1130 2004 1250 2087 napled
1266 2004 1350 2086 proti

154 2109 239 2193 pinu
261 2110 359 2187 bobo,
396 2129 415 2174 a
436 2114 544 2190 potom
572 2109 656 2189 proti
684 2106 762 2171 iadu
782 2106 857 2187 jobo
879 2107 975 2171 swate'
999 2106 1143 2184 oierkwo,
1166 2106 1187 2169 k
1210 2104 1309 2170 alode
1333 2124 1350 2167 a

153 2210 175 2275 k
197 2209 302 2275 hanbb
327 2207 433 2274 wioho
463 2209 582 2274 nabebo
601 2206 718 2290 jazyka
740 2192 893 2271 Caelobo.
938 2205 1017 2271 Loto
1039 2205 1184 2271 tisloiobo
1207 2203 1349 2270 dtrstdbo

155 2309 354 2394 patnasteho.

692 2493 830 2574 *lt*

240 2724 354 2782 'Dilecti
378 2726 490 2781 domini!
519 2725 583 2790 Nos,
606 2740 746 2779 commune
774 2732 891 2779 vestrum
910 2726 1086 2793 bohemicum,
1112 2744 1164 2781 uon
1183 2727 1241 2781 sine
1258 2743 1354 2794 magno

155 2813 238 2869 animi
266 2811 358 2866 dolore
384 2810 419 2864 ad
437 2810 562 2864 Vestram
581 2808 756 2863 Clementiam
774 2808 950 2877 confugimus,
969 2809 1174 2877 expostulantes
1191 2816 1218 2864 et
1236 2827 1352 2879 conqua-

154 2905 248 2953 rentes
266 2895 299 2950 de
316 2895 441 2964 parochis
458 2894 572 2961 aliisquo
589 2894 672 2963 hujus
689 2893 804 2947 civitatis
822 2893 1023 2961 sacerdotibus3
1036 2910 1122 2962 neque
1142 2895 1213 2948 enim
1230 2911 1247 2949 a
1265 2896 1351 2957 nobis,

155 2997 244 3051 neque
270 2997 287 3035 a
313 2979 473 3048 conjugibus
498 2978 605 3039 nostris,
629 2992 716 3044 nequo
742 2977 876 3036 aliberis
904 2993 990 3045 neque
1009 2994 1025 3030 a
1043 2977 1151 3031 famulis
1181 2984 1352 3047 peccatorum

155 3065 354 3121 confessionem
379 3063 473 3117 audire
497 3062 538 3115 vol
566 3060 763 3115 absolutionem
789 3062 881 3129 largiri
907 3061 1008 3128 volunt,
1038 3061 1083 3128 qui
1101 3068 1143 3114 est
1160 3077 1217 3115 mos
1235 3077 1353 3129 ususque

156 3149 329 3205 christianae.

258 3233 399 3287 Secundo:
419 3231 594 3285 Sacramenta
612 3237 721 3283 sauctae
735 3229 866 3284 ecclesiae
879 3230 956 3283 nobis
968 3231 1122 3297 petentibus
1136 3237 1163 3285 et
1175 3230 1356 3298 indigentibus

156 3317 251 3386 largiri
268 3315 363 3370 nolunt
389 3330 462 3368 more
490 3313 569 3368 solito
588 3320 615 3366 et
632 3312 779 3368 seeundum
797 3313 949 3367 institutum
967 3313 1107 3382 legemque
1126 3314 1185 3383 dei3
1203 3315 1355 3381 nostrisque

157 3401 277 3469 aegrotis
294 3397 476 3468 indigentibus
494 3414 526 3453 ao
543 3397 761 3453 desiderantibus
778 3415 876 3467 corpus
900 3398 943 3452 dei
962 3406 989 3453 et
1007 3405 1204 3453 sacramentum
1222 3398 1355 3452 unctionis

158 3486 271 3540 ultimae
299 3483 441 3551 denegant.
477 3484 571 3551 ltaque
597 3483 696 3539 miselli
723 3483 861 3537 christiani
888 3484 958 3536 iuter
982 3500 1030 3536 nos
1056 3484 1110 3536 vita
1134 3483 1269 3537 decedunt
1286 3483 1355 3536 sicut

159 3568 279 3639 pecuda
297 3569 338 3621 vel
357 3568 464 3636 pagani,
492 3582 578 3622 coena
594 3565 695 3620 domiui
713 3583 765 3620 non
784 3572 900 3634 sumpta,
919 3574 1146 3620 sacramentorum
1165 3573 1305 3635 expertes;
1323 3583 1356 3619 en

159 3667 212 3723 quo
239 3668 402 3723 permagnus
423 3652 500 3706 nobis
527 3651 611 3717 dolor,
639 3651 702 3706 huic
728 3652 894 3706 clarissimae
918 3652 1018 3706 civitati
1036 3660 1125 3706 autem
1144 3658 1172 3706 et
1188 3652 1237 3706 toti
1255 3651 1358 3704 nationi

158 3737 322 3793 Bohemioae
340 3735 458 3790 dedecus
475 3737 604 3790 nascitur.

264 3808 366 3874 Tertio:
386 3819 442 3874 Nos
466 3827 625 3887 nostrasque
655 3819 771 3874 familias
789 3820 940 3888 prohibent,
967 3821 1109 3888 quominus
1127 3821 1237 3874 verbum
1256 3820 1300 3873 dei
1319 3819 1355 3873 ibi

158 3905 309 3967 audiamus,
328 3903 374 3958 ubi
387 3903 514 3971 optimam
532 3919 621 3957 rerum
634 3902 785 3957 divinarum
798 3905 1013 3971 procurationem
1027 3920 1087 3957 esse
1097 3906 1248 3973 nostrisque
1263 3905 1359 3958 animis

158 3989 305 4044 maximum
324 3987 427 4042 lucrum
445 3987 520 4041 nasei
537 3993 671 4055 putamus.
1227 3985 1231 3994 “

220 4091 222 4095 ’
264 4073 384 4138 Quarto:
402 4070 540 4125 cadavera
557 4079 709 4126 nostrorum
727 4072 871 4139 hominum,
891 4071 1033 4139 quominus
1045 4073 1071 4125 iu
1085 4073 1251 4127 coemeteriis
1263 4072 1361 4127 nostris

159 4158 337 4227 sepeliantur,
356 4155 502 4225 prohibent
518 4156 630 4211 arbitrio
648 4171 705 4223 suo,
730 4172 789 4209 enm
807 4171 904 4223 magno
923 4163 1072 4210 nostrorum
1092 4158 1240 4210 animorum
1258 4155 1359 4210 dolor‘o.

264 4242 379 4308 Quinto:
406 4241 504 4294 Sauras
531 4241 627 4297 missas
646 4242 722 4295 nobis
740 4242 767 4295 in
785 4242 919 4308 parochiis
939 4242 1045 4306 uostris,
1068 4241 1139 4308 quod
1157 4240 1217 4294 aliis
1234 4238 1360 4295 fidelibus

160 4325 315 4382 christianis
340 4325 477 4392 contingit,
504 4341 557 4379 non
583 4325 774 4379 administrant
794 4341 843 4378 noe
861 4326 955 4380 volunt
972 4325 1168 4404 admiuistraro,
1187 4324 1268 4391 idque
1285 4324 1361 4376 nulla

159 4410 273 4466 anobis
291 4409 371 4478 culpa
388 4409 542 4468 commissa,
562 4426 623 4463 oum
641 4426 740 4478 magno
758 4415 909 4464 nostrarum
929 4410 1077 4463 animarum
1095 4408 1192 4463 damno
1209 4424 1358 4477 magnoque
1426 4423 1436 4439 ·

159 4499 253 4550 nostro
269 4509 398 4548 moerore,

264 4577 359 4632 Scato:
381 4576 588 4633 Praedicatores
607 4578 633 4632 in
651 4593 714 4632 arce
732 4576 847 4645 aliisque
865 4579 973 4646 templis
992 4584 1018 4631 et
1036 4577 1206 4631 monasteriis
1224 4575 1362 4644 divulgant

159 4662 320 4720 manifestos
346 4677 452 4717 errores
477 4677 510 4716 ac
535 4661 684 4729 mendacia,
711 4660 746 4717 ad
769 4676 894 4729 magnam
917 4663 999 4716 tubus
1025 4662 1100 4729 regni
1118 4661 1264 4716 Bohemiae
1280 4660 1355 4728 igno·
