2992 5258
440 391 495 445 111.
513 388 544 444 Β.
562 387 670 444 literae
688 387 788 443 Paleou
807 386 841 442 ad
860 387 1060 443 Christannum.
1280 391 1337 455 C't'l

149 594 298 660 similium
318 612 383 660 non
404 592 616 659 intenderetis
637 591 839 675 promotioni,
862 592 1060 674 experientia
1081 590 1224 657 docente.
1240 592 1343 673 Igitur

149 712 214 761 oon
242 694 318 760 mihi
348 712 387 759 ex
417 694 552 759 cantate
580 693 721 759 fraterna
751 691 927 767 consulitis
958 692 1058 756 atilli
1088 692 1212 759 intruso
1235 712 1342 760 curam

149 796 342 863 committam
364 794 538 859 animarum
554 799 686 876 propter
701 791 810 875 populi
825 793 984 858 unionem.
1011 792 1126 865 Melius
1143 794 1227 858 enim
1257 801 1345 861 esset

150 904 184 963 et
205 896 304 962 multo
327 895 448 975 melius,
477 896 561 976 quod
582 895 680 974 rixae,
710 893 928 959 dissensiones
950 900 984 958 11
1004 891 1151 959 scandala
1172 895 1205 959 in
1225 897 1343 979 populo

149 998 305 1076 oriantur,
334 1015 426 1077 quam
453 1013 565 1061 omnes
591 994 755 1060 erroribus
785 994 1022 1060 consentientes
1052 993 1263 1061 seducantur:
1286 997 1344 1063 sed

150 1096 306 1177 oscillis,
336 1115 394 1179 per
416 1115 496 1180 quos
518 1097 551 1162 in
577 1096 695 1179 populo
717 1095 795 1161 talia
823 1094 1028 1174 seminantur,
1058 1094 1142 1160 unde
1164 1097 1341 1180 schismata,

150 1198 224 1264 odia
245 1204 279 1263 et
300 1197 468 1264 homicidia
489 1198 739 1264 committuntur.
761 1195 806 1262 Hi
826 1198 986 1263 enimnon
1007 1195 1127 1263 Christi
1148 1206 1223 1265 sunt
1250 1199 1342 1265 disci·

150 1299 227 1382 puli,
256 1300 315 1366 sed
341 1302 442 1382 magis
463 1301 652 1367 antichristi
678 1318 924 1383 praecursoros;
955 1317 1026 1363 nam
1049 1299 1110 1364 etsi
1143 1298 1243 1364 multa
1269 1306 1344 1365 sunt

149 1401 229 1466 Jesu
252 1400 371 1467 Christi
401 1408 581 1484 praecepta,
609 1409 723 1467 cuncte
744 1408 849 1467 tamen
872 1401 904 1465 in
926 1399 994 1465 sola
1015 1399 1185 1466 dilectione
1207 1400 1344 1466 solidan-

151 1508 212 1576 tnr,
238 1519 297 1567 nec
318 1501 416 1567 habet
430 1502 549 1584 aliquid
564 1501 735 1568 viriditatis
757 1520 864 1567 ramus
878 1501 953 1566 boni
975 1501 1091 1581 operis,
1124 1501 1152 1565 si
1173 1519 1235 1566 non
1256 1520 1343 1567 man·

151 1603 233 1667 serit
253 1603 287 1669 in
309 1603 417 1669 radice
445 1604 597 1669 caritatis
620 1604 681 1682 Qui
703 1622 780 1684 ergo
801 1603 886 1668 illam
914 1600 1052 1667 radicem
1073 1602 1139 1667 suis
1162 1602 1252 1667 malis
1274 1620 1344 1667 sua-

152 1704 297 1769 sionibus
319 1705 543 1786 perversisque
565 1704 763 1785 dogmatibus
786 1704 836 1768 vel
859 1701 1111 1768 ordinationibus
1133 1700 1172 1766 de
1195 1700 1343 1768 cordibus

151 1804 294 1870 evellunt
314 1804 463 1877 fidetium,
485 1804 561 1885 quid
583 1803 807 1880 aliudtaciunt,
831 1822 933 1885 quam,
956 1819 1182 1884 praecursores
1205 1803 1345 1869 existen·

151 1907 201 1968 tea
223 1897 424 1984 Antichristi‚
447 1905 530 1969 bona
551 1922 649 1986 opera
671 1905 711 1970 de
736 1923 854 1986 genere
869 1902 1041 1969 fideliuma
1067 1901 1167 1967 torma
1184 1901 1345 1970 denudant

152 2002 397 2084 praeformante,
419 2005 520 2086 ipsam
535 2005 658 2070 meritis
674 2005 790 2070 debitis
805 2005 988 2087 spoliantes.
1006 2002 1097 2068 Unde
1112 2003 1193 2069 bene
1211 2004 1346 2069 eundem

149 2101 341 2184 discipulum
362 2104 551 2170 antichristi
573 2104 796 2187 presbyterum
813 2100 1002 2182 sacrilegum
1025 2102 1182 2182 propheta
1193 2101 1346 2170 describit

150 2201 275 2268 dicens:
298 2203 363 2270 Sub
384 2206 492 2286 lingua
515 2206 583 2287 ejus
606 2207 695 2272 labor
718 2212 751 2271 et
772 2205 871 2284 dolor,
899 2209 1032 2287 propter
1054 2221 1130 2269 vero
1152 2203 1233 2283 legis
1255 2204 1346 2270 Chri·

151 2303 194 2369 111
216 2304 461 2386 observantiam,
491 2326 583 2390 quam
612 2308 691 2374 false
713 2307 877 2390 praedicat
905 2324 940 2371 11
964 2310 1075 2369 tenere
1097 2310 1131 2370 11
1152 2305 1236 2370 tueri
1258 2306 1346 2386 dicit,

151 2402 210 2468 sed
232 2404 265 2469 in
287 2422 384 2489 opere
412 2417 479 2472 non⁴
497 2407 645 2487 ostendit,
677 2408 769 2473 sedet
790 2407 823 2471 in
845 2405 977 2485 insidiis,
1007 2412 1140 2488 propter
1168 2412 1274 2471 autem
1296 2425 1346 2472 se·

151 2504 292 2570 celarem
314 2512 507 2589 potestatem
522 2527 592 2574 cnm
614 2508 764 2575 divitibus
786 2508 819 2571 in
841 2506 982 2585 occultis,
1006 2507 1079 2587 quia
1101 2506 1249 2572 simulet
1273 2525 1346 2588 per·

151 2620 246 2670 verso
269 2603 415 2686 dogmate
438 2615 477 2690 11Ι
492 2614 653 2690 potestate
676 2609 777 2674 utitur
791 2606 936 2686 seculari,
960 2613 996 2672 11
1010 2624 1089 2686 quos
1112 2606 1165 2672 ille
1187 2608 1346 2675 Antichri-

151 2703 194 2770 sti
209 2722 400 2786 praecursor
416 2726 477 2772 non
499 2716 607 2791 potest
629 2709 785 2790 loquendo
799 2708 962 2786 seducere,
986 2714 1151 2790 potentum
1166 2714 1291 2773 terrore
1305 2707 1343 2773 ad

152 2806 414 2873 consentiendum
436 2810 599 2874 erroribus
614 2810 731 2891 satagit
752 2809 914 2873 inclinare.
938 2808 985 2872 De
1008 2807 1215 2888 quibusbene
1230 2809 1346 2875 dicitur

152 2923 213 2987 per
233 2906 360 2972 beatum
381 2909 461 2974 Job:
485 2911 565 2989 „Per
585 2910 689 2990 girum
711 2908 852 2974 dentium
876 2908 945 2989 ejus
968 2908 1142 2986 formido“;
1164 2910 1249 2989 quod
1271 2910 1344 2976 hea-

152 3012 206 3070 tus
221 3005 395 3089 Gregorius
417 3009 449 3073 in
472 3010 643 3075 moralibus
666 3011 711 3075 sie
733 3028 895 3091 exponens
911 3009 972 3074 ait:
994 3008 1123 3089 Iniquos
1145 3009 1343 3090 praedicato-

151 3121 215 3185 res,
238 3124 464 3188 praecursores
479 3111 675 3190 Antichristi
698 3127 869 3193 perversae
885 3107 977 3189 hujus
991 3108 1090 3173 seculi
1105 3116 1278 3191 protegunt
1291 3128 1342 3191 po·

152 3211 296 3273 testatos.
325 3208 447 3275 Idcirco
476 3210 530 3276 isti
560 3208 703 3293 perversi
725 3215 759 3275 11
787 3210 933 3289 sacrilegi
963 3209 1198 3290 praedicatores
1224 3212 1347 3291 aliquos

152 3304 213 3371 sub
235 3306 349 3375 dentes
370 3316 549 3390 conterunt,
576 3312 651 3393 quia
671 3317 747 3376 sunt
767 3311 851 3376 circa
872 3310 960 3391 ipsos
982 3310 1045 3388 alii,
1076 3311 1128 3390 qui
1150 3310 1347 3378 infirmorum

153 3413 277 3472 mentes
300 3415 458 3477 terrentes
474 3410 627 3493 affligunt.
662 3412 763 3490 Quale
782 3411 892 3492 utique
922 3410 1000 3475 illud
1015 3411 1246 3492 persecutionis
1267 3420 1346 3477 tem·

154 3506 258 3587 pusin
270 3509 421 3577 Bobemia
431 3513 496 3594 jam
510 3517 653 3594 apparet,
676 3531 746 3578 cum
768 3512 807 3578 ad
819 3511 1048 3593 pervertendas
1072 3521 1194 3578 mentes
1210 3512 1347 3579 fidelium

153 3607 209 3672 alii
229 3611 336 3675 verbis
358 3615 512 3692 saeviunt,
540 3615 594 3679 alii
616 3614 728 3695 gladiis
751 3621 884 3691 terrent,
912 3612 965 3676 alii
987 3612 1348 3679 111111111111111111·

154 3707 278 3775 culares
294 3709 412 3778 Christi
428 3712 538 3780 fideles
553 3714 781 3795 temporalibus
798 3713 932 3795 privant
949 3719 985 3776 nt
1007 3713 1094 3794 ipsos
1116 3712 1155 3778 ad
1171 3731 1347 3780 11111111-

154 3825 207 3874 res
229 3812 420 3891 pertrahant
441 3821 474 3878 11
496 3815 611 3880 multos
627 3814 796 3895 complices
812 3831 887 3878 suos
902 3812 1069 3893 acquirant
1080 3812 1260 3893 dogmatum
1274 3831 1347 3895 per·

155 3927 330 3994 versorum,
353 3921 389 3978 ut
409 3915 612 3996 iniquitatum
635 3933 763 3979 suarum
785 3914 962 3996 pertinacia
983 3913 1064 3979 uniti
1087 3911 1207 3979 firmius
1229 3914 1349 3995 perdu-

155 4018 238 4088 rent
261 4014 315 4093 qni
336 4014 428 4097 pauci
449 4015 572 4080 facilius
587 4015 705 4095 corrigi
720 4019 869 4096 poterant
891 4018 925 4078 11
945 4013 1063 4080 reduci.
1080 4013 1123 4078 Et
1144 4032 1183 4078 ex
1204 4014 1264 4079 hoc
1285 4015 1347 4080 heu

155 4119 246 4181 tanto
261 4115 361 4197 magis
377 4116 416 4181 de
432 4115 485 4181 die
499 4117 532 4180 in
547 4116 630 4181 diem
646 4135 664 4180 a
680 4115 860 4196 cognitione
873 4114 1016 4195 justitiae
1029 4123 1226 4195 separantur,
1249 4134 1346 4196 quan

155 4221 224 4282 tum
255 4215 296 4282 ad
333 4236 368 4283 se
397 4216 531 4283 invicem
561 4216 669 4296 plures
698 4216 896 4296 colligantur,
933 4221 1017 4280 teste
1046 4215 1140 4281 beato
1176 4216 1346 4296 Gregorio:

159 4317 507 4399 ,11111111111111
530 4319 621 4398 solet,
651 4317 678 4383 si
701 4318 806 4382 unitas
829 4317 913 4382 desit
940 4316 1040 4389 bonis,
1070 4316 1115 4381 ita
1135 4317 1348 4397 perniciosum

158 4426 218 4497 111
240 4419 267 4483 11
290 4438 354 4486 non
376 4421 459 4487 desit
479 4421 585 4498 malis;
610 4436 778 4501 perversos
794 4419 912 4500 quippe
929 4417 1033 4482 unitas
1055 4417 1251 4495 corroborat
1274 4416 1348 4482 dum

157 4521 359 4602 concordant
383 4527 417 4587 et
437 4527 525 4587 11111
540 4520 640 4602 111311
655 4519 895 4599 incorrigibiles
918 4524 1035 4599 quanto
1059 4517 1221 4583 unanimes
1243 4517 1345 4584 tacit.“

155 4622 205 4691 De
226 4623 286 4690 hac
306 4625 429 4689 unitate
444 4623 653 4705 reproborum
674 4620 753 4685 dicit
775 4617 936 4684 Salomon:
963 4618 1081 4700 „Stupa
1103 4617 1236 4684 collecta
1254 4637 1347 4703 syna·
