2992 5258
151 388 188 448 18
607 380 743 447 Epistoiae
762 381 877 447 scriptae

149 583 253 648 omnia
275 589 454 647 sanctorum
476 580 561 646 diota
582 580 798 659 conscribere,
828 600 907 662 qrrae
937 581 1041 646 omnia
1061 580 1176 646 docent
1204 560 1343 644 obedire*

149 683 209 747 deo
230 683 329 763 magis
362 701 454 763 qrram
483 681 683 749 hominibus?
725 682 766 746 Et
796 688 906 747 contra
937 683 999 745 ista
1020 681 1178 761 objiciunt·
1208 681 1335 760 tyranni

150 783 227 847 illud
248 783 323 848 Mat.
346 787 400 847 23:
430 783 651 863 Quaecumque
673 781 790 862 dicunt,
818 782 921 848 tacite.
952 782 1072 859 Quibus
1095 781 1202 846 statim
1224 798 1258 844 os
1281 781 1336 844 ob·

150 884 246 948 struit
267 900 463 964 consequens
485 881 665 965 prohibitio,
688 900 768 963 quae
791 882 884 948 dicit:
906 880 1084 948 Secundum
1106 898 1205 962 opera
1226 897 1335 944 eorum

150 984 247 1048 uolite
268 983 381 1048 facere.
404 980 747 1046 UndeDeuteronomii
769 986 810 1047 24
831 983 908 1048 dicit
920 982 1015 1046 deris:
1035 982 1145 1046 Facies
1168 999 1336 1061 quaecum·

150 1103 211 1164 que
232 1082 399 1147 docuerint
419 1089 452 1146 te
480 1081 662 1147 sacerdotes
684 1081 819 1161 levitici,
848 1083 940 1163 iuxta
967 1082 1043 1147 illud
1074 1081 1157 1163 qnod
1188 1081 1336 1164 praecepi

150 1184 205 1249 eis.
227 1183 310 1248 Ecce
331 1183 399 1247 vuit
418 1181 572 1259 dominus,
595 1182 678 1263 quod
698 1180 947 1247 obedientiarius
968 1182 1065 1247 debet
1086 1184 1186 1247 solum
1203 1182 1336 1246 obedire

148 1285 238 1362 juxta
259 1289 461 1366 praeceptum
484 1300 582 1346 sunm.
626 1282 718 1346 Unde
739 1281 817 1347 illud
838 1283 868 1347 Ιι
889 1282 976 1347 Petri
998 1283 1048 1345 2⁰:
1086 1281 1184 1361 Servi,
1219 1282 1335 1346 suiniiti

151 1391 253 1449 estote
275 1374 412 1449 inomni
435 1383 547 1447 timore
569 1381 702 1448 dominis
724 1382 858 1459 vestris3
876 1382 966 1459 inira,
983 1383 1076 1447 etiarn
1098 1383 1250 1464 dyscolis;
1279 1383 1335 1446 sed

50 1493 56 1511 ¹
148 1484 240 1562 absit
263 1483 346 1565 quod
368 1482 496 1550 obediat
506 1483 575 1564 quis
598 1482 743 1563 dyscolis,
767 1482 849 1547 sicut
869 1500 933 1547 non
948 1483 1092 1549 obediret
1113 1484 1247 1549 diabolo.
1272 1484 1334 1547 Vo-

150 1586 255 1650 luntas
278 1602 354 1664 ergo
376 1584 427 1648 dei
449 1583 542 1648 docet
564 1589 597 1647 et
618 1576 786 1665 scriptura,
808 1583 891 1664 quod
906 1585 1007 1648 solum
1029 1585 1060 1650 iu
1082 1585 1178 1650 licitis
1193 1584 1334 1666 superio·

151 1685 238 1749 ribus
259 1692 309 1751 est
330 1683 512 1766 parendum.

247 1784 322 1850 Istis
343 1785 468 1850 innixus
488 1786 583 1850 malui
606 1784 725 1868 plusin
747 1784 983 1866 praedicatione
1005 1785 1136 1851 obedire
1152 1785 1220 1864 deo,
1243 1803 1335 1866 urrann

150 1905 250 1969 papae
272 1892 306 1950 et
326 1885 565 1968 archiepiscopo
588 1892 621 1950 et
642 1885 760 1951 ceteris
782 1889 919 1970 satrapis
948 1887 1216 1952 contrariantibus
1238 1885 1335 1949 verbo

150 1987 283 2053 Christi:
309 1986 359 2052 Ite
387 1987 419 2051 iu
442 1987 623 2052 universum
645 1986 794 2051 mundum
823 2003 859 2052 ac.
902 1986 969 2052 Ista
997 1987 1131 2067 signari,
1166 1993 1202 2051 ut
1227 1986 1335 2050 sciatis

150 2089 266 2154 diaboli
288 2088 417 2153 canibus
441 2087 578 2152 obviare.

192 2204 198 2216 ’
746 2186 816 2252 (Fer.
835 2186 868 2252 11,
888 2185 930 2238 die
948 2184 1060 2249 Urbani,
1079 2184 1276 2252 Rogadonunr.)

248 2305 277 2357 a
293 2304 356 2360 us.
374 2304 433 2357 aa.
451 2293 598 2365 emeda.
617 2304 737 2357 eiurata
759 2303 902 2371 ansata.

248 2389 323 2442 aare.
342 2390 373 2441 a
392 2388 462 2457 opp.
482 2388 507 2455 1,
524 2385 615 2440 aaa
633 2396 658 2439 a
676 2383 734 2440 119.

645 2563 841 2572 ——n—

725 2753 760 2825 9·

336 2943 367 3028 J
369 2946 496 3027 oanni
520 2940 672 3025 XXIII
699 2939 892 3026 Romano
923 2943 1126 3050 pontifici.

151 3159 290 3228 Affirmat
307 3174 335 3211 se
353 3177 372 3210 a
391 3158 493 3211 Christi
510 3162 618 3228 ejusque
636 3159 765 3212 eeclesiae
782 3157 911 3211 doctrina
927 3175 983 3209 aon
1000 3158 1136 3215 recedere,
1154 3174 1246 3224 eaque,
1264 3173 1334 3223 purae

150 3243 319 3295 etinimicis
336 3241 375 3295 ad
392 3260 452 3294 eam
468 3243 502 3295 de
518 3258 546 3293 se
564 3243 659 3295 delata
675 3243 739 3302 aiat,
763 3258 855 3293 meras
872 3258 927 3294 esee
944 3242 1115 3299 calumnias;
1131 3241 1195 3293 dein
1213 3243 1334 3308 esposuit,

150 3332 264 3378 dautran
280 3344 308 3378 se
326 3345 344 3378 a
360 3342 441 3394 papa
458 3326 631 3378 inimicorum
643 3324 755 3377 insidiis
767 3325 919 3392 prohiberi,
937 3327 1081 3393 quominus
1092 3324 1212 3377 Romana
1229 3325 1268 3377 ad
1284 3342 1332 3376 ra-

501 3412 600 3462 tionem
616 3409 786 3462 reddendam
803 3425 830 3459 se
848 3408 981 3477 conferat.

612 3577 727 3642 (1411,1
749 3575 895 3643 Septemb.)

546 3742 652 3808 „Litera
669 3758 755 3812 papae
773 3743 873 3811 scripta
889 3759 938 3812 per
956 3743 1050 3811 Mgrm.
1069 3743 1127 3798 Hus
1146 3746 1298 3799 excusativa
1316 3765 1332 3800 a

610 3825 799 3894 competitione
816 3826 975 3893 personali.“
1074 3890 1089 3909 ,Ι

233 3997 379 4062 Debitam
400 3995 610 4061 obedientiam
630 3996 707 4061 Jesu
731 3995 847 4060 Christi
870 3996 1023 4061 ecclesiae
1038 4013 1247 4080 supremoque
1263 4000 1332 4081 ejus

150 4096 290 4179 pontifici
312 4096 527 4175 ephibendam.

246 4200 378 4263 Paratus
400 4215 526 4279 semper
547 4196 587 4262 ad
608 4197 857 4262 satisfactionem
879 4198 961 4264 oruni
984 4201 1125 4280 poscenti
1148 4199 1188 4265 de
1203 4219 1241 4265 ea
1261 4199 1331 4276 tide,

150 4315 241 4379 quam
264 4306 367 4377 teneo,
391 4299 544 4364 rationem
574 4298 717 4376 reddere,
746 4297 898 4363 confiteor
927 4299 1022 4364 corde
1049 4301 1189 4382 integro,
1222 4301 1332 4365 iesum

151 4399 310 4464 Christum
331 4399 489 4464 dominum
511 4416 582 4464 esse
605 4416 713 4464 verum
735 4398 827 4464 deum
850 4406 882 4464 et
901 4417 1008 4464 verum
1031 4401 1196 4477 hominem,
1219 4406 1332 4465 totaru-

150 4516 211 4579 que
234 4499 335 4579 legem
357 4501 425 4582 ejus
447 4506 510 4565 tarn
532 4499 638 4565 firmae
667 4500 811 4565 veritatis
833 4500 985 4572 existere,
1016 4501 1097 4580 quod
1127 4501 1245 4567 nullum
1268 4501 1332 4566 iota

150 4598 199 4661 uei
221 4618 300 4682 apros
323 4601 422 4682 ipsias
445 4600 553 4666 saliere
576 4607 698 4683 potcst;
728 4601 851 4665 dernum
882 4620 969 4664 suam
998 4609 1137 4691 sanctam
1167 4602 1331 4666 ecclesiam
