2992 5258
514 405 539 456 a.
574 402 611 456 ld.
629 402 761 456 Matthias
778 401 860 455 Pater
877 400 911 455 de
930 400 1010 455 Knin.
1304 404 1370 474 Ι339

167 626 262 688 quana
277 625 437 687 nunquam
461 606 622 671 tenuisti.“
648 606 730 670 Dum
758 611 865 670 autem
888 605 934 669 sic
956 602 1048 669 fieret
1069 604 1260 686 disceptatio
1282 607 1367 672 inter

167 715 279 790 partes
295 714 329 772 61
343 707 497 772 tumultus
513 724 659 787 magnus,
683 707 720 770 Ι).
745 706 1011 787 archiepiscopus
1034 705 1114 771 dixit
1136 704 1176 770 ad
1192 706 1369 788 praelatum

165 827 250 890 mag.
284 809 436 874 Mathiam
470 826 532 873 666
564 826 635 872 cum
658 825 715 872 suo
738 807 869 871 vicario:
900 807 1087 888 „Magister
1122 807 1245 874 16616116
1267 809 1370 887 finem,

166 909 308 974 dimissis
330 910 437 974 verbis
461 916 493 974 et
516 906 787 986 contentionibus;
810 916 866 972 aut
887 907 1011 973 faciatis
1031 909 1212 989 juramenta
1234 909 1371 990 616166-

165 1011 336 1086 rationem,
358 1017 414 1075 aut
435 1010 591 1074 maneatis
606 1009 657 1074 hic
679 1009 813 1074 incuria
835 1010 974 1074 nostra.“
999 1009 1072 1091 lpse
1095 1016 1201 1074 autem
1217 1011 1370 1091 magister

164 1118 256 1177 metu
287 1112 440 1185 carceris,
472 1116 504 1175 et
531 1110 663 1174 aliarum
697 1128 870 1191 poenarum
897 1119 930 1175 et
967 1110 1170 1189 tlagitiorum,
1198 1129 1280 1192 quae
1311 1111 1371 1175 sibi

165 1212 442 1278 comminabantur
471 1230 528 1293 per
558 1212 692 1276 vicarios
721 1211 758 1274 D.
793 1211 1031 1292 archiepiscopi
1063 1211 1218 1293 praedicti
1242 1220 1275 1276 61
1297 1229 1371 1275 6666

163 1314 356 1394 familiares
385 1312 439 1395 qui
462 1319 565 1377 metus
588 1313 683 1377 etiam
711 1318 818 1393 potest
841 1311 955 1375 cadere
983 1312 1015 1375 16
1038 1319 1236 1377 constantem
1259 1312 1371 1388 virum,

163 1415 214 1479 sic
236 1413 340 1479 adhuc
355 1413 497 1478 existens
514 1413 663 1478 detentus
682 1419 715 1476 et
737 1413 924 1494 captivatus
948 1413 1169 1493 purgationem
1187 1414 1369 1478 canonicam

162 1534 239 1579 cum
269 1520 408 1595 quatuor
440 1514 577 1578 testibus
607 1513 683 1578 iecit
712 1520 745 1578 et
772 1513 1003 1593 abiurationem
1034 1515 1247 1596 personaliter
1277 1515 1371 1579 166116

162 1614 382 1682 sacrosanctis
404 1613 577 1695 evangeliis
600 1615 771 1695 praestitit,
795 1620 978 1695 protestans
1001 1615 1140 1695 publice,
1166 1620 1199 1679 et
1220 1615 1371 1680 invocans

163 1717 274 1784 officia
306 1714 501 1781 notariorum
529 1713 727 1795 publicorum
757 1713 874 1778 ibidem
897 1716 1114 1801 praesentium
1136 1714 1176 1778 de
1199 1715 1368 1793 violentiis,

162 1815 434 1900 captivationibus
463 1822 496 1879 et
528 1817 646 1879 ceteris
681 1815 807 1896 injuriis
841 1815 900 1879 sibi
930 1833 988 1896 per
1017 1814 1055 1878 D.
1088 1816 1369 1897 Arclaiepiscopum

162 1917 366 2001 praedictum
382 1916 428 1981 sic
449 1915 556 1994 illatis,
580 1916 684 1979 omnia
706 1915 760 1980 illa
782 1914 822 1979 ad
838 1916 975 1980 animum
997 1915 1184 1994 revocando,
1208 1936 1245 1981 ac
1260 1936 1364 1981 arram

161 2019 293 2082 domino
318 2016 500 2095 Dominico‚
530 2017 683 2081 ecclesiae
707 2016 736 2080 S.
760 2016 953 2096 Apollinaris
975 2016 1144 2093 canonico,
1167 2018 1274 2082 euriae
1291 2016 1367 2081 dicti

163 2118 401 2201 archiepiscopi
425 2124 458 2182 61
480 2117 689 2182 cancellariae
712 2116 846 2196 notario,
870 2117 1048 2181 exhibendo
1072 2135 1168 2198 super
1183 2119 1369 2198 praemissis
1421 2179 1425 2185 .

164 2217 417 2285 conscribendis.
456 2218 530 2300 Ipse
564 2224 670 2282 autem
704 2218 964 2299 archiepiscopus
994 2219 1158 2299 probibuit
1191 2219 1304 2292 eidem,
1330 2237 1370 2282 ne

164 2339 271 2386 arram
287 2322 431 2402 recipiat,
454 2338 513 2384 nec
527 2312 611 2384 idem
627 2320 770 2384 notarius
785 2320 891 2400 aliqua
912 2319 1125 2384 instrumenta
1148 2336 1245 2401 super
1259 2326 1369 2400 prote·

168 2423 260 2487 statis
283 2422 385 2503 ipsius
406 2421 551 2501 magistri
574 2420 716 2486 Mathiae
738 2420 849 2498 166161,
880 2421 1004 2498 6116666·
1036 2418 1121 2502 quod
1143 2420 1174 2484 16
1197 2421 1260 2484 1616
1274 2439 1369 2485 66666

169 2522 272 2587 nullus
288 2521 386 2586 debet
399 2521 565 2598 advocare,
593 2539 651 2586 nec
667 2522 811 2586 notarius
826 2521 941 2611 aliquis
956 2520 1082 2597 laaberi;
1105 2528 1138 2585 et
1153 2520 1370 2586 comminando

173 2621 263 2688 dixit:
301 2621 470 2704 „Signetur
504 2622 664 2699 notarius,
695 2626 728 2686 61
763 2622 858 2686 etiam
891 2629 1080 2702 procurator
1102 2622 1202 2703 ipsius
1224 2622 1368 2702 magistri

175 2722 409 2802 praenominati,
434 2729 467 2787 et
488 2723 638 2787 citetur.“
668 2721 716 2784 De
739 2721 853 2802 quibus
880 2723 1024 2786 omnibus
1047 2722 1088 2786 M.
1112 2723 1250 2787 llathias
1272 2741 1367 2804 saepe

177 2818 272 2889 dictus
294 2823 411 2906 petivit
439 2822 499 2887 sibi
523 2841 582 2904 per
603 2839 662 2886 nos
684 2822 827 2887 notarios
850 2821 993 2903 publicos
1015 2822 1098 2887 inira
1120 2823 1257 2904 scriptos
1271 2841 1369 2887 unum

177 2921 221 2986 vel
240 2924 332 3005 plura
354 2921 464 2988 confici
496 2922 623 3004 publica
647 2923 867 2988 instrumenta.
895 2924 975 2988 Acta
996 2931 1071 2988 sunt
1093 2925 1284 3002 baccanum
1308 2923 1369 2999 die,

177 3038 291 3098 meuse,
330 3025 424 3103 liora,
456 3020 642 3104 pontificatu
673 3023 820 3100 611666,
855 3024 968 3104 quibus
1001 3042 1113 3104 supra,
1148 3024 1371 3104 praesentibus

175 3119 410 3190 honorabilibus
433 3130 466 3188 61
487 3123 636 3188 discretis
660 3122 750 3197 viris,
785 3124 948 3189 Clemente
973 3124 1011 3187 de
1034 3123 1206 3198 1116161166,
1238 3124 1372 3204 plebano

169 3219 206 3282 in
227 3219 362 3302 Wranie,
385 3241 445 3304 pro
467 3229 542 3288 tunc
566 3230 691 3287 rectore
713 3222 814 3286 alinae
836 3225 1054 3289 universitatis
1078 3223 1174 3288 studii
1192 3224 1371 3304 Pragensis,

164 3316 287 3389 Jaaoo
310 3323 351 3388 de
374 3323 479 3400 Sicca,
510 3323 646 3403 plebano
676 3323 705 3386 in
739 3322 922 3402 Hodicticz‚
952 3325 1083 3390 Nicolao
1106 3325 1145 3389 de
1169 3325 1316 3404 Milicain‚
1340 3334 1373 3391 61

160 3415 326 3505 Procopio
349 3422 390 3487 de
413 3423 525 3500 Plana,
559 3424 721 3504 magistris
749 3427 864 3489 artium
886 3426 1062 3490 liberalium
1086 3426 1191 3492 dictae
1214 3428 1369 3492 universi·

159 3518 246 3585 tatis
273 3523 372 3589 studii
396 3525 580 3604 Prageusis.
616 3532 649 3588 61
680 3524 780 3588 nobili
802 3526 871 3590 viro
894 3526 1017 3592 Sdislao
1040 3527 1079 3591 de
1102 3528 1315 3604 Zwierzetica‚
1338 3534 1371 3592 et

151 3608 300 3691 Nicolao
334 3624 374 3689 de
397 3624 553 3701 Stoicam,
588 3625 774 3691 baccalariis
805 3629 835 3689 16
864 3629 986 3692 artibus
1020 3628 1221 3708 liberalibus,
1245 3636 1278 3692 et
1300 3627 1372 3692 aliis

150 3725 412 3808 quampluribus
434 3725 571 3789 testibus
598 3723 659 3789 fide
683 3726 795 3805 dignis

270 3826 568 3908 1116661666666,
592 3834 685 3890 nattis
709 3827 866 3907 quondam
892 3828 1030 3894 Conradi
1053 3830 1272 3908 (1616666161,
1296 3831 1372 3894 Pra-

148 3922 279 3991 gensis
301 3926 440 3992 diocesis
455 3927 805 4008 publicusauctoritate
828 3929 1003 4010 apostolica
1026 3931 1180 4008 notarius,
1198 3929 1370 4012 praedictis

149 4002 198 4117 d?
242 4028 430 4108 captivitate
460 4027 500 4092 ad
519 4026 672 4105 judicium
707 4028 923 4108 productioni,
956 4030 1180 4112 compulsioni,
1216 4029 1372 4111 petitioni,

150 4100 406 4216 dlsseeptationi,
429 4145 593 4191 carcerum
621 4134 653 4191 et
676 4145 849 4208 poenarum
871 4139 1027 4195 acinctus
1050 4131 1234 4201 incussioni,
1257 4145 1372 4210 purga-

153 4205 262 4304 mini,
284 4228 522 4309 protestationi,
546 4227 585 4291 ad
607 4228 746 4292 66161661
768 4229 956 4311 injuriarum
978 4231 1192 4300 revocationi,
1212 4227 1372 4293 omnibus·

158 4318 231 4382 que
268 4327 337 4392 aliis
370 4335 404 4393 61
436 4328 569 4408 singulis
593 4330 856 4411 suprascriptio,
891 4332 964 4396 dum
995 4333 1056 4408 616,
1090 4338 1125 4395 61
1147 4332 1372 4413 praemittitur,

162 4398 290 4490 flerent
310 4433 546 4508 6166666616,
571 4448 714 4493 unacum
738 4433 987 4510 praenominatis
1001 4433 1145 4506 testibus
1171 4439 1203 4495 61
1218 4432 1374 4495 1116116616

169 4502 210 4613 <lv
237 4521 411 4607 Proclama,
435 4538 468 4595 61
491 4530 582 4594 Gallo
604 4529 644 4595 de
667 4531 790 4609 1161166,
813 4533 946 4597 notariis
969 4532 1112 4613 publicis,
1144 4532 1273 4611 collegis
1295 4532 1374 4596 mois

177 4612 266 4687 ¹¹¹fra
286 4630 417 4712 scriptis,
441 4647 593 4712 praesens
616 4631 746 4695 interlui
768 4648 805 4695 oc.

1224 4749 1273 4801 22*
