2992 5258
223 438 282 500 160
457 430 650 487 decusationes
668 429 705 485 M.
723 431 748 485 J.
768 430 827 484 llus
844 429 957 497 ejusque
975 444 1114 500 responsa.
1153 433 1175 482 1.

222 636 385 702 ordinibus
404 635 483 698 nihil
502 634 718 716 accipiendum
737 643 794 714 est,
811 640 857 698 ita
874 633 968 699 etiam
987 652 1045 715 pro
1065 633 1204 699 balsamo
1219 651 1276 697 seu
1293 651 1352 716 pro
1368 634 1417 699 lu·

220 737 394 801 mineribus
406 735 546 800 emendis
568 735 644 799 nihil
664 735 844 817 presbyteri
856 734 975 799 debent
991 742 1173 817 acceptare;
1195 735 1337 818 episcopi
1356 736 1416 801 ita·

222 855 283 918 que
306 836 345 900 de
367 835 570 901 facultatibus
592 835 745 900 ecclesiae
769 854 845 900 suae
867 836 1040 900 balsamum
1063 843 1170 901 emant
1191 844 1224 900 et
1248 835 1417 902 luminaria

221 938 335 1017 singuli
349 935 381 1000 iu
390 936 533 1001 ecclesiis
546 936 620 998 suis.
633 934 720 999 ldem
730 956 768 999 ex
781 936 914 1000 concilio
924 935 1125 1001 Bracarensi:
1138 935 1276 1001 secundo
1285 936 1416 1018 placuit,

220 1045 256 1101 ut
277 1037 381 1101 nullus
401 1038 621 1118 episcoporum
640 1055 698 1118 pro
710 1038 841 1102 balsami
858 1035 990 1115 modico,
1024 1037 1109 1118 quod
1129 1035 1332 1101 benedictum
1355 1055 1415 1118 pro

220 1137 366 1219 baptismi
389 1144 587 1202 sacramento
602 1157 660 1218 per
675 1137 826 1202 ecclesias
848 1136 951 1216 datur,
967 1137 1040 1217 quia
1054 1136 1171 1218 singuli
1186 1137 1366 1201 tremissem
1380 1135 1416 1217 *)

221 1257 278 1319 pro
302 1239 371 1319 ipsa
393 1238 521 1317 exigere
537 1237 650 1315 solent,
672 1236 789 1317 aliquid
806 1237 940 1300 ulterius
963 1238 1100 1318 exigant,
1123 1255 1164 1302 ne
1184 1236 1267 1301 forte
1289 1235 1418 1319 quando

220 1357 278 1420 pro
299 1339 400 1404 salute
412 1338 586 1403 animarum
601 1356 660 1418 per
681 1337 912 1402 invocationem
934 1337 1035 1402 sancti
1054 1337 1185 1419 spiritus
1199 1343 1416 1414 consecratur,

220 1439 303 1503 sicut
324 1439 431 1503 Simon
452 1456 561 1518 magus
584 1437 700 1502 donum
723 1439 773 1503 dei
797 1439 931 1520 pecunia
952 1439 1053 1504 voluit
1074 1456 1190 1518 emere,
1212 1439 1258 1504 ita
1279 1453 1338 1503 uos
1362 1455 1417 1501 ve·

219 1539 408 1604 numdantes
429 1538 651 1605 damnabiliter
672 1538 905 1603 venumdemus
928 1539 1017 1603 Idem
1034 1557 1081 1603 ex.
1106 1538 1146 1603 de
1168 1538 1308 1604 Simonia
1327 1539 1415 1619 capi·

156 1714 162 1739 ·
221 1638 301 1715 tulo;
326 1640 401 1704 item
424 1640 505 1705 libro
528 1647 618 1705 sexto
641 1658 680 1704 ex
703 1639 857 1704 decretali
879 1639 1057 1705 Innocentii
1081 1639 1117 1703 3¹¹
1136 1656 1173 1704 ac.

402 1822 507 1890 „Prima
524 1822 664 1890 responsio
681 1821 743 1876 Mai.
761 1822 821 1876 llus
838 1820 873 1876 ad
892 1821 1039 1876 secundum
1057 1820 1224 1875 articulum.“

319 1958 368 2024 Ad
382 1956 555 2023 secundum
570 1958 738 2023 articulum
752 1957 832 2034 dico,
849 1958 934 2038 quod
947 1957 1121 2022 adversarii
1140 1976 1211 2022 eum
1226 1964 1417 2041 syncopant:

219 2059 293 2139 quiia
314 2059 378 2123 dixi
400 2068 473 2140 post
486 2059 733 2124 nominationem
753 2058 923 2123 multorum
943 2052 1167 2136 magistrorum
1181 2057 1414 2135 defunctorum,

219 2159 331 2224 volens
344 2178 470 2225 movero
486 2159 636 2241 populum
651 2158 690 2224 ad
705 2159 816 2224 mortis
832 2159 1022 2236 memoriam,
1045 2176 1085 2222 ue
1108 2165 1292 2239 peccarent:
1310 2157 1416 2238 ,Ecce

219 2260 264 2323 Μ’
289 2261 402 2324 Petrus
420 2259 556 2324 Wserub
579 2260 675 2324 otiam
699 2266 748 2323 est
759 2266 913 2339 mortuus,
936 2266 1069 2341 propter
1091 2257 1175 2340 quod
1196 2258 1296 2325 oretis
1318 2244 1433 2337 deum¹

219 2377 277 2441 pro
299 2361 403 2424 anima
425 2361 509 2442 ejus3
533 2359 608 2440 quia
629 2378 718 2440 spem
740 2359 842 2424 babeo
865 2377 935 2423 cum
957 2359 1007 2425 dei
1030 2360 1147 2440 gratie,
1177 2356 1261 2439 quod
1283 2356 1326 2424 sit
1347 2358 1414 2424 sul-

219 2478 286 2538 vus,
309 2469 341 2524 et
364 2461 459 2526 timeo
483 2461 586 2539 etiam,
610 2478 650 2525 ne
672 2461 715 2525 sit
736 2460 920 2547 damnatus3
943 2452 1011 2526 stat
1031 2461 1113 2525 enirn
1135 2460 1168 2524 in
1190 2460 1241 2526 dei
1260 2458 1413 2542 judicio.“

220 2560 312 2625 Unde
335 2562 443 2626 volens
466 2562 543 2626 cleri
565 2562 815 2642 multitudinem,
846 2582 926 2643 quae
948 2563 1008 2627 luit
1030 2570 1105 2627 tune
1126 2561 1159 2625 in
1181 2578 1343 2638 sermone,
1372 2559 1415 2626 ab

218 2680 314 2726 avara
342 2661 567 2727 beneficiorum
594 2663 777 2745 pluralitate
806 2665 986 2742 retrabere,
1020 2661 1097 2727 diui:
1133 2661 1309 2744 „Opinione
1331 2679 1413 2741 mea,

219 2762 306 2827 salvo
328 2762 379 2826 dei
398 2762 535 2844 judicio,
568 2781 631 2829 non
655 2764 830 2845 reciperem
860 2769 962 2828 totum
995 2762 1157 2842 mundum,
1192 2760 1276 2843 quod
1297 2760 1414 2827 vellem

218 2861 299 2926 mori
322 2861 354 2925 iu
376 2863 473 2928 tantis
496 2868 529 2927 et
550 2869 598 2927 tot
620 2862 809 2929 beneficiis‘·
854 2864 920 2929 Nec
949 2863 1009 2928 hoc
1041 2861 1106 2929 dixi
1135 2881 1193 2944 pro
1214 2861 1308 2927 laude
1331 2880 1411 2943 mea,

219 2962 276 3028 sed
298 2979 356 3045 pro
379 2963 565 3028 clericorum
588 2964 813 3029 ammonitione
835 2965 918 3029 bono
933 2962 1058 3043 affectu,
1082 2963 1141 3027 deo
1165 2968 1264 3042 teste;
1286 2961 1412 3045 fecique

221 3064 394 3129 secundum
421 3062 538 3128 dictum
562 3063 590 3128 b.
619 3064 783 3145 Gregorii,
814 3065 867 3146 qui
890 3064 983 3144 dicit,
1014 3063 1097 3144 quod
1119 3063 1358 3146 praedicatores
1379 3063 1412 3128 in

217 3164 341 3231 laudem
365 3163 416 3228 dei
438 3176 573 3246 possunt
599 3181 775 3245 seponere
807 3165 892 3246 plebi
924 3164 1173 3246 inexemplum,
1206 3163 1352 3229 dicentes
1375 3182 1410 3229 se

217 3273 349 3347 peccata
371 3263 459 3329 odire
481 3270 515 3328 et
535 3264 673 3329 virtutes
695 3264 843 3343 diligore;
866 3264 949 3330 sicut
972 3263 1048 3330 fecit
1069 3263 1271 3347 praedicator
1292 3263 1411 3346 princi·

218 3367 298 3448 palis
310 3365 465 3445 Christus,
488 3365 552 3431 ibic
568 3371 666 3430 etuas
688 3365 863 3446 electionis,
887 3366 996 3432 dicens
1010 3367 1146 3433 Aetuum
1161 3366 1211 3430 2⁰:
1233 3365 1410 3447 Argentum

218 3475 251 3532 et
265 3486 376 3532 aurum
387 3467 504 3531 nullius
519 3466 684 3548 concupivi
700 3474 756 3532 aut
769 3474 897 3547 vestem,
919 3467 982 3549 ipsi
998 3468 1095 3533 scitis.
1118 3467 1271 3532 Similiter
1282 3463 1410 3532 Samuel

217 3567 309 3650 primi
333 3568 408 3647 Reg.
431 3570 468 3633 8⁰
490 3575 523 3632 et
544 3565 580 3632 2⁰
602 3567 672 3632 Cor.
698 3569 752 3631 ll⁰
773 3568 866 3632 dicit:
890 3567 998 3633 Gratis
1021 3568 1218 3649 euangelium
1240 3566 1291 3633 dei
1315 3583 1410 3632 euon-

218 3668 350 3749 gelizavi
373 3669 471 3747 vobis,
500 3669 577 3733 alias
593 3669 744 3734 ecclesias
768 3668 951 3751 exspoliavi,
974 3668 1133 3750 accipiens
1156 3668 1351 3752 stipendium
1373 3664 1413 3734 ad

218 3769 426 3835 ministerium
448 3777 597 3848 vestrum,
622 3789 691 3835 curu
713 3788 816 3835 essem
838 3770 923 3853 apud
944 3788 1000 3834 vos
1022 3776 1055 3835 et
1077 3789 1212 3851 egerem,
1236 3769 1315 3834 nulli
1337 3788 1412 3834 one·

220 3887 311 3936 rosus
333 3870 386 3948 lui,
410 3877 443 3934 et
464 3871 562 3935 multu
583 3871 645 3936 alia
661 3871 738 3936 dicit
759 3871 884 3951 ibidem,
908 3870 1113 3935 concludens:
1136 3870 1213 3949 Quis
1236 3867 1413 3937 infirmatur

218 3979 252 4037 et
273 3990 332 4052 ego
354 3990 416 4037 non
430 3970 579 4050 infirmor,
602 3972 672 4053 qius
695 3971 927 4037 scandalizatur
949 3976 982 4036 et
997 3988 1056 4051 ego
1072 3990 1136 4036 non
1158 3972 1257 4035 uror?
1277 3969 1311 4036 Si
1334 3988 1412 4052 ergo

217 4073 389 4155 apostolus,
413 4072 522 4138 volens
537 4090 666 4137 avarum
684 4072 834 4155 populum
858 4073 1023 4137 retrabere
1045 4070 1134 4152 dixit,
1157 4072 1274 4137 nullius
1297 4090 1412 4154 argeu-

218 4181 283 4239 tum
306 4181 361 4238 aut
382 4193 494 4237 aurum
527 4179 582 4238 alit
610 4182 733 4238 vestem
766 4175 948 4255 concupivi:
982 4193 1079 4256 quare
1109 4191 1174 4238 non
1201 4173 1316 4239 liceret
1335 4172 1412 4238 mihi

218 4280 351 4355 propter
379 4274 626 4339 confutationem
655 4274 824 4355 avaritiae,
858 4275 942 4356 quod
971 4274 1152 4341 nullomodo
1179 4273 1292 4339 vollem
1313 4274 1412 4339 multa

219 4373 371 4439 beneficia
392 4374 557 4455 possidere
581 4383 614 4438 et
635 4375 762 4441 omniuo
784 4376 817 4440 in
839 4376 902 4441 illis
917 4375 1096 4442 decedere?
1119 4375 1193 4456 quie
1214 4374 1293 4439 satis
1316 4374 1412 4441 babet

282 4659 306 4723 ‘l
322 4661 386 4708 Nota
402 4662 427 4709 in
444 4663 565 4722 margine:
586 4662 726 4721 ,Tremiseio
744 4664 833 4712 dicitur
849 4663 921 4711 tortia
938 4677 993 4724 pore
1011 4660 1105 4710 solidi!
