2992 5258
105 402 107 407 V
164 429 228 493 384
418 426 621 483 controversiae
640 424 674 481 dc
692 423 822 494 religione
841 426 868 480 in
886 423 1028 482 Bohemia:
1050 427 1121 482 1410.

164 632 240 713 quid
273 634 538 712 praemissorum,
572 637 668 714 prout
701 629 790 696 vobis
824 635 856 695 et
889 630 1021 695 cuilibet
1050 636 1192 696 vestrum
1214 631 1344 714 superio

164 733 344 814 mandatur,
380 752 445 799 non
467 731 608 798 feceritis
630 739 686 796 ant
708 747 771 796 nou
794 730 1062 812 adimpleveritis,
1085 740 1141 800 aut
1162 733 1279 815 aliquis
1301 750 1344 799 uo:

149 833 276 907 ,feeerit
298 853 354 899 sen
377 853 439 899 nou
462 831 701 916 adimpleverit,
731 838 786 897 aut
808 831 927 912 aliquid
956 832 989 895 iu
1012 833 1206 898 contrarium
1221 832 1344 898 feceritf

163 953 220 1000 sen
253 934 380 1014 feeerit,
415 944 472 1001 ant
508 935 541 999 iu
574 933 747 1017 culpabiles
781 933 813 997 in
842 933 1027 1014 praemissis
1049 934 1289 1015 quomodolibet
1310 952 1344 999 au

163 1036 269 1118 aliquo
303 1037 552 1117 praemissorum
585 1054 621 1099 ac
655 1035 742 1116 ipsos
775 1032 984 1099 defendentes
1016 1035 1158 1117 ipsisque
1182 1035 1344 1102 credentes

162 1137 410 1218 defensoresque
433 1136 617 1215 eorundem,
646 1135 862 1216 cujuscunque
874 1139 978 1199 status
1001 1133 1165 1216 dignitatis
1188 1136 1312 1204 ordinis
1332 1154 1344 1201 e

162 1238 352 1304 conditionis
386 1233 543 1318 existant,
577 1236 743 1319 praedicta
770 1244 830 1300 'sex
864 1234 987 1300 dierum
1012 1238 1186 1303 monitione
1208 1237 1344 1303 canonic

95 1324 100 1331 ’
161 1340 354 1420 praemissa,
382 1338 573 1403 auctoritate
596 1337 782 1420 apostolica,
808 1356 870 1418 qua
893 1355 999 1418 snpra,
1022 1338 1229 1419 singulariter
1251 1336 1344 1402 insin

162 1438 252 1518 gulos
276 1458 315 1502 ex
337 1457 421 1502 nnnc
443 1443 538 1520 prout
560 1455 600 1501 ex
616 1444 699 1515 tuuc,
723 1443 756 1500 et
778 1454 816 1499 ex
839 1443 916 1502 tunc
937 1443 1034 1519 prout
1056 1456 1095 1502 ex
1119 1455 1211 1515 nunc,
1237 1453 1344 1502 excom

161 1539 384 1604 municationis
400 1537 601 1616 sententiam,
623 1536 656 1600 in
679 1536 817 1618 capitula
834 1556 911 1603 vero
934 1545 968 1603 et
989 1544 1165 1604 conventus
1188 1536 1344 1602 eorunder

161 1639 413 1704 inobedientium
438 1647 471 1704 et
492 1636 612 1702 nostris
634 1637 697 1702 imo
721 1637 827 1701 verius
854 1637 1039 1719 apostolicis
1061 1638 1220 1704 mandatis
1236 1642 1344 1704 contra

162 1738 335 1805 dicentium
350 1738 569 1821 suspensionis
591 1737 630 1802 ab
646 1738 794 1818 ingressu
809 1738 973 1819 ecciesiae,
1000 1758 1137 1805 necnon
1152 1739 1185 1803 iu
1208 1737 1344 1804 ecclesia

161 1850 194 1907 et
221 1840 414 1906 monasteria
449 1838 623 1905 earundem
655 1837 819 1904 interdicti
853 1839 1030 1904 sententias
1055 1839 1187 1904 ferimus
1210 1847 1245 1905 et
1267 1839 1344 1906 etiar

161 1941 396 2024 promulgamus
414 1939 446 2002 in
469 1939 518 2005 bis
533 1938 672 2022 scriptis,
695 1939 736 2004 ad
757 1957 878 2021 poenas
894 1941 1117 2022 captivationis
1139 1958 1344 2024 personarum

159 2042 346 2124 privationis
358 2038 584 2106 beneficiorum
596 2047 629 2105 et
641 2039 1120 2115 inhabilitationisobtentorum
1132 2040 1344 2108 beneficiorur

161 2141 211 2206 vel
226 2141 480 2222 obtinendornm,
505 2148 538 2207 et
559 2141 601 2206 ad
622 2141 701 2206 alias
717 2150 836 2223 p'oenas
852 2142 1023 2207 ulteriores
1046 2142 1240 2224 processuri,
1264 2142 1344 2208 etiau

159 2243 185 2306 si
220 2261 299 2325 opus
333 2243 429 2307 fuerit
462 2262 532 2306 cum
564 2243 765 2307 invocatione
789 2243 910 2308 brachii
937 2242 1090 2308 secularis
1113 2240 1344 2324 praenominati

155 2343 281 2422 justitia
295 2343 463 2408 medianto.
486 2342 528 2407 Et
550 2344 609 2407 uisi
634 2361 689 2407 vos
712 2342 830 2408 donnini
852 2344 1036 2426 supradicti,
1060 2352 1093 2409 et
1110 2345 1279 2424 signanter
1293 2342 1344 2425 ple

159 2443 232 2508 bani
248 2463 305 2525 per
328 2444 489 2508 civitatem
506 2451 538 2509 et
560 2443 711 2509 diocesim
734 2464 771 2509 ac
786 2444 981 2527 provinciam
996 2451 1137 2511 nostram
1153 2445 1344 2525 Pragensem

158 2544 243 2609 dicto
267 2544 403 2608 termino
437 2563 493 2609 sex
515 2543 638 2609 dierum
665 2546 836 2628 pendente,
860 2565 878 2610 a
901 2545 991 2610 nobis
1014 2544 1100 2610 alind
1122 2545 1302 2612 habueritis
1324 2545 1344 2609 iv

157 2644 329 2725 rnandatiS,
364 2645 506 2709 volumus
535 2650 568 2710 et
599 2645 688 2710 vobis
715 2645 918 2710 nibilominus
949 2655 982 2711 et
1005 2652 1145 2710 vestrum
1168 2647 1303 2713 cuilibet
1323 2647 1344 2712 ir

159 2746 275 2811 virtute
314 2751 443 2811 sauctae
477 2745 678 2811 obedientiae
713 2756 745 2811 et
779 2746 837 2809 sub
876 2745 1210 2812 excommnuicationis
1245 2765 1344 2830 poeun

157 2866 249 2928 quarn
272 2847 302 2911 in
327 2864 382 2911 vos
407 2855 440 2912 et
456 2846 629 2927 quemlibet
652 2854 792 2911 vestrum
808 2847 902 2911 triunr
926 2847 1049 2920 dierum
1071 2849 1249 2914 monitione
1265 2864 1344 2914 cano

157 2947 228 3012 nica
248 2949 388 3030 praevia,
411 2948 472 3012 nisi
495 2948 614 3012 uostris
637 2948 699 3012 imo
723 2948 828 3012 verius
850 2949 1034 3030 apostolicis
1057 2967 1154 3031 snpra
1175 2948 1307 3032 scriptis
1321 2960 1344 3013 et

155 3050 238 3114 iufra
270 3050 398 3132 scriptis
431 3050 602 3130 parueritis
636 3055 668 3114 et
702 3049 835 3130 quilibet
870 3056 1012 3114 vestrum
1034 3049 1177 3131 qrarnerit
1199 3047 1344 3115 mandatis

156 3168 225 3216 cum
248 3149 372 3230 effectu,
395 3150 525 3215 ferimus
548 3150 580 3214 in
608 3150 657 3213 his
695 3151 832 3231 scriptis
855 3148 1000 3215 districte
1024 3149 1252 3231 praecipiendo
1268 3166 1344 3214 mnu«

155 3252 273 3332 damus,
296 3255 452 3334 qnatenus
467 3269 531 3315 non
553 3256 736 3332 exspectato
766 3250 828 3315 alio
850 3269 870 3314 a
891 3250 982 3314 uobis
1004 3249 1162 3327 mandato,
1186 3250 1282 3315 dictis
1297 3268 1344 3315 sev

155 3353 267 3418 diebus
290 3373 309 3416 a
333 3352 549 3417 notificatione
572 3370 629 3416 seu
652 3350 866 3433 publicatione
890 3352 1105 3433 praesentium
1128 3351 1257 3433 elapsis
1280 3360 1344 3417 c'on

155 3454 243 3518 tinue
258 3453 484 3534 praescriptos,
507 3453 692 3533 magistrum
708 3452 859 3531 Marcum,
884 3451 1110 3531 Praibiconem,
1135 3450 1340 3517 Hroobouem

154 3552 354 3632 blichaelem,
378 3554 507 3617 Petrum
530 3560 564 3617 ot
584 3553 755 3632 ioannem,
779 3560 938 3634 tamquam
961 3551 1182 3617 inobedientes
1218 3561 1252 3618 et
1285 3570 1344 3619 sus·

155 3662 264 3735 pectes
293 3653 333 3718 de
360 3653 487 3718 haeresi
515 3674 553 3717 ox
585 3654 763 3718 nominibus
794 3664 826 3719 et
848 3654 926 3735 ipsis
953 3652 1180 3731 adhaerentes
1208 3673 1270 3719 nec
1291 3672 1344 3721 nor

152 3755 232 3819 alios
265 3756 482 3836 praescriptos
516 3756 633 3819 uostris
668 3756 728 3819 imo
764 3755 870 3818 verius
901 3755 1085 3836 apostolicis
1112 3773 1176 3820 uon
1199 3762 1344 3838 parentet

153 3857 333 3938 praeceptis
357 3863 389 3921 et
410 3855 566 3921 claudetis
581 3857 611 3919 iu
635 3875 752 3935 genere
768 3857 1065 3934 exconnuunieatcs,
1086 3861 1222 3938 propter
1239 3873 1344 3922 mrusu‘

153 3955 301 4037 superius
328 3956 516 4038 descriptas
540 3957 571 4019 in
588 3957 704 4022 vestris
726 3956 869 4021 ecclesiis
893 3956 1026 4038 singulis
1049 3955 1160 4020 diebus
1185 3955 1344 4022 dominicis

153 4062 186 4121 et
200 4056 333 4138 festivis,
358 4056 492 4139 pulsatis
509 4057 678 4139 campanis,
702 4055 841 4121 candelis
864 4057 1006 4121 accensis
1033 4064 1066 4121 ot
1088 4056 1214 4120 demum
1238 4057 1272 4120 in
1288 4064 1345 4122 ter·

152 4177 217 4222 ram
247 4158 415 4240 projectiS,
448 4158 517 4221 sine
547 4157 783 4223 intermissione
817 4157 941 4239 publico
969 4157 1128 4222 nunciatis
1151 4165 1185 4221 et
1207 4159 1344 4224 ursocius

151 4258 287 4338 faciatis;
314 4258 496 4323 inhibentes
526 4265 558 4321 et
580 4257 810 4323 interdicentes
835 4259 923 4321 vobis
946 4257 1090 4337 subditis,
1115 4265 1150 4322 ut
1173 4257 1275 4325 dictis
1296 4275 1344 4324 ere

152 4359 388 4424 cormunnicatis
410 4359 443 4421 in
466 4359 547 4437 cibo,
570 4366 657 4440 proto,
681 4357 835 4437 oratione,
859 4358 1027 4437 locutione,
1063 4359 1213 4441 emtione,
1241 4357 1344 4424 vendi·

152 4459 252 4539 tione,
284 4461 348 4540 via,
379 4460 464 4539 fore,
495 4459 583 4540 igue,
611 4460 724 4525 balneo
755 4477 817 4523 uou
840 4459 1047 4540 participent,
1071 4478 1130 4524 uec
1152 4453 1344 4543 participare

150 4560 330 4640 aliqualiter
345 4566 557 4643 praesumant,
582 4559 638 4624 sed
653 4578 689 4623 so
704 4561 744 4625 ab
760 4560 900 4642 ipsorum
916 4558 1162 4641 participatione
1180 4560 1342 4625 retrahant

150 4661 359 4726 etretrahere
374 4662 525 4728 studeant
545 4680 616 4726 curu
638 4660 762 4740 effectu,
788 4660 846 4725 sub
870 4677 973 4741 pocua
988 4658 1341 4735 excommunicacionis
