2992 5258
443 437 556 491 Articuli
574 436 717 491 Michaelis
734 434 768 488 de
786 435 881 489 Caesis
901 438 972 489 1412.
1249 440 1308 503 173

107 641 325 723 praelatorum
347 648 380 705 et
402 645 562 704 rectorum
580 638 796 716 ecelesiarum,
820 645 853 702 et
874 639 1026 702 timentur
1041 638 1152 718 gravia
1166 637 1305 718 evenire,

106 743 171 808 uisi
192 741 342 808 celeriter
365 739 582 821 provideatur.
1043 806 1050 818 ·

208 841 310 922 Super
337 839 500 901 mordacia
527 839 690 916 fundatur
717 840 775 900 istc
805 838 916 919 loaysia
937 837 1092 899 articulus
1113 846 1141 900 et
1162 847 1207 901 eat
1229 845 1310 901 totus

100 943 222 1024 salsas,
251 943 328 1023 qaia
354 960 420 1002 noa
443 947 576 1020 propter
600 959 703 1001 nicam
727 938 994 1017 praedicationem
1021 945 1066 1002 cat
1093 938 1207 1002 divisio
1228 940 1311 1001 inter
1360 1015 1362 1019 ,

107 1043 281 1124 mopistroe
302 1049 330 1104 et
352 1040 520 1118 schelmas,
549 1061 604 1101 acc
625 1038 666 1100 iic
687 1047 732 1101 cst
747 1046 868 1111 eaorta,
891 1059 944 1101 nec
963 1037 1121 1102 scandala
1141 1047 1310 1115 moneant,

107 1145 174 1206 aiei
195 1140 432 1204 occasionaliter
453 1142 510 1203 hoc
522 1141 627 1223 fieret,
657 1142 736 1202 aaut
754 1148 882 1220 propter
897 1140 1167 1221 praedicationem
1191 1140 1311 1204 curari

107 1252 138 1306 et
170 1264 301 1306 sacram
327 1240 544 1322 apostoloram
572 1241 665 1303 motti
686 1240 780 1301 ‹ticiai
796 1240 929 1320 scierant
956 1246 986 1303 et
1007 1240 1067 1302 olii
1088 1240 1309 1313 scandalizati,

108 1344 174 1407 imo
194 1352 223 1406 ot
245 1344 308 1424 ipsi
330 1341 478 1422 discipali
493 1342 628 1422 sacrarat
650 1341 685 1401 ia
708 1340 834 1421 Christo
855 1339 1076 1405 scarictaliaati.

211 1447 249 1511 It
274 1444 358 1526 quod
373 1444 459 1508 ultra
473 1443 647 1524 praemissa
663 1429 766 1507 dictus
781 1442 872 1507 ioan.
888 1441 958 1505 Hus
980 1443 1020 1507 ab
1040 1461 1103 1507 une
1128 1448 1162 1508 et
1186 1443 1309 1507 duobus

109 1549 203 1615 anuis
225 1546 370 1630 proxime
393 1544 577 1627 praeteritis
606 1543 666 1608 iuit
688 1548 721 1606 et
744 1548 813 1607 erat
834 1543 939 1607 tautor
969 1551 1001 1608 ct
1029 1543 1172 1609 eruditor
1201 1553 1234 1610 et
1256 1544 1309 1609 de·

109 1649 219 1714 iensor
235 1657 378 1712 errorum
407 1632 626 1709 et'haeres'um
650 1641 885 1725 praedictorum
896 1638 932 1707 ¹in
954 1643 1043 1708 libris
1062 1644 1139 1709 dicti
1154 1644 1311 1726 quondam

109 1749 130 1815 J
133 1748 246 1813 oannis
261 1743 392 1810 Wikleii
416 1744 658 1810 haeresiarchae
675 1744 916 1824 descriptorum,
933 1750 1028 1825 atque
1044 1744 1083 1808 de
1099 1745 1148 1809 his
1164 1746 1308 1810 omnibus

112 1848 299 1914 incivitate
332 1853 366 1910 et
399 1844 516 1910 diocesi
547 1845 701 1925 Pragcusi
728 1844 852 1927 publice
876 1842 1063 1910 diflamatus.
1108 1844 1310 1928 Quapropter

112 1951 183 2032 ipsc
197 1949 340 2014 ioannes
360 1946 429 2010 Hus
445 1964 507 2010 non
532 1946 632 2010 solum
649 1945 839 2024 haereticus,
862 1946 924 2009 imo
942 1944 1167 2016 haeresiarcha
1185 1946 1311 2035 censeri

111 2049 210 2114 debet
232 2053 266 2113 et
286 2064 344 2129 pro
367 2047 426 2112 tali
449 2055 482 2110 et
505 2055 539 2111 ut
561 2046 634 2111 talis
657 2046 792 2126 babitus,
817 2054 933 2126 tentus
956 2047 1136 2113 nominatus
1159 2053 1192 2111 et
1214 2065 1310 2129 repu-

111 2155 208 2227 taus,
242 2153 340 2230 prout
359 2146 504 2226 babetur,
520 2154 674 2227 tenetur,
705 2149 886 2211 nominatur
909 2154 941 2210 et
965 2155 1132 2229 reputatur
1154 2148 1256 2230 pulum
1279 2153 1312 2212 et

279 2265 325 2317 iic
340 2274 434 2337 procae
453 2265 585 2316 otentitar
907 2324 911 2329 .

110 2333 239 2435 putate
261 2350 301 2414 ab
324 2342 469 2415 omnibus
492 2349 531 2413 ee
553 2349 617 2413 uns
639 2349 783 2430 parabus
806 2348 991 2413 orthodoxis
1014 2357 1047 2415 a
1068 2349 1223 2415 fisenus.

212 2451 282 2513 Hic
295 2450 477 2532 fabricator
496 2451 730 2511 matuariorum
751 2449 900 2511 correolcit
922 2458 950 2510 et
972 2451 1082 2512 evomit
1103 2451 1204 2512 matta
1226 2470 1312 2512 men-

109 2552 217 2631 dacia,
239 2549 294 2615 aad
308 2551 441 2612 mentita
454 2557 498 2611 cst
514 2550 666 2630 iniquitas
680 2551 748 2612 aidi.
780 2547 957 2630 Numquam
978 2552 1061 2613 enim
1082 2571 1119 2612 ea·
1141 2550 1191 2613 dei
1203 2553 1314 2632 pratia

109 2671 197 2715 nam
224 2652 359 2734 scater,
388 2644 532 2712 'eruditor
564 2658 592 2712 et
614 2651 759 2732 disserisor
780 2671 924 2712 emoriens
945 2660 973 2712 et
995 2653 1177 2725 damasium,
1211 2660 1238 2712 et
1260 2672 1314 2715 nec

108 2760 242 2834 reputor
262 2752 483 2814 haecciarcita
502 2752 614 2832 palam
628 2759 656 2812 et
673 2752 795 2832 prtdtice
815 2755 855 2813 ab
878 2754 1021 2814 omnibus
1042 2753 1081 2814 de
1101 2755 1220 2816 nostris
1228 2772 1310 2833 par·

109 2854 196 2917 tibus
217 2851 403 2915 orthodoaia
424 2857 453 2913 et
465 2852 633 2935 fideliter,
656 2855 719 2914 imo
738 2853 846 2933 plures
860 2854 982 2935 sidetes,
1004 2856 1033 2916 ei
1054 2855 1204 2917 erudirent
1225 2853 1313 2916 istaut

108 2955 265 3035 scriptam
287 2952 425 3015 mendac
446 2952 624 3029 Michaelis,
649 2955 782 3015 dicerent
804 2954 885 3034 quod
907 2956 1064 3016 mentitur.

213 3055 301 3119 Petit
329 3054 427 3135 igitur
458 3055 690 3136 protestatione
720 3056 909 3135 praemissa,
945 3056 994 3119 bic
1028 3057 1173 3137 repetita
1208 3055 1313 3120 dictus

111 3157 294 3237 instigator,
324 3155 460 3234 nomine,
492 3174 553 3236 que
577 3174 682 3238 supra,
707 3172 764 3235 per
787 3173 841 3220 vos
864 3155 1162 3220 reverendissimum
1185 3161 1308 3237 lintrem

111 3264 317 3337 vestramque
332 3254 532 3320 diffinitivam
555 3256 746 3320 sententiam
770 3256 978 3336 pronuntiari,
1000 3254 1129 3321 decerni
1152 3265 1185 3321 ct
1207 3255 1311 3320 decla·

110 3356 180 3421 rari
201 3354 380 3438 praefatum
401 3355 493 3420 Joau.
516 3353 586 3418 Hus
608 3353 705 3419 tuisse
729 3363 761 3419 et
776 3364 854 3419 esse
870 3355 1053 3420 credentem
1070 3356 1265 3420 haereticum
1280 3365 1314 3420 ct

111 3455 317 3522 defensorem
345 3473 489 3520 errorum
521 3462 633 3519 centra
661 3455 754 3519 tidem
781 3455 966 3520 catholicam
996 3474 1033 3521 ac
1061 3455 1256 3524 haereticum
1278 3466 1312 3523 et

111 3557 380 3637 meresimcbm,
403 3556 555 3622 rebellem
582 3563 615 3621 et
637 3557 873 3622 inobedientem
895 3556 1052 3622 inundatis
1073 3557 1257 3639 apostolicis
1279 3564 1313 3622 et

109 3657 192 3724 dicti
213 3657 334 3723 domini
355 3657 597 3740 archicpiscopi,
622 3659 681 3722 sibi
704 3678 766 3723 non
789 3659 916 3724 licuisse
929 3677 988 3723 uec
1003 3658 1100 3724 licere
1113 3658 1314 3740 praedicasse

111 3769 150 3824 et
177 3758 326 3825 docuisse
358 3759 543 3842 supradicta
575 3768 630 3824 aut
664 3759 784 3841 aliquid
807 3761 963 3842 ipsorum,
999 3761 1122 3841 sibique
1156 3768 1314 3842 tamquam

112 3859 303 3927 scandaloso
331 3861 483 3927 seditioso
513 3862 718 3928 inhibendum
740 3861 822 3942 fors,
852 3881 910 3944 per
933 3880 989 3925 vos
1016 3864 1153 3927 inhiberi
1176 3861 1315 3927 officium

113 3961 374 4044 praedicationis
404 3970 438 4027 et
459 3981 500 4026 nc
522 3963 561 4027 de
585 3971 693 4027 cetero
716 3963 897 4045 praedicet,
930 3963 992 4028 imo
1016 3963 1099 4044 (pred
1122 3982 1179 4045 per
1209 3963 1314 4028 omnia

114 4061 315 4144 supradicta,
349 4063 473 4145 publice
505 4082 563 4144 per
592 4082 663 4127 eum
691 4062 887 4144 praedicata,
921 4063 1047 4144 publice
1075 4082 1179 4129 coram
1201 4082 1315 4143 magna

116 4163 376 4229 multitudinem
398 4162 485 4230 dicta
512 4164 642 4229 civitate
671 4165 819 4243 i'rageusi
849 4163 965 4229 debeat
986 4164 1134 4244 abjurare
1163 4171 1196 4228 et
1226 4182 1317 4230 revo-

115 4282 201 4341 care,
222 4272 258 4328 et
280 4281 320 4329 ea
340 4263 445 4329 omnia
467 4264 565 4330 brisso
587 4276 621 4329 ct
643 4282 714 4329 esse
737 4271 848 4330 contre
863 4264 955 4329 tidem
971 4266 1156 4333 catholicam
1173 4274 1206 4332 et
1222 4284 1318 4332 eano-

118 4364 206 4429 nicus
230 4363 413 4431 sanctiones
435 4374 468 4429 et
489 4370 672 4433 sauctorum
695 4374 820 4447 patrum
843 4366 1000 4444 instituta,
1023 4366 1149 4447 publice
1171 4383 1318 4432 asserere

118 4470 154 4530 st
174 4463 332 4533 offirmare
354 4464 670 4546 debeatipsurnquo
695 4471 729 4529 ut
751 4465 934 4530 credentem
949 4465 1144 4531 haereticum
1159 4473 1193 4535 et
1208 4466 1317 4533 defeu-

119 4581 224 4628 sorem
242 4565 486 4645 haereticorum,
507 4584 545 4639 ac
567 4566 761 4631 haereticum
784 4573 817 4630 et
841 4567 1103 4645 haeresiarcham,
1126 4586 1163 4630 ac
1186 4568 1315 4634 seditio-

121 4676 190 4730 sum
217 4672 264 4738 otj
278 4665 497 4733 mandaterum
524 4667 769 4749 apostolicorum
796 4673 1041 4754 coritantorern,
1070 4667 1314 4748 praemissorum
