2992 5258
421 450 433 465 ··
478 460 485 467 ·
531 429 719 508 Dispositiones
740 430 856 485 testium.
876 432 948 485 1414.
980 444 983 449 ·
1090 446 1094 455 ·
1274 434 1330 499 181

152 628 223 708 put
239 630 449 712 propinquius
470 633 609 712 sequitur
625 629 786 694 &mistum
808 633 844 693 in
865 633 930 693 uita
952 639 980 693 et
996 630 1072 711 plne
1091 632 1196 711 ipsum
1217 631 1332 712 dilipit,
1387 650 1390 657 ·

154 750 243 809 quam
260 751 360 811 papa,
382 730 463 811 pseud
483 729 542 794 illa
563 740 607 793 est
627 733 768 794 sanctior
781 739 810 793 et
819 794 822 799 ,
829 751 887 812 per
904 751 1084 813 consequens
1106 730 1232 813 dipnior
1245 730 1333 811 apud

152 830 240 891 dnum
271 850 366 912 psam
384 852 481 912 papa.
522 833 615 903 Deum
635 833 718 894 enim
748 852 812 895 non
832 832 942 913 recipit
968 852 1146 913 pascuam,
1167 831 1222 894 sed
1235 832 1334 914 jaceo

151 931 260 992 rnerita
280 928 440 1010 quemlibet
455 934 621 1006 praemiat.

311 1108 441 1179 Deposita
457 1112 545 1167 medio
560 1110 713 1183 juramento
730 1129 779 1182 per
796 1113 870 1180 Mag.
887 1113 1023 1167 Andream
1041 1111 1165 1167 Brodam.

246 1227 339 1307 lllgr.
367 1216 512 1295 andreas
534 1230 647 1309 Brada,
661 1232 840 1307 canonicus
862 1231 1015 1296 ccclesiae
1037 1230 1219 1312 PragensiS,
1249 1229 1334 1294 inter

151 1327 209 1392 alia
234 1327 339 1392 medio
357 1331 539 1417 Juramento
561 1329 705 1412 deponit;
736 1331 826 1421 ponit
847 1332 956 1413 primo,
987 1332 1048 1405 sibi
1070 1336 1226 1408 constare,
1249 1328 1333 1410 quod

152 1428 190 1491 ll.
211 1427 282 1492 llus
304 1427 485 1510 procuravit
506 1445 526 1492 a
540 1445 615 1515 rege
631 1434 664 1519 et
678 1448 697 1495 a
711 1429 842 1493 consilio
857 1429 967 1494 literas
982 1437 1092 1495 contra
1107 1437 1173 1494 tres
1187 1429 1344 1509 nationes¹

152 1526 189 1591 nd
210 1527 416 1592 obtinendum
438 1534 505 1592 tres
526 1544 620 1591 voces
643 1545 700 1611 pro
723 1528 851 1592 natione
866 1529 1054 1594 Boemorum
1076 1527 1334 1595 cantra-ordina·

153 1627 268 1692 donem
291 1624 506 1692 universitatis
529 1632 561 1691 et
583 1626 781 1692 concordiam
803 1627 915 1692 factam
936 1629 1020 1693 inter
1041 1628 1196 1711 nationes.

243 1726 312 1789 [sac
338 1746 443 1788 nemim
469 1725 546 1813 dicit
553 1746 564 1802 ,·
584 1747 638 1809 epo
664 1728 746 1790 enim
768 1720 896 1791 libenter
912 1729 1083 1809 procuravi
1100 1730 1195 1809 jueta
1210 1727 1334 1809 sunda·

151 1828 261 1888 tiorum
289 1828 502 1889 uniuersitatis
528 1825 644 1896 literas,
663 1849 684 1889 a
704 1847 783 1909 repe,
806 1847 884 1908 queue
904 1828 1007 1890 adhue
1028 1829 1117 1890 nabet
1137 1827 1334 1904 universitas,

149 1935 175 1989 a
195 1947 249 2009 epo
264 1927 329 2008 feci
350 1927 387 1988 de
402 1925 533 2001 Brodae
553 1927 703 2001 concilim·
730 1928 880 2010 adjuravi
908 1929 991 1990 enim
1014 1929 1129 2009 ursum,
1161 1934 1197 1989 ut
1212 1926 1334 1999 diceret,

148 2026 271 2089 anea
283 2027 419 2109 justum.
443 2025 508 2101 Qui
535 2026 627 2090 discit:
651 2046 669 2087 o
690 2027 787 2089 Iius!
805 2047 869 2089 non
889 2034 935 2089 est
956 2028 1071 2108 aliquis
1093 2029 1181 2090 notis
1200 2027 1235 2088 in
1249 2029 1334 2104 tacto

149 2126 207 2188 isto
227 2122 400 2189 liberator?
420 2125 477 2186 Cui
504 2123 589 2187 diui:
618 2146 718 2206 opero,
746 2126 828 2205 qnod
849 2127 1028 2189 habebimus
1049 2124 1255 2189 liberatorem.
1287 2125 1335 2188 Et

145 2235 252 2308 postea
263 2226 378 2309 jacens
397 2225 433 2288 in
454 2226 595 2289 manime
616 2226 813 2308 infirmitate,
842 2228 1034 2310 interropaei
1061 2229 1102 2290 ab
1132 2229 1201 2307 ipso
1222 2225 1267 2288 ad
1288 2246 1336 2287 nuc

149 2328 283 2389 ueniente
306 2346 379 2387 eum
410 2324 458 2388 M.
480 2324 606 2387 Ioanne
630 2323 743 2405 Elias,
774 2329 922 2390 anibobns
943 2328 1100 2389 stantibus
1120 2322 1333 2398 catalectum,

148 2429 175 2489 si
186 2428 314 2510 justum
333 2432 409 2488 esset
423 2426 534 2487 tatere
554 2446 612 2487 nos
626 2432 690 2489 tres
703 2426 814 2489 voees?
832 2433 861 2488 et
875 2429 966 2489 ambo
981 2427 1148 2511 diseunt:
1170 2426 1335 2488 Oui-inam

149 2526 221 2590 deus
252 2526 362 2589 daret!
379 2546 437 2589 noe
463 2544 634 2608 numeriam
655 2528 827 2608 poterimus
857 2527 903 2590 ad
934 2528 990 2591 hoe
1012 2527 1181 2608 peruenire.
1215 2526 1336 2602 Quibus

150 2627 216 2689 atri
224 2649 233 2689 z
254 2626 336 2689 Eece
349 2628 480 2689 nuntius
491 2628 596 2708 prium
610 2629 691 2690 venit
705 2648 727 2689 a
743 2649 812 2709 repe
825 2648 895 2690 cnm
910 2626 1002 2690 litera
1023 2630 1066 2690 ad
1086 2628 1334 2700 universitatum

148 2746 207 2788 ecee
233 2727 352 2788 iubetis
382 2727 515 2807 capiam,
539 2725 627 2808 lepite
647 2748 725 2789 eam.
749 2726 856 2802 ersam
876 2728 1080 2809 perlepentes,
1110 2728 1213 2808 parisi
1234 2729 1333 2805 ambo,

150 2825 363 2887 mundaverunt.
393 2825 514 2901 Quibus
535 2826 623 2889 diui:
643 2827 726 2889 Ecce
745 2848 797 2910 epo
819 2848 889 2889 urm
910 2828 1000 2907 quasi
1020 2829 1056 2889 in
1076 2834 1192 2901 morte3
1212 2828 1242 2888 si
1262 2846 1335 2908 erpo

150 2926 286 3005 moriar,
307 2944 393 3008 rapo,
414 2927 538 2989 instetis
556 2947 616 3006 pro
630 2928 762 3010 justitia
783 2935 812 2988 et
833 2927 1016 2989 liberatione
1036 2929 1177 2990 nationis
1197 2933 1333 2988 nostrae.

245 3026 475 3113 interrogatus,
496 3027 652 3107 quomodo
667 3027 747 3093 sciat
762 3027 950 3109 praedicta?
971 3027 1155 3108 Respondit,
1177 3044 1213 3092 se
1235 3027 1334 3093 inter·

151 3123 245 3191 inisse
272 3125 305 3189 in
327 3124 489 3191 Montibus
515 3126 653 3192 Kuthnis
675 3146 746 3192 cum
775 3127 845 3191 aliis
866 3127 1026 3208 magistris
1048 3127 1149 3192 'trium
1171 3126 1333 3191 nationum

151 3223 398 3306 praedictarum
426 3233 459 3290 et
489 3226 522 3289 in
552 3226 691 3292 consiliis
722 3226 939 3292 universitatis
964 3227 1099 3309 publicis
1137 3227 1197 3291 hoc
1231 3226 1334 3308 ipsum

744 3342 768 3396 0
784 3342 891 3396 timidi!
914 3358 1000 3412 quare
1016 3346 1159 3395 anmatem
1175 3355 1232 3395 non
1248 3340 1333 3395 aude·

150 3423 221 3491 lecit
243 3431 277 3490 et
297 3424 422 3490 induxit
442 3424 629 3506 adtentum,
652 3426 736 3508 quod
758 3427 901 3492 seniores
922 3427 1066 3508 magistri
1088 3434 1220 3511 proptor
1233 3425 1334 3491 minas

153 3549 210 3593 rent
229 3540 370 3610 confiteri?

152 3631 182 3689 et
208 3630 353 3690 terrores
383 3643 442 3691 sun
477 3633 551 3692 vota
585 3625 692 3691 dicere
729 3646 792 3692 nan
819 3634 1093 3710 praesumserunt3
1121 3626 1243 3707 quiesi
1265 3627 1337 3707 quis

151 3725 371 3807 magistrorum
397 3725 493 3805 dixit,
523 3726 606 3807 quod
634 3728 851 3792 ordinationes
876 3726 1019 3792 lirnmtae
1043 3729 1222 3811 juramento
1245 3734 1334 3792 tene·

1025 3845 1166 3904 mentitur,
1183 3859 1334 3911 numquam

152 3931 268 4004 rentur,
291 3925 396 3989 statim
413 3926 482 4006 ipse
497 3925 567 3990 Has
582 3945 651 3991 cum
674 3929 739 3992 suis
755 3929 960 4010 complicibus
981 3928 1153 4011 appellavit
1174 3947 1245 3992 emn
1260 3945 1333 4010 pro·

150 4043 242 4093 meavi
260 4042 380 4107 aliquem
396 4043 562 4109 mapietrnm
578 4041 748 4109 proditorem
1289 4041 1334 4092 nie

149 4126 281 4192 ditarem
295 4125 381 4207 regis
404 4132 437 4192 et
457 4127 566 4207 regni,
590 4138 623 4191 et
637 4132 687 4207 (ut
701 4128 875 4209 praesumit
888 4129 958 4210 ipse
979 4126 1154 4209 deponens)
1176 4127 1245 4207 regi
1259 4144 1332 4191 con·

148 4242 204 4309 ipse
220 4259 272 4302 me,
290 4259 349 4294 non
365 4244 556 4311 interropatne
572 4261 592 4295 a
608 4246 729 4306 notario,
747 4253 827 4296 occat
842 4245 1013 4312 proditorem
1024 4243 1213 4302 consiliorum,¹
1229 4258 1258 4294 ee
1274 4243 1333 4310 ipse

144 4324 210 4391 jerit
226 4326 335 4394 eapitta
351 4328 423 4377 aua!

149 4409 216 4475 sitin
237 4408 401 4475 revelavit.
430 4409 474 4476 Et
494 4409 541 4475 sic
562 4410 664 4476 credit
684 4411 850 4476 articulum
873 4428 943 4476 esse
964 4428 1082 4474 verum.

242 4508 325 4575 Item
354 4509 501 4593 deponit,
531 4507 614 4590 quod
641 4510 752 4575 codem
774 4511 941 4591 colligente
964 4527 1157 4589 sermonem,
1187 4528 1279 4590 quern
1300 4510 1332 4574 in

146 4607 331 4676 Bethlehem
360 4618 433 4694 post
459 4611 659 4694 prandiumi
713 4629 812 4677 coena
838 4612 954 4677 domini
980 4610 1220 4694 praedicaturus
1248 4616 1330 4692 erat,
