2992 5258
158 438 220 505 576
409 435 613 490 Conuoversiae
630 434 664 490 de
681 435 811 504 religione
829 435 857 489 in
874 434 1019 490 Bobemia:
1039 436 1112 491 1415.

158 640 252 706 dictis
274 639 417 705 censuris
445 644 478 703 et
500 638 611 719 poenis
633 639 723 719 ligati
744 639 857 704 missas
884 646 917 705 et
938 639 1001 705 alia
1021 638 1129 705 divina
1151 638 1266 720 officia
1288 657 1350 706 non

157 729 326 806 tomen‘ex
347 745 509 805 contemtu
542 739 696 820 clavium,
730 741 933 806 celebrarunt
954 747 1011 806 aut
1032 741 1095 805 illis
1117 757 1153 805 se
1175 741 1351 807 immiscue-

156 850 248 924 runt,
281 841 360 925 ipsis
383 847 487 906 tamen
521 840 608 922 prius
631 841 671 907 ad
694 848 839 924 tempus,
873 843 913 907 de
934 860 996 925 quo
1020 842 1109 908 vobis
1131 842 1309 922 videbitur,
1334 861 1352 909 a

155 963 284 1010 suorum
306 942 448 1008 ordinum
470 942 657 1006 executione
681 942 854 1024 suspensis,
881 942 1087 1025 dispensandi
1109 949 1143 1010 et
1164 942 1349 1026 injungendi

156 1046 202 1111 eis
236 1044 330 1110 etiarn
352 1042 582 1124 poenitentiam
614 1043 786 1108 salutarem
808 1050 842 1109 ct
873 1044 936 1109 alia
968 1062 1049 1124 quae
1078 1042 1213 1126 dejure
1234 1044 1352 1111 fuerint

155 1145 357 1228 injungenda,
380 1152 492 1211 contra
506 1144 577 1208 illos
592 1162 678 1224 vero,
705 1144 759 1225 qui
786 1144 868 1209 infra
895 1149 1017 1210 certum
1039 1145 1209 1211 terminum
1232 1162 1352 1226 perem-

156 1248 271 1314 torium
294 1252 544 1328 competentem,
578 1263 671 1326 quem
694 1247 788 1311 etiam
812 1245 858 1310 eis
881 1245 1036 1311 duxeritis
1058 1245 1280 1327 statuendum,
1313 1246 1350 1312 ab

155 1348 274 1415 eisdem
307 1347 470 1412 erroribus
502 1364 567 1410 non
589 1347 784 1427 resipuerint
818 1352 850 1413 ct
883 1365 954 1412 cum
988 1345 1103 1412 effectu
1126 1347 1166 1412 ad
1199 1347 1351 1428 gremium

156 1449 299 1533 ejusdem
323 1447 477 1513 ecelesiae
499 1465 561 1512 non
590 1446 758 1527 redierint,
793 1448 820 1511 si
842 1465 998 1528 personae
1021 1447 1086 1512 sint
1108 1447 1350 1527 ecclesiasticae,

155 1558 267 1617 contra
294 1568 403 1615 eorum
435 1548 577 1629 singulos
611 1547 847 1629 procedendum
877 1548 917 1613 ad
939 1548 1275 1614 excommunicationis
1297 1547 1351 1613 hut

151 1651 291 1734 jusmodi
314 1666 458 1716 necnon
480 1650 558 1714 alias
581 1651 805 1714 convenientes
828 1667 948 1731 poenas
971 1649 1204 1715 ecclesiasticas
1227 1654 1262 1714 et
1276 1654 1351 1714 tem·

154 1753 290 1834 porales,
314 1751 380 1816 scil.
404 1749 594 1832 privationis
617 1750 755 1815 omnium
787 1748 1017 1815 beneficiorum
1048 1767 1180 1815 suorum
1202 1750 1349 1816 ecclesia·

155 1853 323 1933 sticorum,
358 1870 439 1932 qrvae
466 1857 542 1916 tunc
575 1852 781 1930 obtinebunt,
815 1870 1023 1933 quaecunque
1056 1858 1089 1919 et
1122 1852 1351 1935 qualiacunque

158 1954 290 2032 inerint,
324 1951 558 2035 pontificalibus
593 1958 626 2017 et
648 1952 858 2018 abbatialibus
882 1953 1090 2034 dignitatibus
1112 1952 1280 2019 dumtaxat
1301 1972 1350 2019 ex·

154 2054 265 2136 captia,
288 2054 466 2133 snmnmrie,
490 2060 585 2134 atque
610 2053 649 2117 de
662 2053 724 2117 illis
746 2053 921 2134 amovendi,
944 2053 1094 2135 ipsosque
1116 2053 1236 2121 adalia
1257 2072 1349 2136 quac·

154 2175 277 2237 euinque
305 2154 461 2220 beneficia
482 2155 698 2220 ecclesiastica
729 2173 786 2236 per
816 2155 903 2237 ipsos
934 2154 965 2217 in
994 2160 1157 2236 posterum
1180 2154 1350 2223 obtinenda

154 2255 382 2334 inhabilitandi,
405 2275 550 2321 necnon
573 2255 612 2320 ad
635 2255 812 2336 hujusmodi
836 2252 1006 2333 beneficia,
1030 2255 1144 2335 quibus
1167 2255 1257 2337 ipsos
1280 2274 1347 2322 eon·

153 2363 294 2422 tumaces
310 2363 343 2422 et
359 2358 497 2421 rebelles
522 2377 577 2420 seu
594 2356 634 2420 de
657 2357 784 2422 haeresi
807 2362 975 2438 suspectos
991 2356 1205 2437 privaveritis
1230 2355 1349 2438 singula

155 2457 303 2523 videlicet
325 2475 443 2536 eorum,
467 2458 590 2522 etiarnsi
614 2476 683 2521 cum
700 2476 777 2522 cura
799 2458 849 2522 vel
870 2459 939 2523 sine
961 2476 1046 2535 curra,
1070 2462 1125 2521 aut
1146 2457 1348 2522 canonicatus

155 2565 188 2623 et
211 2559 409 2641 praebendae
441 2558 490 2622 vel
512 2558 686 2638 dignitates
716 2563 906 2639 personatus
935 2557 985 2622 vel
1013 2555 1117 2621 officia
1138 2556 1170 2621 in
1194 2563 1349 2640 metropo-

153 2658 251 2724 litano
282 2660 331 2724 voi
365 2658 601 2724 cathedralibus
627 2664 683 2722 aaut
719 2659 895 2739 collegiatis
928 2658 1090 2735 ecclesiia,
1124 2664 1158 2724 et
1180 2657 1348 2738 dignitates

152 2759 241 2841 ipsae
263 2759 295 2823 in
311 2758 556 2841 ruertropolitauo
578 2760 628 2823 vel
647 2758 882 2823 cathedralibus
897 2759 1035 2839 majores
1058 2765 1131 2841 post
1153 2756 1347 2840 pontificales

153 2879 210 2925 seu
242 2860 274 2925 in
297 2860 474 2940 collegiatis
507 2859 654 2923 ecclesiis
686 2860 766 2942 ipsis
799 2859 917 2924 iruerint
939 2866 971 2924 et
1007 2859 1047 2924 ad
1069 2859 1156 2940 ipsas
1179 2859 1346 2940 dignitates

153 2979 210 3042 per
233 2962 420 3026 electionem
442 2961 560 3032 assumi
584 2962 816 3040 consueverint,
840 2961 986 3042 personis
1009 2959 1141 3040 idoneiS,
1165 2978 1245 3042 quas
1267 2958 1348 3026 adid

152 3061 307 3127 duxeritis
331 3061 502 3142 eligendas,
526 3059 658 3141 singulis
675 3060 824 3125 videlicet
847 3078 955 3125 earum
972 3059 1186 3140 ecclesiarum,
1211 3061 1239 3126 si
1255 3077 1347 3143 quae·

152 3163 231 3228 libet
254 3182 360 3228 earum
378 3181 473 3226 unum
496 3169 552 3226 aut
573 3161 635 3227 duo
652 3163 701 3226 vel
724 3162 794 3243 tria,
817 3162 905 3226 alind
927 3162 976 3226 vel
999 3161 1068 3238 alia,
1091 3160 1347 3226 beneficiumscu

151 3264 314 3343 beneficia,
338 3264 587 3329 ecclesiasticum
616 3270 671 3328 aut
695 3264 911 3329 ecclesiastica
933 3263 1085 3342 obtineat,
1108 3262 1271 3328 iconomus
1292 3279 1345 3327 seu

150 3364 425 3429 administratores
449 3383 549 3445 usquc
579 3364 814 3445 beneplacitum
837 3364 936 3428 futuri
959 3363 1090 3428 Romani
1114 3363 1274 3446 pontificis
1297 3380 1347 3428 an·

151 3464 281 3530 xiliante
303 3465 364 3531 deo
387 3466 426 3529 de
450 3465 593 3548 proximo
617 3464 808 3543 assumendi,
832 3463 979 3546 ponendi,
1003 3482 1148 3529 necnon
1172 3465 1269 3530 etiam
1291 3462 1345 3529 lai·

151 3565 234 3630 cales
257 3584 411 3648 personas
437 3567 652 3648 cujuscunque
676 3565 869 3644 nobilitatis,
893 3571 1005 3645 status,
1028 3565 1147 3645 gradus
1170 3566 1221 3630 vel
1244 3563 1347 3630 condi·

151 3666 246 3731 tionis
269 3668 469 3744 exstiterint,
492 3667 638 3730 similiter
660 3666 700 3730 de
725 3666 849 3731 haeresi
874 3666 1038 3747 praedicta
1060 3671 1245 3747 suspectae,
1269 3682 1344 3747 quae

151 3767 246 3832 etiam
279 3767 361 3832 inira
394 3768 512 3832 dictum
546 3768 733 3840 terminum,
768 3785 861 3846 quiem
894 3765 972 3847 ipsis
1005 3765 1045 3830 ad
1074 3766 1107 3830 id
1129 3764 1346 3848 praefixeritis,

150 3869 267 3933 vestris
294 3868 450 3933 mandatis
472 3868 504 3931 in
528 3868 586 3932 bac
609 3873 699 3949 parte
723 3867 887 3930 humiliter
910 3885 972 3930 non
994 3865 1169 3944 parebunt,
1204 3866 1344 3931 omnibns

149 3968 265 4048 feodiS,
293 3987 374 4050 quiae
396 3989 415 4032 a
437 3988 528 4034 sacro
561 3970 700 4033 ltomano
723 3969 856 4049 imperio
881 3976 913 4032 et
936 3968 1031 4032 etiam
1054 3967 1198 4048 qualibet
1221 3964 1345 4033 ecclesi·

149 4071 250 4136 astice
282 4090 418 4152 persona
451 4076 482 4135 et
515 4071 577 4135 alia
609 4069 766 4152 spirituali
801 4088 860 4134 noc
882 4088 946 4133 non
983 4068 1151 4150 temporali
1186 4072 1343 4151 potestate

151 4170 305 4251 obtinent,
328 4171 483 4253 privandi,
510 4172 597 4252 ipsos
612 4180 645 4236 et
668 4189 776 4235 corum
791 4170 927 4235 heredes
949 4169 990 4234 ad
1011 4170 1065 4233 illa
1087 4169 1261 4235 obtinenda
1276 4185 1342 4251 per·

150 4279 246 4354 petuo
269 4271 505 4349 iulrabilitandi,
528 4292 565 4337 ac
588 4273 692 4336 onmia
714 4278 747 4335 ct
769 4271 893 4352 singula
916 4269 1060 4350 faciendi,
1084 4269 1261 4341 ordinandi.
1284 4268 1342 4333 dis·

150 4373 303 4454 ponendi,
337 4393 416 4454 (puae
439 4374 471 4437 in
503 4373 686 4455 prarenrissis
720 4379 753 4436 et
776 4372 860 4437 circa
893 4391 932 4437 ea
953 4371 1073 4436 inerint
1104 4370 1338 4451 quomodolibet

149 4483 344 4556 opportuna,
378 4475 628 4541 contradictores
662 4491 787 4555 quoque
822 4492 880 4557 per
909 4493 1077 4538 consuram
1099 4472 1340 4539 ecclesiasticam

150 4581 182 4639 et
214 4575 276 4640 alia
294 4575 375 4656 juris
398 4585 578 4660 opportuna
600 4576 741 4642 remedia
764 4575 1001 4657 compescendi,
1040 4576 1190 4641 invocato
1212 4573 1337 4650 adhoc,

149 4676 177 4742 si
197 4694 278 4762 opus
298 4675 404 4759 fuerit,
427 4679 544 4744 avrxilio
567 4678 686 4745 brachii
709 4678 873 4743 secularis.
905 4677 978 4743 Non
1000 4677 1206 4744 obstantibus
1228 4672 1337 4742 consti·
