2992 5258
153 417 194 479 ’fg
611 409 751 477 Epistolue
769 410 885 477 scriptae

153 620 227 679 sunt
249 614 378 696 copiosi,
401 614 433 678 in
455 616 547 680 mulis
570 615 764 695 equitantem
786 613 836 677 ale
858 613 907 692 isui
928 612 1019 678 latui.
1033 613 1064 695 *J
1102 615 1233 692 Quando
1258 618 1345 698 equi·

153 715 216 780 tovi
238 714 278 779 ad
300 713 517 779 Constantiam
538 714 572 779 in
594 732 684 795 equo,
713 715 820 780 statim
842 713 947 778 audivi
970 715 1165 796 equitantem
1199 733 1345 798 permu-

153 834 245 895 gnam
267 814 500 881 multitudinem
521 834 571 880 me
594 815 771 896 equitante,
802 813 858 879 sed
890 816 1100 880 concurrebat
1131 834 1245 898 magna
1266 817 1345 882 mui-

153 917 264 982 titndo.
307 916 438 981 Bohemi
461 917 563 981 nostri
590 915 680 979 multi
709 915 741 979 in
764 914 814 980 vic
836 921 1087 994 consumserunt,
1111 916 1263 998 quidquid
1290 918 1345 983 hu·

153 1017 291 1081 buerunt
322 1018 355 1081 in
377 1016 528 1098 pecuniis,
564 1024 597 1080 et
622 1015 687 1096 jam
719 1015 877 1080 miseriam
900 1015 1081 1097 patientum·
1113 1023 1147 1081 et
1168 1035 1227 1099 ego
1251 1017 1344 1083 valde

153 1119 328 1199 compatior
351 1118 406 1196 cio,
431 1124 464 1182 et
485 1136 548 1182 non
571 1134 699 1199 possum
722 1117 865 1181 omnibus
887 1116 973 1182 dare.
996 1117 1119 1198 Eqrurm
1142 1118 1179 1181 D.
1195 1118 1344 1184 Piibisloi

152 1218 275 1298 recepit
297 1217 333 1280 Ι).
358 1218 546 1297 Laconum,
570 1236 669 1299 equus
692 1235 767 1282 voro
790 1217 933 1299 Robstyu
956 1218 1100 1283 omnibus
1123 1219 1155 1281 in
1178 1218 1287 1284 labore
1312 1225 1346 1284 et

151 1318 274 1383 laetitia
295 1319 472 1400 praevalen
496 1327 529 1383 et
550 1319 650 1383 solum
673 1319 760 1383 illum
782 1318 866 1400 apud
889 1337 937 1384 me
960 1320 1071 1398 habco,
1095 1321 1121 1384 si
1143 1319 1346 1400 contingeret

151 1437 201 1483 me
223 1418 391 1498 aliquando
413 1417 453 1484 ed
476 1437 584 1498 regem
607 1426 697 1485 extra
727 1420 886 1484 civitatem
916 1421 1013 1485 exire.
1057 1419 1211 1485 Salutetis
1233 1437 1344 1484 omnes

151 1518 278 1598 tunimo,
301 1519 420 1583 nullum
443 1508 629 1601 excipiendo
651 1536 687 1584 oc.
731 1519 798 1584 Iste
820 1527 871 1584 est
892 1526 1006 1601 quarta
1027 1520 1121 1586 litora
1143 1519 1345 1600 departibor

151 1618 271 1698 elienie
298 1620 373 1685 data
394 1621 446 1685 die
467 1620 626 1686 dominico
649 1621 680 1684 iu
704 1627 796 1685 nocte
818 1627 893 1702 post
913 1620 1028 1686 festum
1051 1620 1196 1685 Omnium
1218 1624 1345 1684 sancto·

151 1737 219 1783 rum
252 1721 285 1785 in
308 1718 502 1786 Constantio.
546 1719 660 1784 Nullos
682 1721 841 1787 Bohcmus
863 1722 903 1786 de
924 1720 1114 1786 militaribus
1136 1727 1185 1784 est
1207 1720 1239 1782 in
1263 1718 1344 1783 Con-

151 1820 270 1886 stantio
284 1830 413 1903 praeter
428 1821 465 1885 l).
481 1821 635 1886 Jounucm
658 1820 779 1904 Kepko,
811 1823 864 1903 qui
887 1840 936 1886 me
958 1820 1048 1886 duxtt
1063 1827 1096 1884 et
1111 1819 1253 1902 protegit
1274 1837 1345 1884 reo·

150 1918 224 1983 liter
245 1920 328 1985 sicut
349 1921 454 1999 mileo,
490 1928 522 1986 et
552 1920 668 2002 ubique
690 1921 761 2003 plus
784 1922 948 2004 praedicet
970 1939 1062 2002 quum
1085 1936 1158 2001 ego'
1178 1921 1344 1985 declarans

150 2038 249 2084 meam
273 2020 494 2086 innocentiam.
538 2021 652 2085 Dotmn
677 2022 709 2086 in
724 2022 917 2088 Constantia.
942 2022 1049 2087 Oretis
1072 2021 1165 2086 deum
1188 2038 1246 2102 pro
1269 2036 1345 2085 con-

150 2119 269 2185 stantia
289 2121 322 2184 in
344 2122 489 2187 veritate.

248 2236 277 2288 E
292 2235 353 2289 MS.
373 2237 501 2292 Mladco.
518 2254 547 2307 p.
567 2235 614 2291 26.

249 2318 325 2372 Edit.
345 2321 375 2372 in
391 2321 447 2389 Dp.
463 2323 542 2390 piiss.
563 2321 590 2374 0.
608 2320 636 2373 5.
673 2322 743 2391 Opp-
762 2320 834 2384 Huc,
854 2323 878 2384 I,
895 2321 936 2376 58
953 2332 978 2375 et
997 2321 1038 2375 74.
1079 2321 1176 2392 Hdflcr
1195 2322 1219 2383 I,
1239 2316 1300 2374 129.

644 2495 843 2506 .—--.....-...

714 2667 774 2743 41.

535 2858 944 2944 Eisdem.

152 3075 348 3138 Adversarius,
366 3077 429 3130 licet
446 3077 527 3129 multi
544 3085 569 3127 et
582 3075 672 3144 fortae
688 3077 753 3137 rint,
771 3092 799 3128 oe
816 3077 911 3129 timere
927 3085 1012 3145 myat
1028 3091 1160 3144 operam,
1183 3092 1211 3126 oe
1227 3074 1346 3143 publico

149 3161 326 3227 reepoucione
343 3169 368 3213 et
384 3160 609 3228 praedicatione,
635 3175 719 3226 quam
736 3161 842 3212 inimici
858 3167 999 3220 metuant,
1022 3161 1165 3213 victoriam
1185 3174 1241 3210 ecco
1258 3156 1346 3227 adep·

151 3251 258 3297 turum:
283 3244 326 3295 tis
348 3244 487 3310 quaedam
514 3242 547 3296 de
570 3244 668 3296 itincre
691 3261 740 3296 ouo
763 3252 787 3295 et
810 3243 844 3296 de
865 3244 1010 3298 mandacio
1034 3244 1156 3313 epiceopi
1173 3242 1347 3295 erbrrcerm'o

150 3327 245 3385 addit.-
261 3336 400 3395 postremo
417 3345 508 3380 rerum
526 3328 625 3395 iuopia
642 3344 671 3380 oe
684 3344 812 3397 promum
829 3329 867 3379 iri
890 3329 1008 3395 centiens
1027 3329 1145 3388 amicos,
1168 3335 1199 3378 ot
1215 3343 1243 3379 oe
1261 3326 1345 3397 adju·

656 3420 726 3479 verm,
745 3421 835 3480 royat.

534 3558 726 3661 (Quintiae,
745 3576 845 3633 6'Nov.
866 3581 952 3642 1414.)

251 3764 341 3830 Solus
363 3783 382 3828 a
404 3763 530 3830 Christo
563 3765 651 3830 Jesu.
685 3764 862 3831 Carissimi!
907 3765 1042 3845 Scitote,
1076 3764 1150 3845 ouria
1179 3764 1260 3830 berre
1294 3770 1345 3830 sto

151 3884 209 3946 per
230 3866 342 3930 omnio.
372 3865 452 3929 Veni
474 3865 542 3929 sine
565 3866 651 3931 solvo
671 3865 828 3931 conductu
850 3884 950 3947 papae
973 3865 1012 3930 ud
1034 3863 1267 3943 Constantiam:
1292 3882 1345 3930 ro·

152 3966 234 4045 getis
259 3984 335 4047 orgo
358 3965 460 4046 deum,
483 3974 518 4030 ut
539 3966 595 4031 det
613 3967 690 4031 mihi
714 3968 932 4041 constantium,
961 3966 1034 4047 quio
1056 3964 1145 4029 multi
1167 3964 1344 4031 adversarii

152 4073 186 4130 ot
206 4064 305 4130 tortos
328 4067 496 4147 insurgunt
518 4073 628 4131 contra
650 4086 708 4144 me,
732 4086 811 4147 qums
828 4066 1016 4148 praesertim
1032 4065 1169 4130 concitat
1195 4065 1345 4130 venditor

151 4166 418 4246 indulgentiarum
441 4168 638 4232 l’otovicnsis
654 4167 808 4239 decanus,
829 4169 891 4247 jam
915 4166 1126 4248 praepositus,
1154 4173 1187 4229 et
1208 4166 1344 4231 Michoet

152 4264 191 4327 do
214 4265 335 4343 (musio,
365 4268 417 4347 qui
440 4284 566 4348 semper
588 4269 730 4331 ruonectit
753 4285 921 4348 processus
943 4274 1054 4331 contre
1080 4285 1138 4330 mc.
1182 4265 1245 4329 Sed
1267 4265 1345 4330 nihil

152 4365 263 4429 horum
287 4367 381 4430 timeo
415 4385 473 4430 nec
495 4383 623 4443 vereor,
657 4386 805 4448 sperone,
841 4366 924 4447 qood
946 4373 1019 4448 post
1042 4384 1184 4446 magnam
1207 4384 1344 4447 pugnam

185 4632 208 4696 *)
227 4637 271 4680 Sed
292 4643 345 4681 <unt
363 4636 447 4694 Jejuoi.
