2992 5258
151 409 193 470 80
614 400 754 470 Epismlae
772 402 889 469 scriptae

148 605 222 668 dum
244 604 443 670 declarantes
467 603 625 668 veraciter
646 602 801 668 direxisse
822 603 1036 668 meminimus:
1060 621 1143 668 nunc
1165 612 1280 686 tamen
1306 614 1343 673 ut

152 705 260 786 utique
274 702 423 769 affectum
437 703 620 769 continuum
642 722 719 784 erga
740 703 997 768 communitatem
1012 710 1151 769 vestram
1166 706 1343 781 estendam,

150 806 233 869 scire
254 822 310 871 vos
332 804 435 887 cupio,
457 805 532 885 quia
553 804 624 869 heri
645 804 772 869 auditor
793 804 875 868 sacri
899 804 1019 868 utinam
1041 805 1152 886 palatii
1174 808 1344 889 apostolici

150 923 221 969 cum
242 905 392 987 episcopo
412 904 651 971 Cousmndensi
672 912 829 971 venerunt
858 904 899 968 ad
920 904 1092 986 hospitium
1115 912 1258 972 nostrum
1281 926 1345 972 una

151 1023 220 1069 cum
242 1003 370 1071 officiali
392 1005 639 1085 constantiensi,
662 1011 696 1070 et
709 1005 862 1086 magistro
877 1005 975 1070 locuti
997 1012 1080 1085 sunt,
1103 1006 1241 1087 qualiter
1255 1008 1346 1073 altri-

151 1107 233 1171 catio
255 1125 368 1188 magna
388 1106 473 1171 inter
494 1112 662 1187 papamet
683 1105 861 1171 cardinales
884 1110 1012 1171 versata
1032 1113 1083 1172 est
1110 1105 1150 1171 de
1172 1108 1346 1174 interdicto

151 1206 315 1272 fulminato
337 1212 507 1288 praetenso
530 1213 641 1272 contra
662 1207 848 1286 magistrum
871 1212 1033 1284 nostrnm;
1055 1212 1089 1270 et
1104 1207 1246 1273 breviter
1267 1226 1344 1275 con·

152 1308 328 1387 eluserunt,
357 1306 441 1387 quod
469 1307 623 1373 accedant
644 1307 837 1388 magistrum,
862 1306 1045 1372 intimantes
1068 1306 1140 1387 sibi,
1169 1308 1242 1387 quia
1264 1328 1349 1391 papa

153 1407 192 1474 de
220 1407 418 1488 plenitudine
448 1409 617 1489 potestatis
644 1408 811 1488 suspendit
837 1409 902 1489 Jam
930 1406 1049 1473 dictum
1078 1407 1284 1474 interdictum
1315 1417 1350 1475 et

154 1508 331 1574 sententias
360 1509 692 1573 excommunicationis
722 1514 833 1573 contra
859 1507 900 1571 M.
923 1507 1077 1572 Joannem
1106 1508 1205 1587 latas;
1233 1527 1350 1590 rogan·

153 1615 202 1674 tes
217 1628 289 1675 eum
311 1608 523 1690 nihilominus
550 1609 782 1691 quodpropter
804 1608 986 1673 scandalum
1009 1608 1118 1691 populi
1138 1615 1172 1672 et
1185 1627 1348 1675 rumorem

153 1709 334 1775 evitandum
345 1709 445 1774 solum
457 1728 566 1774 eorum
578 1709 815 1775 missationibus
836 1709 1029 1776 solemnibus
1051 1711 1263 1790 noniutersit,
1289 1710 1347 1774 sed

154 1809 232 1876 alias
254 1809 414 1874 liberrime
437 1815 500 1874 tam
529 1811 689 1875 civitatem
712 1809 988 1876 constantiensem
1017 1829 1110 1892 quam
1140 1811 1292 1876 eeclesias
1314 1818 1350 1876 et

155 1910 316 1990 quaelibet
337 1911 406 1975 loca
428 1911 535 1976 visitet
554 1912 646 1992 Juxta
667 1911 818 1993 placitum
840 1930 941 1976 suum.
964 1913 1006 1978 Et
1027 1919 1063 1976 ut
1085 1911 1244 1977 tenaciter
1265 1928 1351 1976 com-

156 2012 305 2091 perimus,
328 2012 437 2092 utique
460 2011 573 2075 timent
588 2011 620 2092 *)
644 2029 753 2075 omnes
776 2010 1045 2092 praedicationem
1066 2011 1204 2076 futuram
1226 2010 1266 2076 ad
1289 2012 1351 2077 ele-

157 2130 236 2191 rum,
259 2131 352 2193 quam
366 2113 409 2176 M.
424 2112 564 2178 Joannes
586 2112 772 2195 praedicare
794 2111 940 2177 intendit
964 2112 1043 2177 Nam
1061 2112 1184 2199 aliquis,
1208 2112 1352 2176 nescitur

157 2231 196 2275 an
219 2213 339 2276 amicus
361 2213 410 2276 vel
432 2213 586 2292 inimicus,
609 2211 678 2276 heri
701 2211 859 2275 intimavit
880 2212 912 2276 in
929 2210 1072 2291 ecclesia,
1095 2212 1169 2293 quia
1184 2210 1264 2292 Mgr.
1277 2210 1349 2276 Hcs

157 2312 313 2377 dominico
328 2312 470 2394 proximo
485 2312 682 2394 praedicabit
698 2311 738 2377 ad
758 2312 877 2377 clerum
891 2315 923 2378 in
946 2313 1080 2379 ecclesia
1096 2312 1349 2392 constantiensi,

159 2419 192 2477 et
214 2412 344 2478 cuilibet
369 2414 531 2494 praesenti
553 2412 642 2478 dabit
662 2431 760 2477 unum
783 2413 940 2479 ducatum.
973 2413 1015 2478 Et
1036 2413 1109 2478 ideo
1125 2413 1218 2478 liberi
1240 2431 1350 2479 sumus

158 2514 191 2578 iu
206 2512 401 2592 Constantia,
423 2520 457 2579 et
478 2514 630 2595 magister
652 2513 793 2594 quotidie
817 2514 923 2579 divina
944 2514 1078 2596 peragit,
1101 2519 1134 2578 et
1155 2514 1188 2578 iu
1211 2520 1279 2580 tota
1301 2515 1352 2580 via

158 2615 284 2694 peregit
305 2614 475 2695 bucusque.
517 2615 560 2680 Et
585 2615 737 2696 magister
759 2634 830 2680 cum
852 2615 983 2681 consilio
1006 2615 1092 2696 regis
1115 2614 1244 2694 resedit,
1267 2615 1353 2696 quod

160 2715 192 2778 iu
214 2716 306 2781 factis
328 2716 473 2781 veritatis
497 2721 530 2782 et
551 2718 617 2781 suia
639 2734 738 2798 usque
760 2717 931 2782 adventum
959 2716 1045 2797 regis
1066 2715 1251 2796 Hungariae
1271 2714 1351 2780 nihil

160 2820 305 2881 attentet.
339 2815 419 2893 Quia
441 2816 473 2879 in
495 2815 587 2882 factis
610 2816 733 2882 concilii
756 2817 834 2882 nibil
856 2816 959 2882 adhuc
974 2822 1024 2882 est
1045 2816 1215 2897 inceptum,
1237 2821 1272 2880 et
1293 2834 1352 2881 nec

160 2917 265 2998 aliqua
282 2917 414 2998 alicujus
435 2917 522 2997 regis
537 2918 587 2983 vel
603 2917 756 3000 principis
775 2919 862 2984 venit
882 2917 1081 2994 ambassiata,
1103 2934 1162 2981 nec
1178 2933 1236 2998 pro
1258 2922 1350 2998 parte

161 3016 365 3098 Gregoriivel
379 3016 543 3082 Benedicti
562 3018 611 3081 vel
629 3036 736 3083 eorum
751 3018 1014 3084 ambassiatarum
1026 3015 1129 3081 adhuc
1145 3015 1264 3097 aliquid
1273 3016 1355 3080 certi

161 3118 304 3198 auditur,
335 3126 369 3183 et
395 3138 453 3184 nec
480 3136 645 3200 speramus
674 3118 777 3184 adhuc
807 3119 839 3182 in
866 3117 988 3199 aliquot
1014 3116 1201 3198 septimanis
1230 3115 1355 3189 concilii

163 3218 295 3284 initium.
334 3219 458 3299 Sciatis,
480 3228 514 3284 ct
535 3219 598 3284 illis
619 3219 725 3299 dicite,
750 3219 824 3300 quia
845 3236 954 3283 ornnes
977 3216 1190 3300 personaliter
1211 3215 1302 3281 citati
1323 3220 1357 3280 et

163 3320 276 3400 ceteri,
305 3326 340 3384 ut
368 3321 480 3399 scitur,
511 3321 543 3384 iu
564 3320 655 3403 ostiis
683 3325 716 3385 et
737 3319 836 3384 valvis
858 3318 1065 3384 ecclesiarum
1086 3315 1212 3399 publice
1235 3314 1357 3381 denun-

163 3421 291 3500 tiantur,
321 3429 359 3485 ut
380 3421 440 3484 sibi
463 3420 629 3485 videantur
657 3422 755 3500 (sic);
778 3426 811 3484 et
832 3418 968 3495 Michael
990 3418 1030 3482 de
1052 3416 1164 3482 Causis
1186 3416 1285 3498 rycne
1302 3413 1357 3496 **)

164 3519 331 3585 llicitlacta
349 3537 414 3584 sua.
428 3519 465 3583 Ι).
477 3519 617 3584 loannes
628 3520 741 3601 chlra
763 3527 795 3584 et
808 3519 844 3583 D.
858 3519 1065 3583 Wenccslaus
1087 3517 1128 3581 de
1140 3516 1259 3581 Lestna
1281 3522 1358 3580 sunt

165 3620 297 3702 intepidi
311 3628 344 3685 et
355 3621 492 3702 zelotypi
505 3627 703 3701 promotores
716 3627 749 3685 et
763 3626 964 3702 protectores
976 3618 1130 3682 veritatis.
1152 3616 1311 3699 Scriptum
1325 3616 1358 3680 in

165 3720 359 3800 Constantia,
382 3721 513 3785 sabbato
537 3721 678 3800 proximo
700 3726 775 3784 aute
797 3720 936 3784 Martini.
963 3720 1049 3783 duca
1070 3715 1209 3781 nondum
1232 3722 1283 3780 est
1305 3734 1358 3781 as-

166 3827 249 3899 sata,
279 3839 338 3884 nec
361 3820 452 3884 timet
473 3819 513 3884 de
536 3821 712 3898 assatione,
741 3819 814 3901 quia
835 3819 998 3901 praesenti
1021 3832 1103 3883 anno
1127 3815 1258 3880 sabbato
1282 3822 1356 3881 ante

167 3919 296 3984 blartini
324 3920 439 3984 festum
466 3919 565 4001 ipsius
598 3920 737 3985 occurrit
769 3919 905 3985 celebris
929 3918 1052 3999 vigilia,
1085 3916 1139 3981 ubi
1173 3934 1270 3981 aucae
1293 3932 1355 3980 nou

166 4019 382 4085 comeduntur.

267 4137 295 4188 E
313 4136 374 4188 MS.
395 4136 522 4189 Mludctr.
538 4155 566 4205 p.
585 4137 628 4188 27.

267 4219 321 4274 Ed.
340 4220 369 4271 in
387 4220 441 4286 Ep.
458 4235 488 4287 p.
509 4220 536 4272 0.
556 4219 582 4272 4.
603 4222 674 4288 (ipp-
696 4219 766 4281 llio,
787 4221 810 4272 Ι.
828 4220 868 4271 58
885 4228 910 4270 et
932 4217 971 4271 73.
1011 4217 1107 4286 Ilddir
1128 4217 1152 4282 1,
1174 4216 1226 4269 1:50
