<?xml version="1.0" encoding="UTF-8"?>
<!DOCTYPE html PUBLIC "-//W3C//DTD XHTML 1.0 Transitional//EN"
    "http://www.w3.org/TR/xhtml1/DTD/xhtml1-transitional.dtd">
<html xmlns="http://www.w3.org/1999/xhtml" xml:lang="en" lang="en">
 <head>
  <title>
</title>
<meta http-equiv="Content-Type" content="text/html;charset=utf-8" />
  <meta name='ocr-system' content='tesseract 3.04.00' />
  <meta name='ocr-capabilities' content='ocr_page ocr_carea ocr_par ocr_line ocrx_word'/>
</head>
<body>
  <div class='ocr_page' id='page_1' title='image "./documentamagjoa00palagoog_0490.png"; bbox 0 0 2992 5258; ppageno 0'>
   <div class='ocr_carea' id='block_1_1' title="bbox 340 434 1283 507">
    <p class='ocr_par' dir='ltr' id='par_1_1' title="bbox 340 434 1283 507">
     <span class='ocr_line' id='line_1_1' title="bbox 340 434 1283 507; baseline 0.003 -16"><span class='ocrx_word' id='word_1_1' title='bbox 340 438 382 491; x_wconf 79' lang='lat' dir='ltr'>bo.</span> <span class='ocrx_word' id='word_1_2' title='bbox 416 434 611 491; x_wconf 84' lang='lat' dir='ltr'>Condemnatio</span> <span class='ocrx_word' id='word_1_3' title='bbox 627 435 750 492; x_wconf 83' lang='lat' dir='ltr'>Romana</span> <span class='ocrx_word' id='word_1_4' title='bbox 767 435 897 492; x_wconf 90' lang='lat' dir='ltr'>librorum</span> <span class='ocrx_word' id='word_1_5' title='bbox 914 434 1029 490; x_wconf 80' lang='lat' dir='ltr'>wiclefi.</span> <span class='ocrx_word' id='word_1_6' title='bbox 1221 440 1283 507; x_wconf 82' lang='grc'>469</span> 
     </span>
    </p>
   </div>
   <div class='ocr_carea' id='block_1_2' title="bbox 81 639 1284 2342">
    <p class='ocr_par' dir='ltr' id='par_1_2' title="bbox 81 639 1284 1740">
     <span class='ocr_line' id='line_1_2' title="bbox 86 639 1282 722; baseline -0.004 -13"><span class='ocrx_word' id='word_1_7' title='bbox 86 646 140 709; x_wconf 94' lang='lat' dir='ltr'>aut</span> <span class='ocrx_word' id='word_1_8' title='bbox 162 640 332 706; x_wconf 85' lang='lat' dir='ltr'>intitulatis</span> <span class='ocrx_word' id='word_1_9' title='bbox 359 640 483 721; x_wconf 84' lang='lat' dir='ltr'>legere,</span> <span class='ocrx_word' id='word_1_10' title='bbox 517 658 679 722; x_wconf 80' lang='lat' dir='ltr'>exponere</span> <span class='ocrx_word' id='word_1_11' title='bbox 709 642 759 706; x_wconf 88' lang='lat' dir='ltr'>vel</span> <span class='ocrx_word' id='word_1_12' title='bbox 781 641 896 707; x_wconf 91' lang='lat' dir='ltr'>docere</span> <span class='ocrx_word' id='word_1_13' title='bbox 919 641 969 706; x_wconf 88' lang='lat' dir='ltr'>vel</span> <span class='ocrx_word' id='word_1_14' title='bbox 992 646 1119 718; x_wconf 90' lang='lat' dir='ltr'>tenere,</span> <span class='ocrx_word' id='word_1_15' title='bbox 1143 646 1198 705; x_wconf 90' lang='lat' dir='ltr'>aut</span> <span class='ocrx_word' id='word_1_16' title='bbox 1220 639 1282 704; x_wconf 94' lang='lat' dir='ltr'>illis</span> 
     </span>
     <span class='ocr_line' id='line_1_3' title="bbox 85 740 1282 827; baseline 0.003 -17"><span class='ocrx_word' id='word_1_17' title='bbox 85 762 122 810; x_wconf 91' lang='lat' dir='ltr'>ac</span> <span class='ocrx_word' id='word_1_18' title='bbox 145 743 272 808; x_wconf 91' lang='lat' dir='ltr'>uomiue</span> <span class='ocrx_word' id='word_1_19' title='bbox 294 748 328 807; x_wconf 90' lang='lat' dir='ltr'>et</span> <span class='ocrx_word' id='word_1_20' title='bbox 349 746 480 806; x_wconf 90' lang='lat' dir='ltr'>auctore</span> <span class='ocrx_word' id='word_1_21' title='bbox 502 741 556 806; x_wconf 89' lang='lat' dir='ltr'>illo</span> <span class='ocrx_word' id='word_1_22' title='bbox 580 740 696 807; x_wconf 86' lang='lat' dir='ltr'>Wiclef</span> <span class='ocrx_word' id='word_1_23' title='bbox 709 743 764 823; x_wconf 91' lang='lat' dir='ltr'>uti,</span> <span class='ocrx_word' id='word_1_24' title='bbox 787 741 946 808; x_wconf 88' lang='lat' dir='ltr'>velillum</span> <span class='ocrx_word' id='word_1_25' title='bbox 969 751 1005 808; x_wconf 93' lang='lat' dir='ltr'>ut</span> <span class='ocrx_word' id='word_1_26' title='bbox 1026 749 1198 827; x_wconf 82' lang='lat' dir='ltr'>auctorem,</span> <span class='ocrx_word' id='word_1_27' title='bbox 1221 748 1282 813; x_wconf 86' lang='lat' dir='ltr'>uisi</span> 
     </span>
     <span class='ocr_line' id='line_1_4' title="bbox 85 843 1284 927; baseline 0.003 -15"><span class='ocrx_word' id='word_1_28' title='bbox 85 845 170 912; x_wconf 81' lang='lat' dir='ltr'>forte</span> <span class='ocrx_word' id='word_1_29' title='bbox 191 845 223 910; x_wconf 94' lang='lat' dir='ltr'>iu</span> <span class='ocrx_word' id='word_1_30' title='bbox 243 845 372 911; x_wconf 90' lang='lat' dir='ltr'>illorum</span> <span class='ocrx_word' id='word_1_31' title='bbox 394 843 660 925; x_wconf 84' lang='lat' dir='ltr'>reprobationem,</span> <span class='ocrx_word' id='word_1_32' title='bbox 686 844 827 925; x_wconf 83' lang='lat' dir='ltr'>allegare</span> <span class='ocrx_word' id='word_1_33' title='bbox 847 845 974 927; x_wconf 91' lang='lat' dir='ltr'>publice</span> <span class='ocrx_word' id='word_1_34' title='bbox 1000 846 1049 911; x_wconf 88' lang='lat' dir='ltr'>vel</span> <span class='ocrx_word' id='word_1_35' title='bbox 1072 848 1204 912; x_wconf 90' lang='lat' dir='ltr'>occulte.</span> <span class='ocrx_word' id='word_1_36' title='bbox 1240 849 1284 916; x_wconf 87' lang='lat' dir='ltr'>Et</span> 
     </span>
     <span class='ocr_line' id='line_1_5' title="bbox 86 944 1281 1028; baseline 0.003 -17"><span class='ocrx_word' id='word_1_37' title='bbox 86 954 121 1014; x_wconf 92' lang='lat' dir='ltr'>ut</span> <span class='ocrx_word' id='word_1_38' title='bbox 150 945 190 1012; x_wconf 91' lang='lat' dir='ltr'>de</span> <span class='ocrx_word' id='word_1_39' title='bbox 222 945 326 1010; x_wconf 90' lang='lat' dir='ltr'>medio</span> <span class='ocrx_word' id='word_1_40' title='bbox 350 944 505 1011; x_wconf 90' lang='lat' dir='ltr'>ecclesiae</span> <span class='ocrx_word' id='word_1_41' title='bbox 527 945 582 1010; x_wconf 88' lang='lat' dir='ltr'>illa</span> <span class='ocrx_word' id='word_1_42' title='bbox 607 946 800 1027; x_wconf 86' lang='lat' dir='ltr'>periculosa,</span> <span class='ocrx_word' id='word_1_43' title='bbox 832 947 1037 1028; x_wconf 83' lang='lat' dir='ltr'>spurcIssima</span> <span class='ocrx_word' id='word_1_44' title='bbox 1058 947 1204 1013; x_wconf 91' lang='lat' dir='ltr'>doctrina</span> <span class='ocrx_word' id='word_1_45' title='bbox 1226 950 1281 1015; x_wconf 93' lang='lat' dir='ltr'>eli-</span> 
     </span>
     <span class='ocr_line' id='line_1_6' title="bbox 83 1046 1281 1130; baseline -0.001 -15"><span class='ocrx_word' id='word_1_46' title='bbox 83 1050 237 1127; x_wconf 79' lang='lat' dir='ltr'>minetur,</span> <span class='ocrx_word' id='word_1_47' title='bbox 261 1047 388 1113; x_wconf 93' lang='lat' dir='ltr'>omuino</span> <span class='ocrx_word' id='word_1_48' title='bbox 408 1046 555 1128; x_wconf 89' lang='lat' dir='ltr'>jubemus</span> <span class='ocrx_word' id='word_1_49' title='bbox 578 1066 636 1130; x_wconf 91' lang='lat' dir='ltr'>per</span> <span class='ocrx_word' id='word_1_50' title='bbox 658 1048 799 1113; x_wconf 90' lang='lat' dir='ltr'>locorum</span> <span class='ocrx_word' id='word_1_51' title='bbox 821 1046 1008 1129; x_wconf 89' lang='lat' dir='ltr'>ordinarios,</span> <span class='ocrx_word' id='word_1_52' title='bbox 1032 1049 1140 1128; x_wconf 87' lang='lat' dir='ltr'>libros,</span> <span class='ocrx_word' id='word_1_53' title='bbox 1164 1055 1281 1115; x_wconf 87' lang='lat' dir='ltr'>tracta·</span> 
     </span>
     <span class='ocr_line' id='line_1_7' title="bbox 84 1146 1279 1233; baseline -0.003 -17"><span class='ocrx_word' id='word_1_54' title='bbox 84 1158 136 1216; x_wconf 85' lang='lat' dir='ltr'>tus</span> <span class='ocrx_word' id='word_1_55' title='bbox 159 1154 192 1216; x_wconf 88' lang='lat' dir='ltr'>et</span> <span class='ocrx_word' id='word_1_56' title='bbox 214 1148 366 1232; x_wconf 88' lang='lat' dir='ltr'>opuscula</span> <span class='ocrx_word' id='word_1_57' title='bbox 389 1146 570 1230; x_wconf 90' lang='lat' dir='ltr'>hujusmodi</span> <span class='ocrx_word' id='word_1_58' title='bbox 600 1148 694 1214; x_wconf 92' lang='lat' dir='ltr'>etiam</span> <span class='ocrx_word' id='word_1_59' title='bbox 716 1149 907 1215; x_wconf 90' lang='lat' dir='ltr'>auctoritato</span> <span class='ocrx_word' id='word_1_60' title='bbox 930 1149 1105 1231; x_wconf 88' lang='lat' dir='ltr'>apostolica</span> <span class='ocrx_word' id='word_1_61' title='bbox 1126 1169 1185 1233; x_wconf 93' lang='lat' dir='ltr'>per</span> <span class='ocrx_word' id='word_1_62' title='bbox 1207 1168 1279 1215; x_wconf 90' lang='lat' dir='ltr'>cen-</span> 
     </span>
     <span class='ocr_line' id='line_1_8' title="bbox 82 1248 1280 1333; baseline -0.001 -16"><span class='ocrx_word' id='word_1_63' title='bbox 82 1270 190 1317; x_wconf 91' lang='lat' dir='ltr'>suram</span> <span class='ocrx_word' id='word_1_64' title='bbox 224 1248 488 1325; x_wconf 83' lang='lat' dir='ltr'>ecclesiasticam,</span> <span class='ocrx_word' id='word_1_65' title='bbox 516 1250 610 1315; x_wconf 86' lang='lat' dir='ltr'>etiem</span> <span class='ocrx_word' id='word_1_66' title='bbox 648 1251 675 1315; x_wconf 91' lang='lat' dir='ltr'>si</span> <span class='ocrx_word' id='word_1_67' title='bbox 697 1250 739 1315; x_wconf 92' lang='lat' dir='ltr'>sit</span> <span class='ocrx_word' id='word_1_68' title='bbox 761 1268 841 1332; x_wconf 90' lang='lat' dir='ltr'>opus</span> <span class='ocrx_word' id='word_1_69' title='bbox 864 1268 934 1315; x_wconf 93' lang='lat' dir='ltr'>cum</span> <span class='ocrx_word' id='word_1_70' title='bbox 956 1250 1135 1333; x_wconf 74' lang='lat' dir='ltr'>adJectioue</span> <span class='ocrx_word' id='word_1_71' title='bbox 1158 1268 1280 1333; x_wconf 89' lang='lat' dir='ltr'>poenae</span> 
     </span>
     <span class='ocr_line' id='line_1_9' title="bbox 81 1349 1279 1435; baseline -0.002 -17"><span class='ocrx_word' id='word_1_72' title='bbox 81 1350 238 1418; x_wconf 73' lang='lat' dir='ltr'>tentoriae</span> <span class='ocrx_word' id='word_1_73' title='bbox 260 1350 414 1431; x_wconf 79' lang='lat' dir='ltr'>haeresia,</span> <span class='ocrx_word' id='word_1_74' title='bbox 440 1349 611 1432; x_wconf 81' lang='lat' dir='ltr'>diligenter</span> <span class='ocrx_word' id='word_1_75' title='bbox 632 1350 759 1433; x_wconf 88' lang='lat' dir='ltr'>inquiri,</span> <span class='ocrx_word' id='word_1_76' title='bbox 773 1357 817 1417; x_wconf 89' lang='lat' dir='ltr'>-et</span> <span class='ocrx_word' id='word_1_77' title='bbox 838 1354 983 1434; x_wconf 89' lang='lat' dir='ltr'>repertas</span> <span class='ocrx_word' id='word_1_78' title='bbox 1006 1351 1132 1433; x_wconf 84' lang='lat' dir='ltr'>ignibus</span> <span class='ocrx_word' id='word_1_79' title='bbox 1154 1352 1279 1435; x_wconf 90' lang='lat' dir='ltr'>publice</span> 
     </span>
     <span class='ocr_line' id='line_1_10' title="bbox 83 1451 1281 1535; baseline 0.001 -16"><span class='ocrx_word' id='word_1_80' title='bbox 83 1452 289 1520; x_wconf 89' lang='lat' dir='ltr'>concremari.</span> <span class='ocrx_word' id='word_1_81' title='bbox 333 1451 366 1518; x_wconf 85' lang='lat' dir='ltr'>si</span> <span class='ocrx_word' id='word_1_82' title='bbox 396 1453 466 1534; x_wconf 91' lang='lat' dir='ltr'>quis</span> <span class='ocrx_word' id='word_1_83' title='bbox 489 1458 595 1518; x_wconf 89' lang='lat' dir='ltr'>autem</span> <span class='ocrx_word' id='word_1_84' title='bbox 617 1453 710 1535; x_wconf 88' lang='lat' dir='ltr'>hujus</span> <span class='ocrx_word' id='word_1_85' title='bbox 738 1452 916 1518; x_wconf 90' lang='lat' dir='ltr'>sententiae</span> <span class='ocrx_word' id='word_1_86' title='bbox 938 1452 1137 1518; x_wconf 88' lang='lat' dir='ltr'>inhibitionis</span> <span class='ocrx_word' id='word_1_87' title='bbox 1160 1451 1281 1520; x_wconf 86' lang='lat' dir='ltr'>decreti</span> 
     </span>
     <span class='ocr_line' id='line_1_11' title="bbox 82 1551 1278 1639; baseline -0.001 -19"><span class='ocrx_word' id='word_1_88' title='bbox 82 1558 139 1620; x_wconf 86' lang='lat' dir='ltr'>aut</span> <span class='ocrx_word' id='word_1_89' title='bbox 164 1551 318 1636; x_wconf 81' lang='lat' dir='ltr'>jussiouIs</span> <span class='ocrx_word' id='word_1_90' title='bbox 350 1553 484 1619; x_wconf 81' lang='lat' dir='ltr'>violator</span> <span class='ocrx_word' id='word_1_91' title='bbox 510 1570 547 1618; x_wconf 89' lang='lat' dir='ltr'>ac</span> <span class='ocrx_word' id='word_1_92' title='bbox 569 1558 748 1618; x_wconf 90' lang='lat' dir='ltr'>contemtor</span> <span class='ocrx_word' id='word_1_93' title='bbox 770 1553 947 1635; x_wconf 83' lang='lat' dir='ltr'>exstiterit,</span> <span class='ocrx_word' id='word_1_94' title='bbox 976 1553 1144 1618; x_wconf 87' lang='lat' dir='ltr'>statuimus</span> <span class='ocrx_word' id='word_1_95' title='bbox 1167 1554 1278 1639; x_wconf 86' lang='lat' dir='ltr'>epdem</span> 
     </span>
     <span class='ocr_line' id='line_1_12' title="bbox 82 1653 1281 1740; baseline -0.003 -18"><span class='ocrx_word' id='word_1_96' title='bbox 82 1656 282 1740; x_wconf 82' lang='lat' dir='ltr'>approbante</span> <span class='ocrx_word' id='word_1_97' title='bbox 298 1654 430 1720; x_wconf 91' lang='lat' dir='ltr'>concilio</span> <span class='ocrx_word' id='word_1_98' title='bbox 453 1659 563 1720; x_wconf 87' lang='lat' dir='ltr'>contra</span> <span class='ocrx_word' id='word_1_99' title='bbox 574 1655 679 1736; x_wconf 91' lang='lat' dir='ltr'>ipsum</span> <span class='ocrx_word' id='word_1_100' title='bbox 694 1653 792 1719; x_wconf 85' lang='lat' dir='ltr'>veluti</span> <span class='ocrx_word' id='word_1_101' title='bbox 815 1658 997 1736; x_wconf 88' lang='lat' dir='ltr'>suspectum</span> <span class='ocrx_word' id='word_1_102' title='bbox 1010 1654 1049 1719; x_wconf 90' lang='lat' dir='ltr'>de</span> <span class='ocrx_word' id='word_1_103' title='bbox 1062 1653 1123 1719; x_wconf 86' lang='lat' dir='ltr'>tide</span> <span class='ocrx_word' id='word_1_104' title='bbox 1139 1654 1281 1739; x_wconf 90' lang='lat' dir='ltr'>procedi.</span> 
     </span>
    </p>

    <p class='ocr_par' dir='ltr' id='par_1_3' title="bbox 82 1754 1282 2342">
     <span class='ocr_line' id='line_1_13' title="bbox 183 1754 1280 1839; baseline 0 -18"><span class='ocrx_word' id='word_1_105' title='bbox 183 1754 349 1821; x_wconf 87' lang='lat' dir='ltr'>Mouemus</span> <span class='ocrx_word' id='word_1_106' title='bbox 374 1755 505 1838; x_wconf 91' lang='lat' dir='ltr'>iusuper</span> <span class='ocrx_word' id='word_1_107' title='bbox 527 1755 718 1821; x_wconf 87' lang='lat' dir='ltr'>anctoritate</span> <span class='ocrx_word' id='word_1_108' title='bbox 744 1755 918 1839; x_wconf 85' lang='lat' dir='ltr'>praemissa</span> <span class='ocrx_word' id='word_1_109' title='bbox 940 1773 1049 1822; x_wconf 88' lang='lat' dir='ltr'>omues</span> <span class='ocrx_word' id='word_1_110' title='bbox 1073 1762 1106 1821; x_wconf 89' lang='lat' dir='ltr'>et</span> <span class='ocrx_word' id='word_1_111' title='bbox 1128 1754 1280 1839; x_wconf 88' lang='lat' dir='ltr'>siugulos,</span> 
     </span>
     <span class='ocr_line' id='line_1_14' title="bbox 83 1855 1281 1941; baseline -0.001 -19"><span class='ocrx_word' id='word_1_112' title='bbox 83 1861 137 1941; x_wconf 86' lang='lat' dir='ltr'>qui</span> <span class='ocrx_word' id='word_1_113' title='bbox 168 1856 327 1924; x_wconf 83' lang='lat' dir='ltr'>volueriut</span> <span class='ocrx_word' id='word_1_114' title='bbox 355 1857 438 1921; x_wconf 91' lang='lat' dir='ltr'>tueri</span> <span class='ocrx_word' id='word_1_115' title='bbox 469 1856 651 1921; x_wconf 90' lang='lat' dir='ltr'>memoriam</span> <span class='ocrx_word' id='word_1_116' title='bbox 673 1855 758 1921; x_wconf 89' lang='lat' dir='ltr'>dicti&#39;</span> <span class='ocrx_word' id='word_1_117' title='bbox 771 1855 896 1935; x_wconf 84' lang='lat' dir='ltr'>Wiclef,</span> <span class='ocrx_word' id='word_1_118' title='bbox 928 1862 963 1922; x_wconf 91' lang='lat' dir='ltr'>ut</span> <span class='ocrx_word' id='word_1_119' title='bbox 985 1856 1068 1922; x_wconf 82' lang='lat' dir='ltr'>iutra</span> <span class='ocrx_word' id='word_1_120' title='bbox 1088 1855 1134 1922; x_wconf 86' lang='lat' dir='ltr'>IX</span> <span class='ocrx_word' id='word_1_121' title='bbox 1155 1874 1281 1922; x_wconf 89' lang='lat' dir='ltr'>meuses</span> 
     </span>
     <span class='ocr_line' id='line_1_15' title="bbox 82 1955 1281 2042; baseline -0.003 -16"><span class='ocrx_word' id='word_1_122' title='bbox 82 1960 225 2042; x_wconf 85' lang='lat' dir='ltr'>proxime</span> <span class='ocrx_word' id='word_1_123' title='bbox 247 1958 382 2037; x_wconf 88' lang='lat' dir='ltr'>futuros,</span> <span class='ocrx_word' id='word_1_124' title='bbox 405 1975 483 2039; x_wconf 88' lang='lat' dir='ltr'>quos</span> <span class='ocrx_word' id='word_1_125' title='bbox 499 1975 557 2039; x_wconf 95' lang='lat' dir='ltr'>pro</span> <span class='ocrx_word' id='word_1_126' title='bbox 573 1956 685 2040; x_wconf 93' lang='lat' dir='ltr'>primo,</span> <span class='ocrx_word' id='word_1_127' title='bbox 712 1955 851 2023; x_wconf 91' lang='lat' dir='ltr'>secundo</span> <span class='ocrx_word' id='word_1_128' title='bbox 874 1962 907 2023; x_wconf 88' lang='lat' dir='ltr'>et</span> <span class='ocrx_word' id='word_1_129' title='bbox 929 1958 1024 2023; x_wconf 89' lang='lat' dir='ltr'>tortio</span> <span class='ocrx_word' id='word_1_130' title='bbox 1047 1963 1142 2041; x_wconf 91' lang='lat' dir='ltr'>atque</span> <span class='ocrx_word' id='word_1_131' title='bbox 1157 1976 1281 2041; x_wconf 90' lang='lat' dir='ltr'>perem-</span> 
     </span>
     <span class='ocr_line' id='line_1_16' title="bbox 82 2058 1281 2142; baseline -0.003 -15"><span class='ocrx_word' id='word_1_132' title='bbox 82 2060 165 2127; x_wconf 80' lang='lat' dir='ltr'>torIo</span> <span class='ocrx_word' id='word_1_133' title='bbox 188 2058 324 2126; x_wconf 87' lang='lat' dir='ltr'>termino</span> <span class='ocrx_word' id='word_1_134' title='bbox 346 2059 563 2137; x_wconf 78' lang='lat' dir='ltr'>assigumrus,</span> <span class='ocrx_word' id='word_1_135' title='bbox 591 2065 795 2142; x_wconf 89' lang='lat' dir='ltr'>compareant</span> <span class='ocrx_word' id='word_1_136' title='bbox 817 2076 923 2125; x_wconf 89' lang='lat' dir='ltr'>coram</span> <span class='ocrx_word' id='word_1_137' title='bbox 945 2058 1021 2124; x_wconf 90' lang='lat' dir='ltr'>sede</span> <span class='ocrx_word' id='word_1_138' title='bbox 1044 2060 1220 2142; x_wconf 90' lang='lat' dir='ltr'>apostolica</span> <span class='ocrx_word' id='word_1_139' title='bbox 1234 2064 1281 2124; x_wconf 89' lang='lat' dir='ltr'>at·</span> 
     </span>
     <span class='ocr_line' id='line_1_17' title="bbox 82 2158 1282 2243; baseline 0 -17"><span class='ocrx_word' id='word_1_140' title='bbox 82 2179 144 2243; x_wconf 89' lang='lat' dir='ltr'>que</span> <span class='ocrx_word' id='word_1_141' title='bbox 173 2158 265 2224; x_wconf 91' lang='lat' dir='ltr'>uobis</span> <span class='ocrx_word' id='word_1_142' title='bbox 296 2159 346 2225; x_wconf 84' lang='lat' dir='ltr'>uel</span> <span class='ocrx_word' id='word_1_143' title='bbox 375 2165 486 2224; x_wconf 90' lang='lat' dir='ltr'>uostro</span> <span class='ocrx_word' id='word_1_144' title='bbox 515 2177 700 2225; x_wconf 87' lang='lat' dir='ltr'>successore</span> <span class='ocrx_word' id='word_1_145' title='bbox 733 2159 884 2225; x_wconf 88' lang='lat' dir='ltr'>cauouico</span> <span class='ocrx_word' id='word_1_146' title='bbox 906 2160 1061 2242; x_wconf 85' lang='lat' dir='ltr'>intrante,</span> <span class='ocrx_word' id='word_1_147' title='bbox 1095 2160 1145 2225; x_wconf 89' lang='lat' dir='ltr'>vel</span> <span class='ocrx_word' id='word_1_148' title='bbox 1167 2160 1200 2226; x_wconf 92' lang='lat' dir='ltr'>iu</span> <span class='ocrx_word' id='word_1_149' title='bbox 1221 2161 1282 2226; x_wconf 90' lang='lat' dir='ltr'>hoc</span> 
     </span>
     <span class='ocr_line' id='line_1_18' title="bbox 82 2260 1281 2342; baseline -0.001 -16"><span class='ocrx_word' id='word_1_150' title='bbox 82 2280 174 2329; x_wconf 89' lang='lat' dir='ltr'>sacro</span> <span class='ocrx_word' id='word_1_151' title='bbox 197 2261 330 2326; x_wconf 90' lang='lat' dir='ltr'>concilio</span> <span class='ocrx_word' id='word_1_152' title='bbox 354 2261 403 2325; x_wconf 84' lang='lat' dir='ltr'>vel</span> <span class='ocrx_word' id='word_1_153' title='bbox 425 2260 509 2339; x_wconf 88' lang='lat' dir='ltr'>alibi,</span> <span class='ocrx_word' id='word_1_154' title='bbox 535 2261 587 2326; x_wconf 89' lang='lat' dir='ltr'>ubi</span> <span class='ocrx_word' id='word_1_155' title='bbox 603 2262 783 2342; x_wconf 78' lang='lat' dir='ltr'>contigeret</span> <span class='ocrx_word' id='word_1_156' title='bbox 804 2279 861 2327; x_wconf 90' lang='lat' dir='ltr'>uos</span> <span class='ocrx_word' id='word_1_157' title='bbox 884 2262 934 2327; x_wconf 89' lang='lat' dir='ltr'>vel</span> <span class='ocrx_word' id='word_1_158' title='bbox 956 2278 1175 2328; x_wconf 86' lang='lat' dir='ltr'>successorem</span> <span class='ocrx_word' id='word_1_159' title='bbox 1189 2280 1281 2342; x_wconf 88' lang='lat' dir='ltr'>prae·</span> 
     </span>
    </p>
   </div>
   <div class='ocr_carea' id='block_1_3' title="bbox 82 2360 1377 2445">
    <p class='ocr_par' dir='ltr' id='par_1_4' title="bbox 82 2360 1377 2445">
     <span class='ocr_line' id='line_1_19' title="bbox 82 2360 1377 2445; baseline 0.001 -15"><span class='ocrx_word' id='word_1_160' title='bbox 82 2362 202 2430; x_wconf 88' lang='lat' dir='ltr'>dictum</span> <span class='ocrx_word' id='word_1_161' title='bbox 224 2360 375 2442; x_wconf 88' lang='lat' dir='ltr'>residere,</span> <span class='ocrx_word' id='word_1_162' title='bbox 403 2361 518 2427; x_wconf 90' lang='lat' dir='ltr'>dicturi</span> <span class='ocrx_word' id='word_1_163' title='bbox 534 2368 567 2428; x_wconf 88' lang='lat' dir='ltr'>et</span> <span class='ocrx_word' id='word_1_164' title='bbox 588 2362 757 2443; x_wconf 79' lang='lat' dir='ltr'>allegaturi</span> <span class='ocrx_word' id='word_1_165' title='bbox 767 2362 925 2445; x_wconf 79' lang='lat' dir='ltr'>¹quidquid</span> <span class='ocrx_word' id='word_1_166' title='bbox 948 2363 1116 2444; x_wconf 90' lang='lat' dir='ltr'>volueriut,</span> <span class='ocrx_word' id='word_1_167' title='bbox 1139 2380 1180 2426; x_wconf 89' lang='lat' dir='ltr'>ue</span> <span class='ocrx_word' id='word_1_168' title='bbox 1194 2362 1278 2428; x_wconf 93' lang='lat' dir='ltr'>idem</span> <span class='ocrx_word' id='word_1_169' title='bbox 1374 2427 1377 2431; x_wconf 85' lang='lat'>.</span> 
     </span>
    </p>
   </div>
   <div class='ocr_carea' id='block_1_4' title="bbox 82 2462 1281 2649">
    <p class='ocr_par' dir='ltr' id='par_1_5' title="bbox 82 2462 1281 2649">
     <span class='ocr_line' id='line_1_20' title="bbox 82 2462 1281 2547; baseline -0.005 -16"><span class='ocrx_word' id='word_1_170' title='bbox 82 2464 224 2531; x_wconf 84' lang='lat' dir='ltr'>Ioannes</span> <span class='ocrx_word' id='word_1_171' title='bbox 238 2462 356 2529; x_wconf 88' lang='lat' dir='ltr'>Wiclel</span> <span class='ocrx_word' id='word_1_172' title='bbox 367 2464 442 2530; x_wconf 89' lang='lat' dir='ltr'>licet</span> <span class='ocrx_word' id='word_1_173' title='bbox 464 2463 504 2530; x_wconf 88' lang='lat' dir='ltr'>ab</span> <span class='ocrx_word' id='word_1_174' title='bbox 519 2465 664 2529; x_wconf 88' lang='lat' dir='ltr'>humanis</span> <span class='ocrx_word' id='word_1_175' title='bbox 681 2472 811 2547; x_wconf 89' lang='lat' dir='ltr'>ereptus</span> <span class='ocrx_word' id='word_1_176' title='bbox 838 2464 878 2530; x_wconf 89' lang='lat' dir='ltr'>de</span> <span class='ocrx_word' id='word_1_177' title='bbox 893 2464 1019 2530; x_wconf 88' lang='lat' dir='ltr'>haeresi</span> <span class='ocrx_word' id='word_1_178' title='bbox 1043 2462 1281 2530; x_wconf 89' lang='lat' dir='ltr'>condemnetur.</span> 
     </span>
     <span class='ocr_line' id='line_1_21' title="bbox 83 2564 1281 2649; baseline -0.002 -17"><span class='ocrx_word' id='word_1_179' title='bbox 83 2566 200 2632; x_wconf 88' lang='lat' dir='ltr'>Datum</span> <span class='ocrx_word' id='word_1_180' title='bbox 211 2566 329 2631; x_wconf 88' lang='lat' dir='ltr'>Romae</span> <span class='ocrx_word' id='word_1_181' title='bbox 352 2565 436 2649; x_wconf 91' lang='lat' dir='ltr'>apud</span> <span class='ocrx_word' id='word_1_182' title='bbox 458 2564 488 2630; x_wconf 84' lang='lat' dir='ltr'>S.</span> <span class='ocrx_word' id='word_1_183' title='bbox 504 2568 632 2633; x_wconf 91' lang='lat' dir='ltr'>Petrum</span> <span class='ocrx_word' id='word_1_184' title='bbox 654 2583 692 2631; x_wconf 75' lang='lat' dir='ltr'>rc.</span> <span class='ocrx_word' id='word_1_185' title='bbox 718 2564 929 2649; x_wconf 80' lang='lat' dir='ltr'>Congregatis</span> <span class='ocrx_word' id='word_1_186' title='bbox 950 2583 988 2630; x_wconf 75' lang='lat' dir='ltr'>ac.</span> <span class='ocrx_word' id='word_1_187' title='bbox 1010 2565 1062 2631; x_wconf 92' lang='lat' dir='ltr'>dio</span> <span class='ocrx_word' id='word_1_188' title='bbox 1078 2565 1123 2630; x_wconf 91' lang='lat' dir='ltr'>VI</span> <span class='ocrx_word' id='word_1_189' title='bbox 1137 2565 1281 2632; x_wconf 83' lang='lat' dir='ltr'>Ianuarii</span> 
     </span>
    </p>
   </div>
   <div class='ocr_carea' id='block_1_5' title="bbox 83 2664 1281 2951">
    <p class='ocr_par' dir='ltr' id='par_1_6' title="bbox 83 2664 1281 2951">
     <span class='ocr_line' id='line_1_22' title="bbox 85 2664 1281 2752; baseline 0.003 -23"><span class='ocrx_word' id='word_1_190' title='bbox 85 2666 165 2747; x_wconf 78' lang='lat' dir='ltr'>(sic).</span> <span class='ocrx_word' id='word_1_191' title='bbox 188 2666 225 2730; x_wconf 93' lang='lat' dir='ltr'>lu</span> <span class='ocrx_word' id='word_1_192' title='bbox 247 2664 328 2731; x_wconf 85' lang='lat' dir='ltr'>festo</span> <span class='ocrx_word' id='word_1_193' title='bbox 336 2664 366 2732; x_wconf 84' lang='lat' dir='ltr'>S.</span> <span class='ocrx_word' id='word_1_194' title='bbox 382 2665 596 2732; x_wconf 88' lang='lat' dir='ltr'>Scholasticae</span> <span class='ocrx_word' id='word_1_195' title='bbox 606 2665 930 2752; x_wconf 59' lang='lat' dir='ltr'>virginislmuebrp</span> <span class='ocrx_word' id='word_1_196' title='bbox 954 2685 1036 2734; x_wconf 91' lang='lat' dir='ltr'>anuo</span> <span class='ocrx_word' id='word_1_197' title='bbox 1049 2665 1167 2732; x_wconf 92' lang='lat' dir='ltr'>domiui</span> <span class='ocrx_word' id='word_1_198' title='bbox 1181 2667 1281 2732; x_wconf 91' lang='lat' dir='ltr'>mille·</span> 
     </span>
     <span class='ocr_line' id='line_1_23' title="bbox 83 2766 1281 2852; baseline 0.002 -19"><span class='ocrx_word' id='word_1_199' title='bbox 83 2766 161 2833; x_wconf 89' lang='lat' dir='ltr'>simo</span> <span class='ocrx_word' id='word_1_200' title='bbox 196 2766 508 2850; x_wconf 81' lang='lat' dir='ltr'>quadringentesimo</span> <span class='ocrx_word' id='word_1_201' title='bbox 541 2768 632 2848; x_wconf 88' lang='lat' dir='ltr'>XIII,</span> <span class='ocrx_word' id='word_1_202' title='bbox 665 2768 725 2833; x_wconf 86' lang='lat' dir='ltr'>fuit</span> <span class='ocrx_word' id='word_1_203' title='bbox 757 2787 817 2852; x_wconf 91' lang='lat' dir='ltr'>per</span> <span class='ocrx_word' id='word_1_204' title='bbox 849 2788 899 2834; x_wconf 91' lang='lat' dir='ltr'>me</span> <span class='ocrx_word' id='word_1_205' title='bbox 930 2768 1104 2835; x_wconf 88' lang='lat' dir='ltr'>Gubertum</span> <span class='ocrx_word' id='word_1_206' title='bbox 1137 2769 1281 2851; x_wconf 85' lang='lat' dir='ltr'>praefata</span> 
     </span>
     <span class='ocr_line' id='line_1_24' title="bbox 85 2866 1029 2951; baseline 0.001 -18"><span class='ocrx_word' id='word_1_207' title='bbox 85 2866 196 2934; x_wconf 86' lang='lat' dir='ltr'>cedula</span> <span class='ocrx_word' id='word_1_208' title='bbox 219 2867 302 2934; x_wconf 90' lang='lat' dir='ltr'>lecta</span> <span class='ocrx_word' id='word_1_209' title='bbox 324 2874 356 2933; x_wconf 90' lang='lat' dir='ltr'>et</span> <span class='ocrx_word' id='word_1_210' title='bbox 379 2869 540 2950; x_wconf 91' lang='lat' dir='ltr'>publicata</span> <span class='ocrx_word' id='word_1_211' title='bbox 562 2876 595 2934; x_wconf 90' lang='lat' dir='ltr'>et</span> <span class='ocrx_word' id='word_1_212' title='bbox 616 2887 675 2951; x_wconf 92' lang='lat' dir='ltr'>per</span> <span class='ocrx_word' id='word_1_213' title='bbox 697 2887 807 2936; x_wconf 90' lang='lat' dir='ltr'>omues</span> <span class='ocrx_word' id='word_1_214' title='bbox 830 2869 1029 2936; x_wconf 85' lang='lat' dir='ltr'>concordata.</span> 
     </span>
    </p>
   </div>
   <div class='ocr_carea' id='block_1_6' title="bbox 663 3187 697 3254">
    <p class='ocr_par' dir='ltr' id='par_1_7' title="bbox 663 3187 697 3254">
     <span class='ocr_line' id='line_1_25' title="bbox 663 3187 697 3254; baseline -0.059 0"><span class='ocrx_word' id='word_1_215' title='bbox 663 3187 697 3254; x_wconf 89' lang='lat' dir='ltr'>B.</span> 
     </span>
    </p>
   </div>
   <div class='ocr_carea' id='block_1_7' title="bbox 273 3336 1089 3408">
    <p class='ocr_par' dir='ltr' id='par_1_8' title="bbox 273 3336 1089 3408">
     <span class='ocr_line' id='line_1_26' title="bbox 273 3336 1089 3408; baseline -0.002 -17"><span class='ocrx_word' id='word_1_216' title='bbox 273 3337 408 3401; x_wconf 79' lang='lat' dir='ltr'>„Literce</span> <span class='ocrx_word' id='word_1_217' title='bbox 425 3342 548 3408; x_wconf 73' lang='lat' dir='ltr'>scriptae</span> <span class='ocrx_word' id='word_1_218' title='bbox 565 3338 673 3392; x_wconf 79' lang='lat' dir='ltr'>doctori</span> <span class='ocrx_word' id='word_1_219' title='bbox 693 3338 813 3406; x_wconf 75' lang='lat' dir='ltr'>Georpr&#39;o</span> <span class='ocrx_word' id='word_1_220' title='bbox 832 3338 914 3390; x_wconf 83' lang='lat' dir='ltr'>Bora</span> <span class='ocrx_word' id='word_1_221' title='bbox 933 3336 1089 3406; x_wconf 75' lang='lat' dir='ltr'>Prapam.“</span> 
     </span>
    </p>
   </div>
   <div class='ocr_carea' id='block_1_8' title="bbox 81 3474 1280 4753">
    <p class='ocr_par' dir='ltr' id='par_1_9' title="bbox 81 3474 1280 4450">
     <span class='ocr_line' id='line_1_27' title="bbox 181 3474 1280 3557; baseline 0.005 -17"><span class='ocrx_word' id='word_1_222' title='bbox 181 3474 223 3540; x_wconf 87' lang='lat' dir='ltr'>Se</span> <span class='ocrx_word' id='word_1_223' title='bbox 245 3474 348 3555; x_wconf 89' lang='lat' dir='ltr'>ipsum</span> <span class='ocrx_word' id='word_1_224' title='bbox 370 3474 410 3539; x_wconf 87' lang='lat' dir='ltr'>ad</span> <span class='ocrx_word' id='word_1_225' title='bbox 433 3475 562 3556; x_wconf 88' lang='lat' dir='ltr'>quaevis</span> <span class='ocrx_word' id='word_1_226' title='bbox 585 3481 674 3557; x_wconf 82' lang='lat' dir='ltr'>vota,</span> <span class='ocrx_word' id='word_1_227' title='bbox 698 3475 824 3541; x_wconf 89' lang='lat' dir='ltr'>domiue</span> <span class='ocrx_word' id='word_1_228' title='bbox 846 3474 888 3540; x_wconf 93' lang='lat' dir='ltr'>mi</span> <span class='ocrx_word' id='word_1_229' title='bbox 911 3480 944 3541; x_wconf 89' lang='lat' dir='ltr'>et</span> <span class='ocrx_word' id='word_1_230' title='bbox 965 3475 1071 3541; x_wconf 86' lang='lat' dir='ltr'>fautor</span> <span class='ocrx_word' id='word_1_231' title='bbox 1093 3474 1280 3556; x_wconf 83' lang='lat' dir='ltr'>singularis·</span> 
     </span>
     <span class='ocr_line' id='line_1_28' title="bbox 83 3574 1279 3659; baseline -0.001 -17"><span class='ocrx_word' id='word_1_232' title='bbox 83 3576 180 3642; x_wconf 80' lang='lat' dir='ltr'>situel</span> <span class='ocrx_word' id='word_1_233' title='bbox 211 3575 401 3641; x_wconf 87' lang='lat' dir='ltr'>Pateruitati</span> <span class='ocrx_word' id='word_1_234' title='bbox 430 3577 564 3643; x_wconf 86' lang='lat' dir='ltr'>Vestrae</span> <span class='ocrx_word' id='word_1_235' title='bbox 595 3578 741 3644; x_wconf 89' lang='lat' dir='ltr'>solatium</span> <span class='ocrx_word' id='word_1_236' title='bbox 764 3596 910 3659; x_wconf 83' lang='lat' dir='ltr'>maguum</span> <span class='ocrx_word' id='word_1_237' title='bbox 938 3576 1093 3642; x_wconf 89' lang='lat' dir='ltr'>auuuutio</span> <span class='ocrx_word' id='word_1_238' title='bbox 1122 3574 1161 3641; x_wconf 91' lang='lat' dir='ltr'>de</span> <span class='ocrx_word' id='word_1_239' title='bbox 1183 3577 1279 3657; x_wconf 91' lang='lat' dir='ltr'>curia,</span> 
     </span>
     <span class='ocr_line' id='line_1_29' title="bbox 83 3676 1279 3762; baseline 0.003 -20"><span class='ocrx_word' id='word_1_240' title='bbox 83 3697 121 3742; x_wconf 78' lang='lat' dir='ltr'>ex</span> <span class='ocrx_word' id='word_1_241' title='bbox 144 3678 304 3759; x_wconf 83' lang='lat' dir='ltr'>generalis</span> <span class='ocrx_word' id='word_1_242' title='bbox 327 3679 593 3745; x_wconf 81' lang='lat' dir='ltr'>determinatione</span> <span class='ocrx_word' id='word_1_243' title='bbox 616 3678 740 3745; x_wconf 91' lang='lat' dir='ltr'>concilii</span> <span class='ocrx_word' id='word_1_244' title='bbox 764 3680 834 3762; x_wconf 92' lang='lat' dir='ltr'>ipso</span> <span class='ocrx_word' id='word_1_245' title='bbox 857 3678 909 3743; x_wconf 90' lang='lat' dir='ltr'>die</span> <span class='ocrx_word' id='word_1_246' title='bbox 924 3677 955 3744; x_wconf 81' lang='lat' dir='ltr'>S.</span> <span class='ocrx_word' id='word_1_247' title='bbox 979 3676 1279 3745; x_wconf 83' lang='lat' dir='ltr'>Scholasticaeaute</span> 
     </span>
     <span class='ocr_line' id='line_1_30' title="bbox 82 3779 1279 3862; baseline 0.005 -21"><span class='ocrx_word' id='word_1_248' title='bbox 82 3779 190 3845; x_wconf 84' lang='lat' dir='ltr'>valvas</span> <span class='ocrx_word' id='word_1_249' title='bbox 223 3779 372 3845; x_wconf 88' lang='lat' dir='ltr'>basilicae</span> <span class='ocrx_word' id='word_1_250' title='bbox 402 3780 555 3862; x_wconf 92' lang='lat' dir='ltr'>principis</span> <span class='ocrx_word' id='word_1_251' title='bbox 580 3780 796 3862; x_wconf 83' lang='lat' dir='ltr'>apostolorum</span> <span class='ocrx_word' id='word_1_252' title='bbox 828 3780 867 3844; x_wconf 91' lang='lat' dir='ltr'>de</span> <span class='ocrx_word' id='word_1_253' title='bbox 890 3779 969 3844; x_wconf 90' lang='lat' dir='ltr'>urbe</span> <span class='ocrx_word' id='word_1_254' title='bbox 995 3779 1093 3845; x_wconf 86' lang='lat' dir='ltr'>libros</span> <span class='ocrx_word' id='word_1_255' title='bbox 1116 3782 1279 3861; x_wconf 90' lang='lat' dir='ltr'>praetensi</span> 
     </span>
     <span class='ocr_line' id='line_1_31' title="bbox 81 3878 1279 3963; baseline 0 -18"><span class='ocrx_word' id='word_1_256' title='bbox 81 3878 217 3946; x_wconf 87' lang='lat' dir='ltr'>Ioannis</span> <span class='ocrx_word' id='word_1_257' title='bbox 246 3878 362 3945; x_wconf 89' lang='lat' dir='ltr'>Wiclel</span> <span class='ocrx_word' id='word_1_258' title='bbox 390 3880 631 3946; x_wconf 86' lang='lat' dir='ltr'>haeresiarchae</span> <span class='ocrx_word' id='word_1_259' title='bbox 665 3881 738 3963; x_wconf 77' lang='lat' dir='ltr'>igue</span> <span class='ocrx_word' id='word_1_260' title='bbox 772 3880 869 3947; x_wconf 85' lang='lat' dir='ltr'>luisse</span> <span class='ocrx_word' id='word_1_261' title='bbox 902 3886 1129 3946; x_wconf 91' lang='lat' dir='ltr'>concrematos.</span> <span class='ocrx_word' id='word_1_262' title='bbox 1174 3882 1279 3945; x_wconf 90' lang='lat' dir='ltr'>Primo</span> 
     </span>
     <span class='ocr_line' id='line_1_32' title="bbox 83 3978 1278 4063; baseline 0.001 -19"><span class='ocrx_word' id='word_1_263' title='bbox 83 3978 168 4045; x_wconf 91' lang='lat' dir='ltr'>euim</span> <span class='ocrx_word' id='word_1_264' title='bbox 193 3980 298 4063; x_wconf 89' lang='lat' dir='ltr'>ipsum</span> <span class='ocrx_word' id='word_1_265' title='bbox 331 3981 498 4046; x_wconf 90' lang='lat' dir='ltr'>concilium</span> <span class='ocrx_word' id='word_1_266' title='bbox 520 3981 741 4046; x_wconf 87' lang='lat' dir='ltr'>condemnauit</span> <span class='ocrx_word' id='word_1_267' title='bbox 771 3981 886 4061; x_wconf 92' lang='lat' dir='ltr'>libros,</span> <span class='ocrx_word' id='word_1_268' title='bbox 920 3981 1045 4045; x_wconf 92' lang='lat' dir='ltr'>demum</span> <span class='ocrx_word' id='word_1_269' title='bbox 1078 3981 1192 4047; x_wconf 87' lang='lat' dir='ltr'>statuit</span> <span class='ocrx_word' id='word_1_270' title='bbox 1214 3988 1278 4047; x_wconf 91' lang='lat' dir='ltr'>ter·</span> 
     </span>
     <span class='ocr_line' id='line_1_33' title="bbox 82 4080 1278 4162; baseline -0.002 -16"><span class='ocrx_word' id='word_1_271' title='bbox 82 4080 201 4146; x_wconf 89' lang='lat' dir='ltr'>minum</span> <span class='ocrx_word' id='word_1_272' title='bbox 243 4098 355 4146; x_wconf 85' lang='lat' dir='ltr'>uorem</span> <span class='ocrx_word' id='word_1_273' title='bbox 388 4083 543 4146; x_wconf 83' lang='lat' dir='ltr'>rueusium</span> <span class='ocrx_word' id='word_1_274' title='bbox 576 4082 721 4147; x_wconf 88' lang='lat' dir='ltr'>omuibus</span> <span class='ocrx_word' id='word_1_275' title='bbox 756 4090 788 4146; x_wconf 89' lang='lat' dir='ltr'>et</span> <span class='ocrx_word' id='word_1_276' title='bbox 821 4081 954 4162; x_wconf 79' lang='lat' dir='ltr'>siugulis</span> <span class='ocrx_word' id='word_1_277' title='bbox 987 4082 1169 4146; x_wconf 88' lang='lat' dir='ltr'>memoriam</span> <span class='ocrx_word' id='word_1_278' title='bbox 1203 4080 1278 4147; x_wconf 87' lang='lat' dir='ltr'>dicti</span> 
     </span>
     <span class='ocr_line' id='line_1_34' title="bbox 83 4180 1280 4264; baseline -0.001 -17"><span class='ocrx_word' id='word_1_279' title='bbox 83 4182 201 4247; x_wconf 86' lang='lat' dir='ltr'>Wiclef</span> <span class='ocrx_word' id='word_1_280' title='bbox 215 4183 369 4247; x_wconf 83' lang='lat' dir='ltr'>extollere</span> <span class='ocrx_word' id='word_1_281' title='bbox 385 4182 573 4263; x_wconf 84' lang='lat' dir='ltr'>volentibus,</span> <span class='ocrx_word' id='word_1_282' title='bbox 597 4180 679 4248; x_wconf 78' lang='lat' dir='ltr'>infra</span> <span class='ocrx_word' id='word_1_283' title='bbox 701 4203 794 4264; x_wconf 89' lang='lat' dir='ltr'>quem</span> <span class='ocrx_word' id='word_1_284' title='bbox 817 4184 984 4249; x_wconf 91' lang='lat' dir='ltr'>terminum</span> <span class='ocrx_word' id='word_1_285' title='bbox 1001 4183 1128 4247; x_wconf 86' lang='lat' dir='ltr'>valeant</span> <span class='ocrx_word' id='word_1_286' title='bbox 1144 4181 1176 4246; x_wconf 95' lang='lat' dir='ltr'>iu</span> <span class='ocrx_word' id='word_1_287' title='bbox 1192 4182 1280 4246; x_wconf 93' lang='lat' dir='ltr'>curia</span> 
     </span>
     <span class='ocr_line' id='line_1_35' title="bbox 82 4280 1278 4367; baseline -0.003 -20"><span class='ocrx_word' id='word_1_288' title='bbox 82 4280 224 4348; x_wconf 88' lang='lat' dir='ltr'>Romana</span> <span class='ocrx_word' id='word_1_289' title='bbox 253 4301 437 4367; x_wconf 88' lang='lat' dir='ltr'>comparere</span> <span class='ocrx_word' id='word_1_290' title='bbox 471 4289 503 4348; x_wconf 91' lang='lat' dir='ltr'>et</span> <span class='ocrx_word' id='word_1_291' title='bbox 533 4282 572 4348; x_wconf 94' lang='lat' dir='ltr'>de</span> <span class='ocrx_word' id='word_1_292' title='bbox 594 4283 670 4348; x_wconf 93' lang='lat' dir='ltr'>dicti</span> <span class='ocrx_word' id='word_1_293' title='bbox 692 4283 825 4349; x_wconf 89' lang='lat' dir='ltr'>Joauuis</span> <span class='ocrx_word' id='word_1_294' title='bbox 849 4282 965 4349; x_wconf 88' lang='lat' dir='ltr'>Wiclel</span> <span class='ocrx_word' id='word_1_295' title='bbox 984 4282 1184 4365; x_wconf 83' lang='lat' dir='ltr'>poenitentia</span> <span class='ocrx_word' id='word_1_296' title='bbox 1206 4282 1278 4366; x_wconf 79' lang='lat' dir='ltr'>(cic)</span> 
     </span>
     <span class='ocr_line' id='line_1_36' title="bbox 82 4382 209 4450; baseline -0.008 -2"><span class='ocrx_word' id='word_1_297' title='bbox 82 4382 209 4450; x_wconf 88' lang='lat' dir='ltr'>docere.</span> 
     </span>
    </p>

    <p class='ocr_par' dir='ltr' id='par_1_10' title="bbox 183 4485 1131 4567">
     <span class='ocr_line' id='line_1_37' title="bbox 183 4485 1131 4567; baseline 0.002 -19"><span class='ocrx_word' id='word_1_298' title='bbox 183 4485 252 4564; x_wconf 83' lang='lat' dir='ltr'>Ego</span> <span class='ocrx_word' id='word_1_299' title='bbox 276 4485 395 4550; x_wconf 85' lang='lat' dir='ltr'>Olauus</span> <span class='ocrx_word' id='word_1_300' title='bbox 418 4487 450 4550; x_wconf 95' lang='lat' dir='ltr'>iu</span> <span class='ocrx_word' id='word_1_301' title='bbox 473 4486 613 4551; x_wconf 85' lang='lat' dir='ltr'>Romana</span> <span class='ocrx_word' id='word_1_302' title='bbox 635 4487 724 4551; x_wconf 90' lang='lat' dir='ltr'>curia</span> <span class='ocrx_word' id='word_1_303' title='bbox 745 4504 912 4552; x_wconf 91' lang='lat' dir='ltr'>causarum</span> <span class='ocrx_word' id='word_1_304' title='bbox 934 4492 1131 4567; x_wconf 88' lang='lat' dir='ltr'>procurator.</span> 
     </span>
    </p>

    <p class='ocr_par' dir='ltr' id='par_1_11' title="bbox 82 4585 1280 4753">
     <span class='ocr_line' id='line_1_38' title="bbox 182 4585 1280 4671; baseline 0.003 -21"><span class='ocrx_word' id='word_1_305' title='bbox 182 4585 368 4651; x_wconf 90' lang='lat' dir='ltr'>Honorabili</span> <span class='ocrx_word' id='word_1_306' title='bbox 399 4587 601 4652; x_wconf 90' lang='lat' dir='ltr'>decretorum</span> <span class='ocrx_word' id='word_1_307' title='bbox 629 4586 753 4654; x_wconf 88' lang='lat' dir='ltr'>doctori</span> <span class='ocrx_word' id='word_1_308' title='bbox 780 4588 817 4652; x_wconf 88' lang='lat' dir='ltr'>D.</span> <span class='ocrx_word' id='word_1_309' title='bbox 848 4587 987 4669; x_wconf 85' lang='lat' dir='ltr'>Georgio</span> <span class='ocrx_word' id='word_1_310' title='bbox 1017 4586 1102 4653; x_wconf 90' lang='lat' dir='ltr'>Bora</span> <span class='ocrx_word' id='word_1_311' title='bbox 1122 4589 1155 4654; x_wconf 92' lang='lat' dir='ltr'>iu</span> <span class='ocrx_word' id='word_1_312' title='bbox 1178 4589 1280 4671; x_wconf 86' lang='lat' dir='ltr'>Praga</span> 
     </span>
     <span class='ocr_line' id='line_1_39' title="bbox 82 4684 238 4753; baseline 0 -3"><span class='ocrx_word' id='word_1_313' title='bbox 82 4684 177 4753; x_wconf 89' lang='lat' dir='ltr'>detur</span> <span class='ocrx_word' id='word_1_314' title='bbox 199 4703 238 4752; x_wconf 78' lang='grc' dir='ltr'>κ.</span> 
     </span>
    </p>
   </div>
   <div class='ocr_carea' id='block_1_9' title="bbox 580 4846 777 4857">
    <p class='ocr_par' dir='ltr' id='par_1_12' title="bbox 580 4846 777 4857">
     <span class='ocr_line' id='line_1_40' title="bbox 580 4846 777 4857; baseline 0.015 -3"><span class='ocrx_word' id='word_1_315' title='bbox 580 4846 777 4857; x_wconf 47' lang='lat' dir='ltr'>..w—w·-</span> 
     </span>
    </p>
   </div>
   <div class='ocr_carea' id='block_1_10' title="bbox 0 0 1500 5258">
    <p class='ocr_par' dir='ltr' id='par_1_13' title="bbox 0 0 1500 5258">
     <span class='ocr_line' id='line_1_41' title="bbox 0 0 1500 5258; baseline 0 0"><span class='ocrx_word' id='word_1_316' title='bbox 0 0 1500 5258; x_wconf 95' lang='lat' dir='ltr'> </span> 
     </span>
    </p>
   </div>
  </div>
 </body>
</html>
