2992 5258
347 428 389 479 83.
408 426 489 479 Cone.
502 426 695 495 Joanncrn'ep.
715 427 742 480 in
762 426 826 480 Boh.
845 428 912 481 mitt.
931 427 966 481 sd
983 427 1059 482 haer.
1077 432 1145 480 exst.
1285 428 1345 494 577
1377 497 1383 504 ἢ

147 629 324 695 tutionibus
346 629 530 712 apostolicis
552 633 585 694 11
606 628 677 694 aliis
700 630 869 695 contrariis
892 631 1140 711 quibuscunque,
1164 637 1220 695 111
1242 630 1269 695 si
1285 632 1342 696 ali·

148 731 264 811 quibus
287 732 496 797 communiter
528 730 577 794 vel
600 729 723 794 divisim
745 749 764 794 a
792 729 868 793 sede
890 731 1065 812 apostolica
1087 732 1130 795 sit
1152 749 1346 811 concessum5¹

149 830 235 913 quod
255 830 297 896 ad
319 832 535 914 receptionem
567 830 615 895 vel
639 830 851 911 provisionem
874 831 1006 912 alicujus
1028 832 1154 896 minime
1178 838 1348 897 teneantur

150 938 183 997 11
205 930 246 995 ad
268 930 301 994 id
322 931 485 1013 compelli,
518 937 574 996 aut
595 930 679 1012 quod
701 930 871 1018 1111111111,
887 933 1039 1014 suspendi
1061 934 1112 996 vel
1135 934 1345 999 excommuni-

110 1078 113 1083 -
151 1032 231 1111 cari,
266 1049 323 1096 seu
346 1032 501 1097 11111111
536 1039 626 1097 extra
658 1037 745 1097 certa
776 1032 846 1097 loca
868 1032 908 1097 ad
936 1032 1090 1113 Judicium
1127 1033 1256 1098 evocari
1284 1052 1346 1098 non

151 1134 276 1214 possint
299 1151 357 1214 per
373 1133 483 1197 literas
507 1132 699 1215 apostolicas
716 1150 776 1197 non
801 1131 953 1197 facientes
970 1134 1093 1216 plenam
1110 1140 1143 1197 11
1165 1152 1348 1215 expressam

151 1233 190 1297 de
224 1232 322 1297 verbo
344 1233 385 1296 ad
417 1234 547 1298 verbum
570 1233 609 1298 de
643 1231 766 1296 indulto
790 1232 968 1312 hujusmodi
1000 1234 1200 1298 mentionem.
1245 1234 1287 1298 Et
1309 1252 1348 1296 ne

152 1334 301 1399 executio
316 1335 532 1416 praesentium
547 1335 652 1415 aliquo
669 1352 745 1399 casu
767 1335 875 1399 lorsan
898 1335 1003 1400 valeat
1018 1335 1173 1417 impediri,
1198 1334 1348 1399 volumus.

152 1434 238 1516 quod
261 1435 288 1498 si
310 1433 392 1500 forte
425 1436 607 1502 incivitate
637 1435 687 1500 vel
720 1435 839 1501 diocesi
871 1436 1024 1516 Prageusi
1058 1442 1191 1518 propter
1213 1436 1348 1516 aliquem

152 1542 301 1601 eventum
324 1537 386 1601 ista
408 1537 574 1616 nequeatis
608 1543 677 1601 tute
700 1537 750 1600 vel
773 1536 934 1601 commode
958 1554 1126 1614 exercere,
1159 1536 1214 1601 illa
1236 1535 1348 1600 nihiln-

152 1638 258 1702 minus
291 1639 323 1701 in
346 1638 462 1703 vestris
496 1638 623 1703 civitate
648 1638 697 1704 111
732 1638 851 1703 diocesi
884 1637 1117 1718 Lutornyslensi
1141 1654 1197 1701 seu
1221 1636 1295 1700 alibi
1319 1636 1350 1698 in

153 1739 223 1804 loco
246 1738 349 1802 vicino
373 1737 498 1820 publico
523 1746 556 1805 et
577 1739 703 1820 insigni,
727 1740 779 1804 ubi
800 1738 962 1803 commodo
985 1745 1018 1803 11
1040 1744 1108 1802 tute
1130 1737 1200 1802 fieri
1223 1736 1352 1819 poterit.

154 1838 248 1903 etde
273 1856 334 1919 quo
357 1840 400 1904 sit
432 1839 612 1904 verisimilis
643 1841 841 1922 conjectura,
880 1836 963 1920 quod
986 1838 1025 1903 ad
1048 1838 1193 1903 notitiam
1216 1856 1273 1919 per
1296 1855 1351 1902 vos

154 1937 353 2004 uitandorum
377 1956 433 2002 seu
456 1941 684 2006 ruonendorum
714 1947 747 2005 11
769 1959 847 2021 quos
871 1957 1040 2021 processus
1062 1939 1159 2004 vestri
1183 1955 1280 2018 super·
1303 1937 1352 2000 his

156 2039 293 2104 habendi
310 2049 511 2120 concerneut,
530 2060 588 2123 per
611 2041 747 2107 edictum
764 2041 922 2122 publicum
938 2039 1040 2120 portis
1054 2037 1182 2119 majoris
1198 2039 1351 2104 ecclesiae

154 2140 256 2223 ipsius
281 2141 342 2206 loci
378 2140 570 2222 affigendum
594 2143 698 2206 valeat
720 2142 899 2224 pervenire,
935 2139 1128 2221 exsequendi
1161 2140 1287 2220 plenam
1320 2145 1353 2202 11

153 2241 287 2307 liberam
308 2242 510 2307 concedimus
539 2249 651 2308 tenore
681 2243 897 2327 praesentium
920 2241 1113 2319 facultatem,
1137 2246 1170 2304 et
1191 2239 1350 2304 nihilomi-

155 2360 225 2422 nus,
249 2343 333 2425 quod
356 2361 527 2427 processus
549 2344 610 2426 ipsi
633 2344 760 2409 eosdem
785 2342 957 2407 monendos
981 2361 1037 2406 seu
1060 2331 1203 2406 citandos
1227 2347 1259 2404 et
1274 2356 1353 2420 quos

156 2449 361 2524 concernent
386 2451 421 2508 11
435 2444 626 2527 praefertur,
649 2442 781 2526 perinde
796 2450 942 2508 11111111
966 2441 1195 2523 (1111111111
1218 2441 1353 2505 luissent

157 2543 416 2625 praesentialiter
439 2550 471 2608 11
493 2544 707 2626 personaliter
729 2544 874 2608 intimati.
898 2543 969 2607 Dat.
994 2540 1217 2619 Constantios,
1240 2541 1271 2604 11
1292 2540 1354 2604 kal.

155 2643 365 2726 Septembris
389 2662 471 2708 anno
493 2666 511 2710 a
535 2646 701 2711 1111111111
717 2645 835 2709 domini
858 2642 1065 2721 dccccxv,
1088 2639 1264 2724 apostolica
1279 2640 1354 2706 sede

156 2752 300 2810 vacante.
