2992 5258
319 445 360 501 Ἀ
395 443 515 501 Oddonis
532 444 566 501 de
585 444 715 501 columna
732 445 828 501 literae
846 444 881 500 ad
898 444 1070 516 Zbgncoaem
1088 444 1178 501 datae.
1284 451 1348 516 405

152 653 190 713 sd
216 651 356 726 populum
382 651 563 725 praedicauit
591 656 620 711 et
646 650 785 725 populum
812 651 936 710 eundem
963 653 993 711 in
1015 650 1199 712 multitudiue
1222 652 1345 727 copiosa

151 754 261 814 ibidem
283 760 490 827 congregatum
512 751 708 812 diversimode
730 750 904 822 inducendo,
926 753 983 811 imo
1000 753 1097 812 verius
1126 753 1294 814 seducendo
1317 762 1349 815 et

154 852 351 914 confortando
383 854 413 913 in
447 853 532 912 dictis
565 853 699 912 erroneis
731 852 926 925 opinionibus,
959 860 1048 926 prout
1078 851 1218 914 hactenus
1253 853 1350 915 lacere
1469 850 1476 879 '

153 956 315 1028 consuerit,
345 953 419 1014 dixit
450 952 529 1012 inter
556 953 615 1012 alia
643 953 672 1011 in
701 951 808 1011 ellectu
837 952 874 1011 ad
898 952 1038 1028 populum
1058 958 1127 1013 tnnc
1148 953 1258 1013 ibidem
1280 970 1350 1015 cou-

152 1061 304 1132 gregatum
332 1056 362 1114 iu
390 1053 502 1127 vulgari
531 1053 700 1112 Bohemioo:
736 1053 814 1113 Ecce
843 1058 920 1126 papa
949 1070 1043 1126 nuper
1064 1053 1219 1114 defunctus
1242 1052 1348 1136 (deuo-

152 1157 242 1217 taudo
270 1157 365 1217 bonae
395 1154 551 1214 memoriae
573 1153 608 1212 Ι).
632 1153 830 1212 Alexandrum
856 1170 962 1228 papam
986 1155 1023 1229 V)
1058 1155 1162 1215 scribit
1192 1156 1222 1215 iu
1254 1154 1349 1217 literis

153 1258 213 1317 suis
248 1256 472 1331 archiepiscopo
500 1254 643 1327 Pragensi
675 1269 729 1327 pro
763 1253 962 1326 exstirpandis
995 1256 1166 1329 quibusdam
1199 1255 1352 1315 erroribus

153 1375 207 1432 per
228 1357 269 1417 M.
291 1359 438 1418 loannem
460 1353 571 1415 Wiclel
594 1355 625 1414 in
647 1353 790 1413 Bohemia
819 1361 849 1413 et
868 1354 1003 1415 Moravia
1034 1364 1065 1417 et
1091 1357 1161 1417 alibi
1191 1357 1350 1429 seminatis,

153 1464 241 1533 prout
269 1457 395 1518 audistis
424 1472 460 1515 ex
488 1455 583 1515 literis
611 1454 721 1514 eisdem
750 1455 833 1514 vobis
861 1472 956 1528 nuper
983 1457 1133 1529 perlectis,
1161 1458 1239 1532 quod
1268 1459 1350 1520 multi

153 1565 222 1621 suut
236 1559 384 1629 homines,
408 1556 549 1617 articulos
571 1555 703 1629 eiusdem
725 1555 851 1616 ioannis
866 1554 977 1616 Wiclei
989 1564 1091 1618 contra
1106 1555 1191 1618 fidem
1208 1565 1349 1632 tenentos,

153 1677 274 1736 quorum
304 1658 396 1721 corda
426 1664 493 1717 sunt
520 1655 637 1716 haeresi
665 1654 784 1716 allecta:
806 1663 837 1715 et
865 1673 919 1730 ego
949 1657 1015 1718 dico
1048 1664 1079 1718 et
1107 1658 1163 1718 deo
1195 1661 1348 1735 regratior,

153 1761 231 1837 quod
271 1760 380 1831 nullum
407 1758 568 1817 Bohemnm
610 1757 670 1817 vidi
706 1755 894 1821 haereticum.
937 1757 983 1818 Ad
1026 1761 1108 1833 cuius
1144 1760 1234 1820 verba
1269 1767 1348 1821 totus

153 1861 278 1935 populus
319 1859 473 1936 respoudit
515 1856 686 1920 clamando:
730 1858 879 1929 Mentitur,
920 1861 1075 1921 mentitur!
1107 1861 1225 1921 Deinde
1270 1861 1349 1921 idem

153 1965 285 2026 loannes
312 1963 375 2022 llus
408 1961 595 2034 interpositis
627 1959 772 2034 aliquibus
805 1960 903 2020 verbis
936 1960 1087 2036 subjnnxit
1116 1965 1147 2023 in
1179 1962 1285 2025 ellectu
1315 1963 1347 2024 iu

153 2065 230 2127 dlcto
267 2063 380 2139 vulgari
409 2063 448 2122 sd
476 2060 627 2136 populum:
662 2062 776 2141 „Eccel
802 2062 962 2135 adimpleta
990 2069 1037 2123 est
1065 2066 1229 2144 prophetia,
1263 2080 1348 2139 quam

154 2164 259 2227 scribit
285 2165 414 2225 lacobus
449 2164 486 2221 de
517 2163 654 2234 Taramo,
687 2163 765 2238 quod
798 2179 875 2222 anno
909 2164 1018 2224 domini
1039 2164 1215 2228 Mocccnr
1248 2175 1348 2243 surget

153 2284 234 2339 unus,
259 2268 309 2341 qui
331 2263 521 2339 euangelium,
555 2264 699 2336 epistolas
721 2270 750 2323 et
771 2260 858 2323 fidem
882 2263 992 2324 Christi
1026 2274 1220 2342 persequetur
1241 2263 1346 2349 (deno-

158 2367 247 2429 tando
270 2365 306 2426 D.
329 2362 553 2444 Alexandrum),
583 2365 651 2439 quia
679 2366 744 2438 ipse
773 2381 850 2439 papa
879 2382 974 2439 nuper
1003 2365 1165 2439 defunctus,
1186 2369 1287 2430 nescio
1310 2385 1347 2429 an

153 2471 243 2532 sitin
265 2467 352 2529 coelo
373 2468 421 2528 uel
440 2468 472 2527 iu
493 2464 618 2543 inferno,
641 2467 690 2541 qui
712 2464 866 2528 scribitis
888 2469 950 2528 suis
973 2469 1087 2528 cutibus
1110 2470 1240 2540 asininis,
1269 2470 1348 2544 quod

153 2569 393 2643 archiepiscopus
415 2558 527 2626 tremet
546 2565 640 2626 libros
661 2566 703 2628 M.
719 2568 841 2627 Joannis
856 2566 972 2640 Wiclel,
994 2569 1144 2644 inquibus
1166 2569 1256 2628 multa
1270 2569 1348 2629 bona

152 2671 367 2742 continentur;“
400 2673 431 2728 et
457 2667 633 2728 intermixtis
659 2669 773 2742 aliquot
797 2667 896 2729 verbis
927 2670 1090 2743 subjunxit:
1116 2670 1213 2750 „Ecce
1242 2671 1347 2744 appel·

151 2771 205 2831 lari
234 2777 337 2833 contra
367 2771 507 2831 mandate
533 2769 748 2842 archiepiscopi
769 2776 800 2830 et
821 2786 857 2829 ex
879 2788 955 2830 nuno
977 2771 1111 2845 appello:
1133 2778 1230 2848 tamen
1253 2772 1339 2831 vultis

151 2873 218 2934 mibi
242 2872 445 2934 adhaererel“
470 2871 507 2931 ad
530 2871 609 2944 quod
630 2875 708 2930 totus
730 2871 856 2944 populus
879 2871 1031 2932 clamando
1054 2874 1209 2946 respondit
1229 2874 1259 2932 in
1281 2874 1342 2932 ml·

151 2977 213 3050 garl
243 2973 404 3035 Bohemioo
435 2973 467 3032 in
501 2970 619 3032 ellectu:
653 2973 811 3047 „Volumus
845 2979 875 3032 et
907 2973 1127 3033 adhaeremus.“
1171 2974 1244 3033 Item
1278 2981 1346 3047 post

150 3077 247 3153 aliqua
268 3076 359 3136 rerba
379 3074 477 3136 dictus
499 3074 630 3135 Josuues
651 3074 682 3132 in
704 3074 808 3133 eodem
831 3089 965 3133 sermone
987 3075 1017 3133 in
1040 3074 1119 3135 dicto
1142 3074 1254 3150 vulgari
1276 3074 1345 3134 sub·

148 3180 253 3254 junxit
275 3177 450 3252 alloquendo
473 3175 627 3250 populum:
653 3175 779 3255 „Sciatis
792 3176 890 3250 etiam,
911 3175 988 3250 quod
1003 3177 1145 3249 proposui
1159 3182 1189 3235 et
1204 3191 1346 3249 propono,

152 3281 218 3355 qula
246 3286 296 3340 aut
326 3282 444 3351 oportet
471 3295 517 3337 me
547 3278 728 3350 praedicare,
763 3282 813 3336 aut
841 3284 925 3338 extra
953 3283 1062 3337 terram
1090 3277 1207 3349 expelli,
1234 3283 1285 3337 aut
1315 3279 1346 3337 in

153 3396 271 3444 waere
299 3381 386 3451 mori,
416 3380 484 3454 quia
511 3362 607 3454 papae
634 3384 758 3452 possunt
783 3379 898 3439 mentiri
927 3384 958 3439 et
984 3378 1170 3451 mentiuntur,
1199 3379 1252 3439 sed
1275 3381 1346 3440 deus

151 3498 207 3544 uon
234 3483 388 3542 mentitur:
420 3482 489 3541 ideo
518 3478 703 3555 deliberetis,
730 3482 779 3556 qui
809 3480 895 3540 vultis
923 3479 995 3539 mibi
1022 3480 1195 3552 adhaerere,
1225 3490 1255 3543 et
1285 3497 1346 3541 non

150 3583 278 3644 timeatis
301 3581 636 3652 excommunicationem,
667 3583 735 3657 quia
756 3583 915 3642 secundnm
937 3583 1025 3641 ritum
1046 3588 1077 3642 et
1106 3582 1346 3642 consuetudinem

154 3684 296 3746 acclesiae
319 3683 491 3758 appellastis
513 3700 572 3742 una
592 3682 730 3743 mecum.“
774 3685 848 3743 Item
871 3690 939 3756 post
954 3683 1116 3756 praemissa
1131 3683 1235 3742 iterum
1253 3684 1345 3744 inter·

153 3788 258 3859 positis
280 3786 394 3862 aliquot
414 3785 513 3846 verbis
535 3785 725 3846 exclamando
748 3786 823 3845 dixit
842 3785 872 3844 iu
896 3784 1008 3858 vulgari
1030 3784 1066 3842 ad
1083 3784 1229 3857 populum,
1251 3785 1346 3858 ipsum

154 3886 352 3961 provocando,
386 3892 524 3962 quantum
558 3888 588 3947 in
628 3903 663 3946 eo
697 3885 765 3946 luit:
800 3902 886 3966 „vere
920 3887 1119 3947 necessarium
1150 3885 1234 3959 foret,
1268 3887 1345 3961 quod

155 3987 285 4065 quilibet
314 3995 403 4062 prout
431 3990 470 4067 in⁰
490 3988 609 4062 antiqua
638 3988 704 4063 lege
732 4005 786 4061 per
812 3987 936 4062 Moysen
966 3987 1021 4048 luit
1048 3987 1221 4059 mandatum,
1243 3989 1345 4060 utqui

153 4090 242 4153 uellet
268 4089 364 4163 legem
387 4090 435 4150 dei
465 4088 632 4160 defendere,
662 4105 694 4148 se
716 4090 814 4163 gladio
836 4091 1043 4163 praecingeret
1065 4095 1094 4150 et
1117 4087 1195 4149 loret
1215 4095 1344 4162 paratus,

152 4197 181 4252 ut
201 4192 245 4252 ita
265 4207 321 4251 nos
344 4192 567 4266 praecingamus
591 4197 621 4251 ct
642 4192 735 4265 legem
758 4190 806 4249 dei
828 4187 1080 4251 defenderemus.“

249 4292 424 4352 Beatissimo
454 4294 552 4366 pater!
585 4292 656 4353 Cum
685 4290 826 4352 hactenus
848 4290 1014 4366 hujusmodi
1036 4291 1200 4351 temerariis
1223 4290 1342 4350 ausibus

151 4392 220 4455 dicii
247 4394 374 4455 Joanuis
403 4393 466 4454 llus
496 4400 527 4453 et
555 4395 611 4454 sibl
634 4391 854 4453 adhaerentium
877 4400 908 4453 et
928 4408 1069 4467 perversa
1090 4392 1344 4467 dogmatisantium

150 4510 284 4556 errorum
309 4495 340 4555 in
368 4495 453 4556 dictis
487 4495 570 4555 libris
599 4495 723 4557 Joannis
744 4494 854 4555 Wiclei
880 4500 1092 4564 contentorum,
1123 4494 1239 4553 diversa
1261 4510 1344 4553 scan-

149 4596 216 4658 dala
235 4597 268 4656 in
290 4597 378 4658 dictis
400 4597 515 4658 civitate
539 4604 570 4657 et
590 4615 682 4673 regno
704 4603 863 4659 evenerant
884 4604 913 4657 et
928 4597 1082 4656 timeantur
1097 4593 1230 4669 pericula
1243 4594 1345 4669 gravia

148 4703 296 4770 ereum
319 4698 377 4758 nisi
398 4698 536 4760 celeriter
563 4714 618 4772 per
639 4698 669 4758 S.
690 4699 725 4762 V.
749 4714 838 4773 super
859 4698 916 4758 hoc
937 4697 1139 4771 provideatur:
1163 4694 1345 4769 supplicatur
