2992 5258
475 426 553 480 annis
573 428 737 479 1412-1414
756 441 789 479 ex
808 426 897 479 exilio.
934 430 973 479 17.
994 427 1032 479 18.
1307 433 1348 494 83

149 641 199 694 pro
216 625 397 695 dilectaejus
413 627 535 682 veritate.
571 627 660 694 Scitis,
678 627 817 694 carissimi,
840 627 1034 682 Antichristum
1059 627 1227 682 contumeliis
1253 628 1284 683 in
1299 643 1349 682 nos

148 726 211 766 esse
227 711 364 766 invectum
381 725 414 764 ac
431 711 523 764 multis
540 709 630 764 adhuc
647 725 681 763 ne
699 710 754 778 pilo
772 709 880 778 quidem
897 709 1001 778 nocuit,
1024 710 1141 778 exempli
1163 713 1251 780 gratia
1274 713 1348 780 mihi,

148 810 314 864 quamquam
339 810 381 848 me
404 793 515 848 adortus
539 802 580 848 est
597 794 777 848 vehementer.
813 793 994 862 Quamobrem
1020 810 1067 848 vos
1085 809 1145 860 oro,
1173 796 1252 849 enixe
1269 795 1349 849 deum

149 878 259 946 migetio,
278 884 310 932 ut
325 878 391 931 mihi
409 878 583 947 suppeditare
602 877 727 945 dignetur
744 877 912 946 sapientiam,
938 877 1105 945 patientiam,
1123 878 1304 933 humilitatem
1322 886 1350 934 et

149 961 339 1017 strenuitatem
356 961 392 1016 ad
409 962 636 1030 perseverandum
660 964 688 1017 in
711 962 772 1030 ejus
789 963 911 1016 veritate.
945 963 1007 1016 Jam
1025 978 1068 1016 me
1087 963 1271 1017 Constantiam
1288 979 1348 1031 pcr-

150 1030 227 1100 dnx'it
244 1046 303 1100 sine
320 1046 377 1101 ullo
394 1046 584 1115 impedimento
599 1055 690 1116 atque,
708 1048 828 1115 quamvis
842 1048 869 1100 in
887 1053 944 1101 toto
956 1047 1053 1102 itinere
1065 1054 1159 1115 aperte
1180 1054 1210 1101 ut
1221 1047 1350 1109 sacerdos

150 1131 264 1185 reherer
281 1137 309 1186 et
326 1146 423 1185 nomen
435 1147 524 1185 meum
535 1146 633 1198 magna
645 1146 709 1186 voce
720 1131 871 1186 hominibus
884 1131 912 1185 in
929 1131 1051 1186 omnibus
1069 1131 1175 1200 oppidis
1192 1131 1348 1201 profiterer,

152 1233 204 1270 non
221 1214 306 1269 incidi
323 1216 351 1269 in
368 1215 540 1270 manifestum
558 1217 707 1283 inimicum,
735 1231 822 1284 neque
841 1216 1014 1270 constantiae
1037 1215 1136 1269 multos
1159 1215 1280 1269 inimicos
1298 1214 1345 1270 ha·

153 1301 257 1367 berem,
276 1300 327 1353 nisi
345 1300 478 1355 bohemici
495 1300 601 1368 clerici,
628 1300 673 1368 qui
691 1307 801 1369 captant
818 1299 950 1354 beneficia
967 1307 995 1354 et
1012 1301 1126 1354 avaritia
1143 1305 1277 1366 tenentur,
1302 1299 1349 1352 ho·

152 1385 236 1438 mines
254 1384 282 1437 in
301 1384 397 1438 itinere
414 1383 584 1438 seducerent
618 1386 708 1452 Atque
726 1383 831 1438 confido
852 1383 1019 1438 misericordi
1046 1383 1176 1438 salvatori
1207 1389 1235 1437 ct
1251 1383 1349 1437 vestris

153 1469 286 1536 precibus,
304 1476 539 1535 perseveraturum
557 1485 599 1523 me
615 1469 643 1522 in
660 1469 773 1524 veritate
791 1469 835 1523 dei
852 1485 938 1537 usque
956 1470 991 1524 ad
1003 1477 1124 1525 mortem.
1144 1469 1254 1536 Scitote,
1273 1485 1350 1524 sacra

153 1559 263 1621 propter
289 1567 332 1605 me
354 1566 486 1620 nusquam
508 1567 568 1607 esse
593 1554 760 1620 intermissa,
787 1569 821 1607 ne
848 1553 1022 1608 constantiae
1046 1553 1169 1621 quidem,
1197 1553 1243 1607 ubi
1270 1552 1350 1620 quuni

154 1651 239 1690 essem
256 1637 315 1704 ipse
333 1651 405 1703 papa
421 1636 588 1692 ministravit.
624 1637 787 1692 Commendo
810 1653 857 1691 vos
881 1637 987 1692 domino
1006 1638 1056 1693 deo
1081 1638 1225 1712 clementi,
1243 1638 1350 1691 domino

153 1719 226 1786 Jesu,
244 1735 309 1774 vero
326 1719 390 1787 deo,
417 1718 473 1774 filio
491 1727 582 1775 castae
600 1722 709 1790 virginis
726 1722 844 1788 Mariae,
870 1721 915 1788 qni
933 1737 983 1775 nos
1001 1721 1104 1776 crudeli
1122 1728 1150 1776 et
1166 1721 1247 1777 foeda
1264 1729 1350 1776 morte

154 1819 202 1857 sua
218 1803 334 1857 redemit
352 1804 409 1857 sine
427 1803 483 1859 ullo
501 1806 596 1859 merito
620 1813 712 1861 nostro
729 1822 747 1860 a
763 1806 926 1860 cruciatibus
950 1807 1083 1875 aeternis,
1106 1823 1123 1861 a
1140 1813 1275 1875 potestate
1293 1808 1350 1861 dia·

155 1888 206 1942 boli
224 1895 253 1941 et
269 1903 286 1941 a
304 1896 424 1956 peccato.
444 1888 544 1958 Scripsi
563 1891 613 1942 has
630 1890 724 1944 literas
743 1890 925 1959 Constantine,
944 1891 1019 1945 feriis
1042 1907 1063 1945 s.
1082 1890 1229 1959 othomari,
1247 1893 1350 1946 strenui

156 1975 222 2027 servi
240 1974 341 2028 domini
359 1974 443 2027 nostri
459 1974 527 2027 Jesn
545 1974 653 2041 Christi,
671 1975 716 2042 qni
734 1975 892 2029 benedictus
911 1983 952 2030 est
970 1977 997 2029 in
1017 1976 1118 2043 secula,
1137 1991 1225 2029 amen.

448 2059 578 2127 Magister
594 2060 714 2114 ioannes
732 2060 799 2127 Hus,
816 2059 944 2114 sacerdos
961 2066 990 2114 et
1006 2076 1100 2115 servus
1118 2059 1162 2115 dei
1179 2061 1208 2115 in
1226 2076 1281 2130 spe.

659 2234 854 2243 ..-.-.-....4

163 2412 214 2511 li)
241 2409 1000 2516 1111111111111111011111111111415
1023 2435 1043 2495 e
1068 2435 1225 2496 carcero
1248 2411 1350 2517 apud

479 2529 631 2613 fratres
657 2530 951 2615 Praedictiones
970 2535 1027 2632 *).
1059 2659 1062 2662 .

723 2763 788 2837 44.

475 2953 1025 3065 Prageusibus

170 3163 312 3217 Eearcere
329 3167 451 3218 scribens
469 3175 560 3235 rogat,
579 3176 609 3218 ut
627 3184 678 3235 pro
696 3185 733 3228 se,
752 3169 781 3218 iic
798 3183 903 3234 mappa
921 3166 1082 3218 calamitate
1101 3166 1255 3226 cassatam,
1273 3166 1354 3219 deum

169 3249 348 3317 deprecentur,
371 3252 505 3318 statuque
523 3251 654 3311 areneiat,
676 3251 802 3302 inimicos
820 3251 932 3309 literas,
955 3265 1025 3315 quae
1043 3249 1095 3299 iter
1113 3264 1257 3317 capessens
1276 3247 1353 3300 Pra-

168 3334 286 3396 smaihrea
302 3335 466 3400 reliquisset,
485 3334 606 3401 malique
624 3352 659 3387 ac
669 3335 839 3388 mendaciter
856 3334 887 3385 in
904 3333 1030 3400 linquam
1047 3332 1167 3385 latinam
1180 3333 1352 3385 commisse.

517 3502 711 3569 (constantiae,
731 3503 764 3556 19
780 3502 892 3556 Jaunar.
912 3500 995 3567 1415.)

257 3671 324 3737 Pin
346 3668 410 3736 bdh
425 3674 479 3737 rac
501 3670 619 3735 swimi
633 3669 711 3754 hy'ti,
726 3672 786 3753 aby
808 3671 892 3753 proti
910 3671 1009 3750 alosti,
1034 3671 1117 3752 proti
1138 3669 1243 3750 diblu,
1268 3670 1352 3752 proti

170 3774 260 3836 suctu
280 3792 300 3840 a
321 3772 390 3838 tilu
411 3773 543 3853 stojiece
566 3771 713 3837 setrwali.

257 3872 448 3953 Ν13111113111
470 3872 607 3955 prosimi
628 3872 690 3937 wis
709 3872 743 3953 jd
757 3891 783 3936 w
796 3873 893 3938 ialiii
916 3872 1026 3952 sedicl,
1046 3874 1121 3954 jlmt
1137 3890 1171 3936 se
1188 3870 1354 3951 uestydim,

170 3991 219 4052 pro
239 3975 323 4057 pina
343 3974 427 4039 boba
448 3994 475 4038 w
497 3973 602 4054 nadcji
624 3976 712 4055 trph‚
732 3973 805 4054 jent
825 3974 891 4054 jest
912 3972 1096 4037 naustiewil
1118 3973 1168 4036 me
1188 3971 1357 4036 milostiwd

172 4071 316 4138 inemocl
339 4074 453 4141 weliki
470 4077 578 4156 aopet
599 4072 758 4152 uzdrawil,
789 4074 946 4157 piepustil
967 4073 1133 4155 nepiitely
1158 4073 1258 4137 welmi
1281 4070 1356 4135 tube

174 4257 347 4268 -—-....—.......

221 4342 383 4407 ')Epistolae
404 4361 417 4392 e
439 4359 533 4393 carcere
556 4346 621 4406 upnd
645 4345 730 4392 iratres
752 4345 929 4391 Praedicatores
959 4344 1063 4404 scriptae
1086 4342 1205 4388 mensibus
1228 4340 1351 4393 lemnario,

259 4429 388 4477 Februario
405 4435 430 4476 et
440 4430 529 4477 Martio
541 4432 594 4476 anui
608 4432 677 4488 ills,
696 4433 790 4490 praeter
798 4429 898 4489 primam
911 4423 974 4490 (44),
993 4440 1109 4486 nusquam
1120 4425 1189 4470 hodie
1200 4425 1224 4470 in
1236 4424 1358 4471 codicibus

263 4514 429 4574 mmmcriptin
447 4519 582 4563 occurrunt.
616 4515 673 4562 ldeo
691 4518 832 4574 repetuntur
854 4513 892 4558 hie
911 4527 942 4558 ex
961 4511 1091 4571 exemplari
1111 4510 1145 4557 M.
1164 4509 1228 4554 Petri
1253 4510 1282 4554 de
1294 4510 1356 4555 bils-

261 4597 371 4653 ceponio,
390 4612 437 4658 quo
455 4599 492 4644 usi
510 4605 566 4644 eunt
583 4598 684 4645 editores
698 4596 859 4657 Epistularum
872 4596 1032 4655 piissimarum
1045 4607 1098 4641 nnn.
1121 4589 1182 4638 1537
1203 4598 1275 4652 atque
1294 4592 1357 4651 Ope-

261 4693 310 4726 rum
328 4679 405 4727 Hercei
423 4696 477 4728 ann.
498 4683 561 4730 lass
579 4688 604 4729 et
624 4683 696 4729 1715.

1156 4754 1189 4808 5*
