2992 5258
149 397 211 462 668
397 393 600 449 Controversiae
617 391 651 447 de
668 392 798 461 religione
815 394 842 447 in
861 378 1001 449 Bobemia:
1021 395 1093 450 1417.

152 598 318 663 Columna!
342 597 442 664 SicD.
460 597 705 676 Cameracensis
729 597 783 678 qui
805 596 952 662 similiter
974 595 1085 662 babuit
1105 596 1216 679 phares
1237 612 1335 675 uoces,

152 697 245 764 simili
266 699 360 764 modo
382 698 471 764 dedit
502 704 536 763 et
557 697 727 763 transfudit
748 715 857 763 omnes
880 715 974 763 voces
996 714 1070 762 suas
1092 695 1337 780 impraedictum

150 799 187 863 D.
212 799 384 865 Oddonem.
406 801 475 878 Quo
497 806 628 881 peracto
646 815 759 865 omnes
782 799 948 879 electores,
982 798 1125 864 locantes
1147 814 1183 864 se
1213 796 1247 860 in
1273 796 1338 863 loca

151 898 401 982 ipsomm·juuta
421 896 553 964 sormam
573 897 706 981 primam
729 898 918 980 conclusam,
942 902 1171 982 processerunt
1193 895 1235 964 ad
1261 896 1338 961 clec-

150 1002 278 1066 tionem.
308 1001 377 1078 Quo
404 998 488 1065 facto
510 1006 543 1066 et
567 999 721 1065 scrutinio
750 1007 897 1084 peracto,
933 999 1124 1067 invenerunt
1144 995 1339 1083 praedictum

151 1099 189 1165 D.
212 1100 376 1167 Oddonem
398 1101 436 1166 de
453 1100 605 1168 Columna
618 1119 694 1167 vere
710 1106 743 1169 et
760 1100 958 1168 sanctissime
973 1101 1109 1168 electum
1131 1099 1165 1166 iu
1187 1113 1338 1165 summum

151 1199 332 1285 pontificem
354 1203 446 1285 juxta
473 1220 567 1269 voces
602 1202 724 1269 decreti
753 1202 889 1268 aoncilii.
911 1203 1061 1268 Attamen
1091 1201 1220 1284 aliquae
1248 1212 1338 1263 voces

151 1303 337 1384 aliquorum,
358 1322 423 1369 non
446 1309 551 1369 umen
572 1303 834 1383 necessariorum,
859 1320 923 1369 nou
945 1302 1113 1369 affuerunt.
1157 1299 1280 1381 Quibus
1297 1299 1340 1364 sic

151 1403 237 1483 visis,
259 1404 444 1472 locaverunt
466 1422 536 1469 eum
559 1422 655 1487 super
681 1405 792 1485 altare,
819 1410 856 1470 ut
882 1403 1023 1470 debitum
1049 1402 1168 1485 existit,
1198 1402 1339 1467 volentes

40 1500 42 1505 ’
153 1511 281 1572 cantare
303 1506 348 1571 Tc
379 1507 480 1572 Deum
501 1507 681 1573 laudamus:
703 1506 762 1573 sed
782 1526 822 1572 ex
850 1504 1122 1589 superabundanti
1150 1507 1341 1568 vocaverunt

152 1607 294 1672 notarios
317 1612 350 1672 et
371 1613 481 1686 testes,
503 1608 645 1673 locantes
667 1627 703 1674 se
724 1608 857 1690 quilibet
879 1609 911 1673 in
933 1625 1024 1673 suum
1047 1607 1159 1684 locum,
1183 1611 1218 1671 et
1240 1603 1341 1684 elege-

152 1714 228 1773 runt
243 1708 282 1773 de
296 1726 388 1790 novo,
408 1728 448 1774 an
463 1710 576 1792 aliquis
586 1710 690 1776 adhuc
711 1710 807 1776 vellet
829 1708 946 1776 offerre
961 1709 1012 1774 vel
1027 1705 1103 1775 dare
1125 1723 1237 1772 uocem
1253 1721 1338 1769 suam

152 1807 198 1874 illi
220 1809 270 1873 rel
291 1809 347 1875 illi.
376 1809 428 1876 Sic
450 1827 555 1876 coram
584 1801 720 1876 testibus
742 1815 776 1875 et
796 1811 929 1876 notariis
951 1810 1071 1875 vocatis
1097 1805 1291 1874 unanimiter
1312 1808 1340 1867 et

154 1909 354 1975 concorditer
368 1909 543 1991 elegerunt,
559 1911 685 1976 nemine
700 1910 910 1992 discrepante,
925 1910 1102 1993 praelatum
1122 1908 1161 1974 D.
1177 1905 1339 1973 Oddoneu

154 2008 186 2072 in
209 2027 361 2074 summum
385 2008 573 2092 pontificem,
596 2029 654 2093 pro
676 2017 753 2077 tunc
774 2010 973 2077 cardinalem.

254 2111 322 2188 Quo
344 2111 549 2193 pronuntiato
571 2111 608 2176 D.
632 2113 699 2177 Rex
728 2129 798 2177 cum
825 2113 947 2194 ingenti
976 2110 1090 2193 gaudio
1113 2115 1147 2175 et
1172 2104 1341 2173 universali

155 2210 271 2295 populo
294 2211 529 2276 Constantiensi
545 2214 686 2294 suscepit
708 2230 788 2293 eum,
810 2212 1033 2295 ducensjuuta
1046 2229 1166 2277 morem
1189 2210 1222 2274 in
1244 2207 1340 2273 eccle·

155 2313 233 2378 siam
248 2319 282 2378 et
303 2312 427 2378 demum
442 2314 474 2378 in
489 2314 650 2396 palatium.
667 2314 784 2380 Postea
798 2314 955 2380 dominica
969 2313 1113 2397 proxima
1129 2316 1205 2396 post
1227 2308 1339 2375 festum

155 2412 185 2478 S.
207 2412 371 2478 Elisabeth
394 2413 444 2495 (21
470 2413 563 2495 Nou.)
586 2419 755 2480 coronatus
776 2419 835 2480 est.

255 2513 325 2580 Non
347 2514 471 2579 dubitet
485 2514 619 2596 quilibet
633 2512 744 2595 fidelis,
760 2515 814 2598 qui
836 2514 916 2580 vidit
937 2514 987 2580 vel
1002 2512 1134 2578 vidisset
1155 2531 1176 2577 a
1190 2510 1340 2594 principio

156 2619 220 2678 tam
241 2613 367 2680 diversa
388 2615 590 2695 incommoda,
606 2615 840 2681 controversias
861 2621 896 2680 et
915 2615 1082 2680 ribaldrias
1097 2613 1269 2678 multarum
1290 2629 1339 2676 na·

156 2715 277 2779 tionum
292 2721 326 2780 ct
339 2732 561 2797 personarum:
574 2717 636 2782 nisi
650 2717 822 2782 altissimus
837 2734 894 2783 sua
906 2713 1125 2781 misericordia
1139 2712 1336 2796 praefuisset

155 2814 349 2898 impossibile
378 2815 492 2881 luisset
513 2816 553 2882 ad
574 2821 639 2882 tam
670 2817 861 2884 laudabilem
890 2815 983 2881 finem
1012 2816 1209 2898 pervenisse.
1232 2813 1341 2894 Sicque

155 2916 260 2981 nullos
281 2916 429 2997 ambiget,
457 2917 541 2998 quod
574 2917 687 2983 electio
714 2917 954 2984 sanctissimas
982 2935 1102 2982 summo
1130 2915 1298 3001 processit,
1327 2930 1344 2976 a

155 3033 275 3083 summo
308 3017 534 3097 gubernatore,
571 3035 629 3100 per
663 3036 756 3100 quem
790 3025 946 3101 reguntur
978 3023 1011 3083 et
1043 3016 1160 3083 secula.
1203 3014 1285 3081 Nam
1305 3012 1341 3078 ab

155 3118 301 3183 omnibns
331 3116 523 3183 electoribus
549 3125 582 3184 et
617 3137 635 3184 a
662 3120 803 3201 quolibet
837 3136 981 3185 seorsum
1014 3134 1184 3199 numquam
1208 3113 1344 3182 auditum

155 3215 276 3297 fuisset,
311 3217 395 3300 quod
422 3217 506 3283 idem
533 3218 679 3285 dominus
700 3228 810 3286 noster
831 3220 969 3301 aliquem
991 3223 1162 3286 tractatum
1183 3216 1344 3283 habuisset

155 3318 206 3383 uel
228 3319 410 3400 specialiter
432 3319 600 3401 aliqualem
634 3321 926 3388 subordinationem
960 3337 1036 3386 suae
1069 3317 1253 3398 electionis,
1286 3329 1342 3398 quo

153 3419 206 3500 J‘us
222 3418 315 3485 modo
337 3427 553 3502 procurasset.
