2992 5258
471 415 549 471 cums
567 413 731 472 lut-1414
749 431 782 470 ex
800 409 888 470 exilio.
923 417 963 470 Ἀ
981 416 1021 469 23.

707 648 767 726 23.

565 839 919 925 Eisdem.

319 1055 485 1111 &molatur
502 1072 548 1109 eos
564 1055 598 1109 de
615 1072 668 1108 sua
685 1055 814 1109 absentio
831 1064 856 1109 et
874 1055 1157 1108 excommunicatione

703 1223 801 1292 (1413.)

350 1391 457 1460 ,Tertia
474 1391 616 1460 epistola.“

246 1527 289 1592 Μ.
316 1528 429 1594 Joann.
458 1526 515 1607 H.,
548 1526 717 1610 presbyter
749 1533 783 1593 et
814 1544 926 1592 servus
957 1528 991 1592 in
1023 1547 1079 1611 spe
1112 1526 1229 1593 domini
1258 1527 1336 1592 Jesu

156 1625 282 1708 Christi,
316 1629 475 1694 universis
495 1625 641 1693 fidelibus
663 1626 865 1693 audientibus
887 1628 1017 1693 verbum
1038 1629 1107 1711 ejus
1130 1629 1163 1692 in
1184 1626 1335 1708 Prageusi

156 1728 291 1794 riutate:
313 1728 417 1810 gratia
438 1727 527 1794 vobis
554 1736 587 1794 et
609 1748 703 1811 pana
724 1728 784 1795 deo
800 1735 892 1810 patre
908 1735 942 1794 et
956 1728 1081 1794 domiuo
1103 1729 1182 1793 Jcsu
1198 1725 1335 1792 Christo.

247 1827 422 1894 carissimi!
454 1828 594 1895 Obsecro
619 1848 683 1911 vos,
716 1847 756 1894 ue
778 1829 893 1896 taediis
914 1826 1069 1894 deficiatis
1099 1848 1137 1894 ex
1167 1846 1222 1909 ec,
1255 1826 1338 1908 quod

154 1928 310 1994 vobiscum
331 1946 484 2011 nonsum,
506 1948 566 1996 nec
587 1949 626 1996 ex
648 1949 696 2012 eo,
717 1931 745 1995 si
768 1929 1040 1997 excommunicant
1061 1948 1121 1995 me.
1144 1927 1274 1995 Confido
1297 1928 1338 1993 si·
1435 1968 1448 1986 ·

154 2029 276 2111 quidem
309 2030 476 2097 salvatoris
499 2033 699 2112 clementiae,
730 2032 814 2113 qnod
839 2030 915 2095 mihi
942 2032 1126 2113 pariterque
1155 2030 1245 2097 vobis
1278 2030 1339 2095 hoc

154 2136 249 2197 totum
270 2132 305 2197 in
326 2132 445 2197 bonum
466 2133 700 2215 cooperabitur,
723 2133 824 2198 solnm
845 2152 864 2199 a
883 2132 1023 2213 peccatis
1044 2149 1102 2198 nos
1125 2130 1337 2198 custodiamus

152 2238 181 2297 et
198 2232 407 2298 molestamur
428 2232 468 2298 de
491 2234 555 2315 eis,
588 2234 642 2314 qni
663 2230 723 2299 deo
745 2232 906 2314 verboque
929 2234 997 2316 ejus
1019 2232 1156 2313 obviant,
1187 2238 1337 2314 putantes

152 2348 181 2397 se
194 2339 287 2400 recte
301 2332 425 2413 lacerc3
439 2332 702 2415 quemadmodum
715 2332 838 2413 iudaei
861 2333 914 2414 qni
937 2331 1099 2398 Christum
1113 2330 1339 2399 crucifixerunt

154 2440 226 2498 ets.
242 2431 439 2516 Stephanum
461 2434 691 2518 lapidaverunt,
715 2435 754 2500 de
776 2434 890 2516 quibus
913 2433 1058 2499 Christus
1078 2434 1143 2523 imo
1173 2439 1206 2499 et
1228 2454 1251 2500 s.
1268 2433 1338 2499 Ste-

152 2534 271 2616 phanus
293 2533 382 2614 dixit,
405 2534 479 2616 quia
500 2536 655 2617 nesciunt,
689 2534 765 2617 quid
787 2533 918 2600 iaciunt·
957 2534 1118 2616 Numquid
1139 2535 1232 2601 obest
1253 2534 1337 2614 mihi,

152 2634 231 2716 quod
245 2633 432 2717 blaspheme
460 2635 552 2702 modo
581 2635 768 2717 retrogrado
798 2653 924 2701 crucem
953 2634 1113 2715 defernnt,
1136 2653 1233 2717 super
1253 2633 1338 2701 luda

151 2742 299 2818 pmgnnt,
319 2735 478 2817 lapidibus
499 2737 532 2801 in
547 2737 652 2803 hostia
669 2737 800 2820 jaciunt,
823 2736 937 2818 fatigas
959 2736 1020 2801 sibi
1041 2736 1247 2819 generando?
1269 2735 1338 2802 det·

150 2852 206 2918 que
227 2835 385 2916 dominus,
407 2855 448 2902 ne
470 2854 543 2902 sese
565 2837 881 2903 excommunicarent.
920 2836 1190 2919 Excogitaverunt
1222 2838 1339 2919 itaque,

149 2942 180 3002 nt
198 2935 362 3020 simplices
384 2941 548 3002 terrerent
561 2942 596 3002 et
609 2936 650 3003 ad
664 2937 787 3003 libitum
809 2955 886 3002 suae
901 2938 1074 3003 voluntatis
1089 2936 1259 3017 ducerent;
1283 2936 1339 3002 sed

149 3032 291 3102 dominus
313 3037 513 3119 omnipotens
535 3035 624 3102 dabit
646 3037 858 3118 coguitionem
872 3035 1028 3118 fidelibus,
1051 3037 1127 3119 quid
1148 3038 1191 3103 sit
1212 3037 1280 3118 hoc,
1304 3041 1340 3101 ut

149 3142 354 3219 cognoscant,
387 3136 462 3217 quia
483 3135 665 3203 adinventio
696 3143 729 3202 et
757 3155 822 3203 non
849 3142 1056 3219 praeceptum
1084 3135 1265 3216 adomino,
1305 3142 1339 3201 ut

148 3254 201 3320 pro
223 3236 371 3303 erroneis
393 3243 539 3317 orarent,
573 3242 607 3303 et
627 3256 647 3303 a
668 3237 728 3304 deo
750 3238 837 3320 ipsos
858 3237 927 3302 fore
950 3238 1235 3311 excommunicatos
1257 3255 1337 3301 uun-

148 3336 270 3418 b'arcnt,
299 3335 359 3402 sed
380 3355 442 3402 non
458 3324 548 3404 utin
570 3339 689 3421 templu
711 3338 828 3404 domini
844 3339 1027 3421 blaspheme
1040 3342 1151 3404 contra
1165 3338 1225 3403 sibi
1247 3339 1336 3403 inuo-

148 3452 219 3503 onos
240 3436 354 3504 taliter
373 3442 478 3518 agant.
502 3436 639 3519 Lapides
653 3439 823 3521 arripiunt,
845 3440 1039 3520 ignorantes
1062 3437 1138 3521 qnid
1159 3436 1337 3519 significant

149 3554 203 3621 pro
222 3538 296 3617 boc,
319 3536 378 3602 sed
398 3536 557 3620 lapidibus
576 3538 714 3620 Jaciunt,
742 3540 831 3605 utin
853 3539 979 3605 cutibus
1001 3558 1110 3606 eorum
1132 3538 1283 3605 scribitur
1304 3539 1337 3604 in

148 3639 329 3705 nemetiam
360 3635 570 3704 damnationis
600 3645 751 3705 aeternae
773 3640 877 3706 Datan
910 3648 944 3706 et
964 3641 1110 3723 Abyron,
1143 3640 1197 3722 qui
1229 3658 1334 3706 sacer·

148 3737 231 3807 dotia
258 3758 296 3806 se
324 3738 544 3821 implicarunt,
577 3740 680 3806 minus
712 3739 798 3822 digni
827 3742 1017 3822 existentem
1051 3748 1084 3808 et
1112 3742 1158 3806 sic
1179 3741 1234 3807 illa
1266 3758 1339 3823 pro·

146 3839 285 3922 jacium
305 3855 416 3905 omnes
443 3839 628 3907 sacerdotes
649 3840 813 3921 denotant,-
847 3842 902 3924 qui
929 3841 1108 3908 sacerdotio
1131 3860 1166 3906 se
1199 3840 1339 3923 implica-

150 3947 222 4008 runt
251 3946 388 4024 propter
422 3939 564 4020 divitias,
597 3939 726 4006 delicias
756 3946 789 4006 et
810 3940 958 4006 honores.
1001 3940 1045 4007 Et
1077 3949 1220 4023 pangunt
1241 3957 1338 4021 super

150 4038 228 4108 ilios
248 4039 363 4119 iudae,
385 4046 422 4105 ut
443 4039 508 4105 sint
528 4038 693 4107 instabiles
716 4038 771 4105 filii
786 4039 903 4121 Judae;
935 4046 1010 4106 sunt
1031 4059 1142 4105 omncs
1164 4038 1337 4118 simoniaci,

152 4141 248 4209 adeo
271 4142 543 4222 excommunicati,
576 4143 629 4224 qui
659 4141 804 4207 intuetur
826 4159 925 4223 super
947 4160 1026 4224 quos
1049 4139 1340 4217 excommunicatio,

152 4258 211 4323 qua
230 4240 294 4325 ipsi
316 4241 596 4323 excommunicant,
619 4241 707 4307 dabit
728 4259 844 4306 casum.
889 4241 931 4307 Et
954 4241 1028 4323 quia
1049 4239 1218 4305 multitudo
1241 4239 1340 4304 homi·

152 4360 223 4408 num
245 4343 351 4409 estin
374 4340 425 4407 dei
446 4342 808 4422 excommunicatiolne),
841 4341 915 4407 hinc
937 4348 1005 4420 cst,
1037 4339 1209 4418 carissimi,
1241 4339 1342 4421 ipsius

153 4442 504 4510 excommunicationem
525 4443 697 4526 fugiamus,
729 4442 996 4525 imploremusquc
1019 4442 1152 4522 gratiam
1173 4441 1284 4523 ipsius,
1307 4445 1343 4504 ut

152 4541 182 4607 in
214 4542 442 4610 benedictione
474 4561 533 4609 sua
563 4559 622 4610 nos
651 4541 802 4623 dignetur
838 4559 1037 4608 conservare.
1080 4540 1151 4605 Alia
1187 4540 1342 4621 siquidem

150 4643 429 4710 excommunicatio
453 4644 544 4710 nobis
566 4643 737 4726 quidquam
757 4660 875 4710 nocere
897 4660 962 4708 non
982 4634 1120 4724 poterit,
1156 4641 1213 4704 sed
1236 4640 1341 4730 potius

1179 4743 1197 4793 4
