2992 5258
149 395 210 457 600
386 387 591 453 Corrtroversiae
609 386 644 442 de
661 387 793 455 religione
810 386 838 441 in
855 384 1001 440 Bobenia:
1018 383 1092 439 1415.

708 588 779 725 ao.

151 880 310 964 Vicarii
369 878 684 987 archiepiscopi
735 876 964 988 Pragensis
1029 875 1341 985 praedicatores

152 1015 360 1126 quosdam
394 1021 577 1125 „vagos“
615 1044 641 1096 a
673 1012 996 1122 praedicatione
1025 1011 1252 1122 prohiberi
1277 1014 1341 1122 ju·

228 1150 345 1256 bent,
378 1178 522 1259 poena
551 1149 1003 1231 excommunicationis
1030 1148 1269 1257 proposita.

566 1397 678 1465 Progne,
700 1396 775 1465 llic,
797 1398 827 1449 18
845 1396 918 1464 Sept.

309 1701 352 1762 (E
368 1697 429 1752 MS.
449 1701 638 1766 qrrr'rrtervrione
658 1698 739 1752 Nara.
760 1697 808 1752 171
825 1702 855 1752 in
890 1700 1032 1752 tabulario
1053 1698 1184 1760 Trabea.)

157 2002 265 2056 Vicerr'r'
283 2005 312 2055 irr
333 2002 537 2073 Spiritnalr'bns
554 2004 638 2057 Dora.
659 2003 871 2074 Arctiepiccopi
890 2003 1052 2071 Prapeaee
1071 2003 1253 2075 Apostoiirae
1271 1999 1343 2055 sedis

693 2087 803 2156 Lepati.

252 2294 417 2359 Universis
440 2302 473 2360 et
495 2294 629 2374 singulis
659 2293 795 2371 decania,
825 2294 968 2376 plebanis
991 2298 1024 2359 et
1046 2292 1262 2375 viceplebanis
1290 2310 1343 2375 per

152 2399 314 2464 dioecesin
336 2398 529 2478 Pragensem
553 2396 745 2475 constitutis,
770 2395 809 2460 ad
828 2413 907 2477 qnos
931 2400 1120 2477 praesentes
1142 2396 1344 2478 pervenerint

151 2504 206 2565 ant
228 2498 397 2581 pervenire
420 2497 600 2578 contigerit,
625 2497 760 2563 salntem
790 2496 822 2560 in
845 2496 980 2562 domino.
1007 2495 1179 2575 Noveritia
1204 2497 1287 2580 qnod
1307 2494 1343 2561 ad

151 2605 292 2665 nostram
304 2598 499 2664 audientiam
522 2604 571 2663 est
593 2598 774 2677 nannetum,
798 2599 936 2678 qrraliter
958 2598 1084 2679 quidam
1096 2599 1279 2682 presbyteri
1290 2616 1343 2682 per

151 2702 295 2766 diversas
317 2704 424 2782 partes
446 2699 480 2764 in
502 2699 808 2779 dioecesiPragensi
830 2699 1025 2781 divagantes,
1048 2698 1100 2764 dei
1122 2698 1239 2765 timore
1260 2706 1343 2784 post·

150 2803 254 2885 posito
276 2820 313 2867 ac
335 2819 412 2867 snae
424 2802 536 2867 salutis
558 2803 766 2880 immemores,
788 2803 1097 2880 nonnnllaerronea‚
1118 2801 1344 2868 scandalosact

150 2924 169 2969 a
190 2906 240 2970 via
262 2905 405 2969 veritatis
432 2902 632 2982 declinantia,
664 2907 700 2968 ut
722 2903 936 2984 praesumitur
951 2904 983 2969 in
1005 2902 1214 2986 opprobrium
1239 2910 1271 2969 et
1291 2902 1342 2967 de·

47 3020 53 3030 ·
150 3007 339 3072 tractionem
362 3006 448 3085 cleri,
475 3005 507 3068 in
530 3005 689 3071 nonnullis
712 3004 856 3069 ecclesiis
879 3010 912 3070 et
927 3003 997 3068 aliis
1019 3004 1097 3069 locis
1119 3005 1216 3069 etiam
1239 3012 1344 3070 contra

151 3108 344 3173 volunlatem
367 3107 573 3190 plebanorum
603 3106 789 3188 praedicant
812 3112 845 3171 et
875 3096 1061 3188 praedicare
1092 3122 1156 3170 non
1186 3111 1342 3188 verentur,

150 3207 297 3273 mandata
319 3209 356 3272 D.
380 3207 621 3289 Arcbiepiscopi
654 3206 924 3289 parvipendentes
953 3213 986 3270 et
1008 3210 1260 3297 contemnentes,
1291 3223 1343 3287 per

150 3310 282 3389 quaein
306 3308 448 3389 pluribus
472 3307 600 3390 synodis
624 3313 893 3390 estpraeceptum
916 3314 950 3373 et
971 3305 1162 3384 mandatnm,
1185 3307 1343 3373 ntsennl·

149 3410 198 3473 lus
221 3409 260 3474 de
283 3408 388 3474 officio
419 3408 664 3490 praedicationis
693 3414 913 3490 praesumeret
941 3407 1099 3488 ingerere,
1129 3406 1251 3488 absque
1272 3405 1342 3472 dicti

149 3510 191 3573 D.
215 3510 455 3592 archiepiscopi
478 3517 511 3575 et
533 3516 644 3576 nostra
666 3509 793 3576 licentia
816 3509 959 3592 speciali.
991 3509 1033 3575 Et
1065 3509 1139 3590 quia
1161 3526 1201 3572 ex
1223 3507 1341 3591 praedi

149 3611 326 3676 rationibus
349 3610 505 3675 dictorum
528 3610 779 3693 praedicantium
803 3612 875 3693 piae
904 3628 998 3676 aures
1022 3609 1220 3675 audientium
1249 3608 1340 3675 olien-

150 3710 269 3776 duntnr
291 3718 324 3777 et
346 3712 506 3793 simplices
529 3730 548 3776 a
570 3711 620 3776 via
642 3710 764 3776 directa
793 3711 1005 3776 seducuntur:
1027 3709 1100 3775 ideo
1130 3709 1221 3775 vobis
1249 3707 1341 3774 domi·

150 3813 199 3875 nis
212 3811 355 3892 plebanis
368 3812 538 3876 antedictis
550 3816 605 3876 aut
624 3818 746 3876 vestras
770 3812 855 3876 vices
876 3810 1061 3892 gerentibus
1072 3810 1105 3874 in
1122 3811 1243 3877 virtute
1256 3827 1339 3875 sano

150 3919 201 3976 tae
224 3911 424 3978 obedientiae
447 3918 480 3977 et
502 3913 560 3977 snb
583 3930 686 3994 poena
719 3912 1051 3978 excommunicationis
1081 3910 1230 3976 districte
1256 3928 1341 3994 prae

149 4013 295 4095 cipiendo
308 4013 500 4093 mandamns,
510 4020 666 4095 qrratenns
675 4014 838 4098 praelatos
850 4015 1090 4097 praedicatores
1101 4029 1209 4091 vagos
1226 4018 1260 4077 et
1270 4028 1340 4093 qno

150 4133 218 4177 rnnr
240 4114 385 4178 notitiam
409 4132 472 4195 non
495 4114 681 4191 habueritis
709 4133 769 4180 nec
791 4115 881 4181 vobis
903 4116 942 4181 de
965 4115 1106 4197 ipsorum
1129 4110 1275 4177 o'rdinnm
1295 4128 1340 4176 rc

150 4213 297 4295 ceptione
324 4216 515 4294 constiterit,
544 4215 583 4279 ad
606 4216 876 4298 praedicationem
906 4223 938 4281 et
960 4215 1000 4281 ad
1021 4215 1129 4278 divina
1148 4210 1255 4278 officia
1283 4230 1340 4277 non

149 4314 324 4380 admittatis
348 4334 406 4380 nee
427 4316 632 4396 quovismodo
645 4316 814 4383 admittere
837 4318 965 4396 curetis,
996 4315 1052 4380 sed
1074 4316 1181 4400 potins
1204 4320 1338 4400 eosdem,

149 4415 174 4477 si
198 4417 392 4480 contrariam
422 4416 563 4495 iecerint,
597 4435 677 4498 qnos
705 4417 985 4483 contramandate
1007 4421 1142 4501 praelati
1165 4421 1210 4487 D.
1232 4421 1337 4487 Archi·

150 4523 291 4603 episcopi
318 4522 434 4588 fecisse
462 4526 668 4607 invenerim,
700 4528 987 4593 excommunicatos
1025 4527 1144 4593 dudum
1171 4530 1338 4596 canonibus

149 4629 182 4686 et
204 4623 332 4688 statutis
356 4624 561 4705 synodalibus
583 4627 616 4690 in
639 4628 755 4695 vestris
784 4626 927 4695 ecclesiis
950 4627 1084 4709 siugulis
1106 4628 1221 4699 diebus
1245 4630 1338 4701 domi·
1388 4670 1397 4695 0
