2992 5258
451 387 514 440 Loci
533 387 652 454 insignes
670 402 702 440 ex
727 386 873 440 bohemicis
891 385 958 439 Husi
976 383 1059 438 libris.
1288 383 1349 453 '125

155 603 185 641 re
202 593 345 656 perspecte
363 586 490 643 manduc
507 587 608 655 iniusto
620 602 766 656 eorumque
784 585 855 639 malo
867 585 929 639 dolo
947 584 1043 652 restiti,
1060 581 1241 637 misericordis
1260 579 1348 635 saira-

154 671 221 726 toris
234 671 334 727 auxilio
344 686 419 724 usus.
437 670 491 724 Sed
508 671 543 725 ad
560 686 649 740 papae
660 672 761 727 curiam
775 669 921 724 arcessitus
934 682 976 722 me
989 666 1085 723 sistere
1098 665 1180 731 nolui,
1199 679 1233 717 ne
1248 672 1350 718 temere

155 754 237 809 vitam
260 756 425 824 emitterem
443 755 532 809 omnia
549 756 619 810 enim
637 756 698 810 loca
713 754 815 810 referta
833 751 1096 815 suntinimicorum,
1125 754 1154 802 et
1169 746 1350 801 Bohemorum

154 844 183 891 st
200 838 401 906 Germanorum,
419 840 465 908 qui
484 845 595 895 mortem
613 854 699 893 meam
718 844 861 906 expetunt:
879 836 1001 889 inimicus
1020 841 1061 888 est
1079 847 1150 901 papa
1164 829 1269 900 juder,
1297 830 1347 882 ini·
1437 870 1440 881 .

155 921 216 981 mici
230 923 391 991 cardinales,
410 923 437 978 id
451 923 522 992 quod
541 940 574 978 ex
592 939 684 977 eorum
703 923 788 977 literis
805 921 923 991 cognovi,
941 920 1040 988 quippe
1059 917 1105 986 qui
1123 931 1166 969 me
1184 913 1349 970 haereticum

156 1020 217 1061 esse
227 1006 363 1076 judicent,
376 1023 536 1076 quamquam
549 1023 591 1062 me
604 1023 654 1062 occ
671 1007 831 1062 audiverunt
849 1019 975 1073 nmquam
992 1018 1043 1058 nec
1060 1000 1192 1055 viderunt
1227 998 1296 1053 Nam
1314 995 1349 1050 ad

156 1104 254 1157 papam
272 1106 377 1158 quoque
396 1098 424 1145 ct
454 1091 606 1146 cardinales
632 1092 758 1158 pertinet,
776 1106 857 1157 quium
876 1086 1049 1157 praedicator
1066 1091 1159 1139 contro
1185 1081 1349 1151 superbiam,

154 1179 249 1227 contra
262 1175 402 1228 avaritiam
420 1181 448 1228 et
460 1175 581 1244 inprimis
598 1183 692 1229 contra
707 1175 860 1240 simoniam3
879 1176 969 1239 itaque
979 1170 1026 1239 jus
1037 1169 1103 1223 mihi
1120 1166 1256 1222 redditum
1268 1172 1348 1226 esset.

155 1255 226 1309 siem
243 1256 358 1311 Christo.
387 1258 457 1326 Quid
475 1258 546 1326 quod
564 1258 649 1313 falsos
667 1273 772 1327 quoque
790 1261 876 1311 testes
894 1268 1039 1323 eorumque
1057 1250 1210 1306 testimonia
1229 1249 1348 1316 cognovi,

157 1353 227 1406 quae
245 1338 348 1407 Prsgae
366 1347 460 1395 contra
478 1357 521 1396 me
538 1341 610 1396 dicte
627 1341 738 1395 Romam
752 1341 834 1394 misse
852 1339 933 1392 sunt?
950 1337 1069 1407 Quorum
1086 1335 1195 1389 testium
1220 1347 1289 1387 unus
1308 1339 1349 1386 te·

155 1428 245 1476 statur
258 1438 300 1476 me
317 1423 498 1492 praedicasse,
517 1425 540 1478 si
550 1424 677 1480 sacerdos
690 1425 797 1478 missam
811 1421 988 1488 administret,
1007 1434 1103 1489 eorpus
1115 1419 1158 1473 dei
1176 1432 1229 1470 non
1238 1413 1350 1482 adesse;

156 1506 236 1573 altor,
253 1507 276 1560 si
294 1507 430 1575 sacerdos,
449 1508 493 1576 qui
511 1509 538 1560 in
556 1508 630 1574 gravi
646 1516 757 1576 peccato
776 1509 822 1575 sit,
850 1508 958 1560 missam
976 1503 1160 1569 administret,
1187 1498 1348 1554 benedicere

156 1606 217 1644 enm
247 1590 353 1659 quidem
371 1592 443 1660 paui,
470 1592 518 1646 sed
537 1607 634 1661 corpus
657 1592 700 1646 dei
721 1592 892 1659 nihilomagis
909 1589 1024 1653 adesse;
1053 1586 1152 1641 tertius
1170 1590 1286 1638 testatur
1305 1596 1347 1637 me

154 1672 343 1742 praedicasse,
374 1690 455 1730 anum
473 1676 580 1730 omnino
597 1677 699 1744 majore
717 1677 877 1730 auctoritate
896 1688 956 1729 esse
980 1686 1059 1741 quam
1079 1684 1191 1739 papem3
1210 1666 1349 1735 multaque

155 1758 211 1811 alia
230 1757 300 1811 falso
319 1757 384 1811 milri
396 1758 554 1815 attribuunt.
573 1761 603 1814 In
623 1761 708 1815 literis
720 1768 819 1821 autem,
837 1775 904 1827 quas
921 1764 1014 1812 contra
1031 1770 1074 1809 me
1092 1753 1247 1820 cardinalis,
1262 1749 1348 1820 judex

155 1856 297 1909 supremus
324 1843 425 1911 edidit,
455 1853 595 1912 corruptor
618 1846 770 1909 homiuum,
797 1851 890 1897 streton
912 1841 1064 1895 baeresium
1083 1836 1205 1906 judicor}
1222 1841 1304 1905 atque
1321 1834 1348 1887 in

155 1928 325 1982 accusatione
342 1929 492 1998 Zbynconis
506 1928 633 1996 Michael,
652 1930 695 1995 qui
715 1936 758 1982 est
773 1927 907 1995 parochus
919 1926 1012 1980 Novae
1024 1924 1127 1990 Progne
1145 1921 1216 1989 apud
1230 1935 1252 1972 s.
1265 1917 1348 1972 Adai·

155 2009 271 2077 bertum,
291 2014 404 2080 asserit,
429 2014 552 2067 omuibus
571 2012 695 2066 fidelibus
714 2013 881 2072 christianis,
908 2017 1038 2080 quotquot
1055 2011 1080 2062 io
1100 2021 1182 2074 regno
1200 2003 1347 2057 Bohemiae

154 2094 217 2161 sint,
235 2111 277 2149 me
296 2097 462 2151 haereticum
490 2096 573 2150 videri
593 2105 620 2150 et
637 2096 755 2165 quotidie
780 2113 821 2150 me
840 2098 865 2149 io
885 2095 986 2149 sacello
1003 2094 1108 2148 Betlem
1127 2103 1233 2144 errores
1251 2087 1347 2141 hacre-

153 2193 251 2246 sesque
269 2180 426 2247 praedicare
444 2188 525 2248 atque
546 2180 692 2248 principem
711 2189 738 2234 et
756 2188 837 2248 eaput
849 2179 1046 2232 hoereticorum
1067 2189 1133 2229 esse.
1153 2172 1346 2226 Verumtamen

154 2262 223 2317 haec
241 2263 313 2332 mihi,
332 2264 402 2318 sicut
414 2264 513 2319 dilecto
532 2265 638 2318 Christo
651 2264 764 2330 conlido,
786 2281 838 2318 uon
851 2263 948 2317 obsuot
962 2277 1010 2315 nec
1029 2276 1070 2313 me
1089 2257 1346 2323 sollicitant5neque

155 2346 227 2400 enim
243 2347 350 2414 ignoro,
380 2348 537 2416 pharisaeos
564 2347 670 2403 domino
694 2356 784 2403 nostro
808 2347 977 2401 sanctissimo
1001 2351 1028 2399 et
1051 2341 1257 2397 clementissimo
1275 2337 1346 2391 idem

154 2430 257 2484 crimini
269 2430 376 2486 dedisse
389 2440 469 2500 atque
482 2434 562 2487 etiam
581 2433 660 2488 loedo
678 2440 706 2486 et
723 2432 825 2487 crudeli
838 2431 969 2500 supplicio
987 2444 1048 2484 eum
1067 2425 1242 2480 interemisse.
1262 2422 1346 2492 cujus

156 2521 266 2570 metae
284 2516 388 2584 gratiae
406 2530 492 2570 nicam
511 2532 618 2572 causam
641 2516 832 2584 commendavi,
850 2523 880 2569 ut
897 2530 969 2582 cani,
988 2515 1057 2568 sicot
1074 2512 1099 2566 ei
1117 2511 1202 2566 visum
1220 2509 1287 2576 erit,
1311 2506 1345 2562 ad

154 2597 235 2653 linem
253 2599 396 2667 perducet,
418 2601 522 2655 etiamsi
540 2600 567 2655 id
586 2617 645 2655 cum
663 2601 825 2655 contumelia
842 2615 903 2655 mea
922 2599 962 2654 rel
979 2597 1048 2654 adeo
1065 2603 1151 2652 morte
1169 2594 1343 2664 conjunctum

153 2683 196 2752 sit,
215 2698 282 2738 neve
299 2700 316 2738 a
332 2685 447 2739 veritate
460 2701 510 2739 sua
527 2701 569 2739 me
590 2686 740 2740 desciscere
758 2687 838 2741 sinet.
857 2683 1041 2751 (Postillarnm
1059 2681 1129 2736 liber
1140 2680 1174 2748 ii,
1194 2681 1242 2733 112
1256 2675 1345 2740 414.)
1410 2682 1414 2693 ·

728 2860 774 2918 ll.

252 3021 390 3075 Praelati.
420 3063 424 3072 ,
452 3036 576 3088 epops
595 3022 700 3075 Joanue
719 3019 808 3075 xxiii
827 3019 928 3073 bullum
948 3021 1138 3086 impetrarunt,
1167 3033 1220 3085 qua
1237 3013 1345 3067 disertis

153 3103 243 3159 verbis
262 3112 289 3159 et
306 3106 392 3160 malos
405 3112 432 3157 et
450 3106 534 3160 bonos
545 3105 628 3159 libros
645 3106 765 3174 magistri
774 3105 886 3159 ioannis
904 3103 1011 3158 Wiclefi
1028 3101 1239 3169 cremerijubet.
1259 3097 1345 3152 Valde

153 3189 225 3242 enim
246 3189 430 3257 indignantur,
450 3191 578 3261 scriptum
597 3190 701 3245 esseio
720 3190 753 3245 iis
771 3189 804 3243 de
823 3190 948 3248 simonia,
975 3187 1008 3241 de
1027 3186 1160 3255 superbia,
1180 3183 1213 3238 de
1230 3181 1344 3253 impudi-

153 3273 225 3341 citia,
244 3273 278 3327 dc
296 3274 427 3341 avaritia;
445 3275 561 3328 maxime
579 3290 643 3328 vero
661 3275 822 3337 irascuntur,
841 3273 912 3342 quod
930 3271 1043 3326 mendici
1062 3271 1096 3325 ab
1115 3285 1147 3323 eo
1165 3267 1344 3339 appellentur.

151 3372 218 3424 quos
236 3374 288 3411 noo
307 3358 416 3426 deceat,
442 3366 471 3411 ut
489 3358 626 3412 seculares
644 3358 782 3418 dominos.
810 3357 958 3424 dominari,
988 3355 1087 3410 deinde
1104 3353 1176 3422 quod
1195 3352 1303 3417 scribat,
1322 3350 1344 3402 si

153 3441 311 3496 sacerdotes
328 3442 475 3510 improbam
499 3443 578 3495 vitam
598 3450 680 3509 agant
704 3458 753 3497 nec
771 3443 836 3496 vitia
862 3442 997 3510 deponere
1020 3440 1115 3505 velint,
1143 3437 1227 3492 laicos
1244 3435 1278 3489 iis
1296 3449 1344 3488 suo

149 3526 212 3591 jure
231 3533 258 3577 ct
283 3525 353 3580 bono
371 3526 491 3585 consilio,
517 3542 550 3578 oe
573 3527 687 3594 amplius
714 3525 842 3595 peccandi
871 3526 974 3593 copiam
1001 3525 1138 3590 habeant,
1165 3521 1236 3574 bona
1264 3532 1343 3587 posse

151 3607 269 3661 admoto
298 3615 325 3662 ct
352 3608 490 3667 fleotomum
524 3626 657 3664 recusare.
693 3611 768 3678 Quinc
794 3610 876 3664 uerbo
904 3608 1025 3663 uounulli
1052 3607 1176 3661 doctores
1202 3618 1256 3657 una
1285 3618 1344 3656 cum

152 3693 296 3759 cononicis,
323 3692 446 3761 plebanis
477 3694 660 3748 comonachis
684 3695 785 3761 Pragae
810 3695 836 3748 iu
861 3693 996 3762 practorio
1020 3689 1233 3745 condemnarunt
1257 3689 1342 3755 (1412,

151 3793 186 3831 m.
201 3776 289 3844 Jun.);
308 3776 356 3831 sed
374 3777 449 3831 multi
468 3779 596 3846 magistri,
616 3787 643 3831 et
661 3779 718 3832 iere
737 3779 824 3847 major
841 3794 932 3833 eorum
950 3794 1023 3846 pars,
1042 3784 1069 3831 et
1085 3774 1229 3843 collegium
1247 3772 1341 3827 bacca-

151 3859 305 3915 laureorum
323 3867 352 3915 et
369 3861 549 3921 studiosorum
562 3863 624 3916 huic
643 3851 857 3917 condemnationi
876 3863 1001 3916 assentiri
1014 3861 1173 3926 uoluerunt;
1190 3858 1243 3911 imo
1255 3855 1338 3925 msgl·

150 3945 200 3999 stri
218 3944 245 3998 in
263 3944 371 4014 publica
395 3945 496 4012 solrola,
515 3947 542 4001 in
566 3946 689 4014 collegio,
708 3946 847 4001 literarum
866 3961 1004 4002 sacrarum
1022 3943 1175 3999 testimonio
1193 3942 1235 3997 usi
1254 3939 1341 3997 coom-

150 4037 253 4094 cerunt,
272 4028 460 4093 condoctores
478 4046 537 4088 cum
562 4047 643 4101 grege
661 4047 710 4086 suo
728 4031 868 4086 ueritatem
887 4029 1089 4095 condemnasse,
1108 4026 1342 4097 provocabantque

153 4126 200 4167 eos
218 4110 341 4171 doctores
360 4114 388 4167 in
406 4113 539 4181 scholam,
559 4121 588 4169 ut
606 4130 638 4168 ex
656 4115 741 4169 literis
759 4115 843 4169 sacris
861 4119 1019 4183 argumenta
1035 4111 1205 4183 proferrent,
1221 4108 1261 4162 illi
1281 4123 1343 4177 cero

150 4195 293 4265 nolebant;
311 4211 398 4265 neque
422 4196 492 4257 enim
515 4196 665 4264 audebant,
693 4214 775 4266 quum
799 4197 901 4252 nullum
927 4197 1059 4251 haberent
1075 4199 1270 4265 argumentum,¹
1288 4207 1341 4262 quo

150 4278 399 4349 condemnationem
417 4280 613 4349 confirmarent.
639 4281 740 4337 Horum
758 4288 848 4337 sutem
866 4282 982 4336 omnium
1000 4286 1094 4334 auctor
1111 4286 1170 4333 erat
1188 4277 1341 4347 Stephanus

151 4363 241 4437 i’aied,
259 4363 353 4424 doctor
370 4363 431 4435 iiie,
455 4363 543 4421 fidelis
561 4381 636 4421 meus
654 4365 822 4434 dilectusque
841 4365 983 4435 quondam,
1001 4363 1090 4433 quoad
1108 4362 1230 4418 veritatis
1247 4376 1341 4417 omens

151 4454 220 4525 erat,
238 4448 354 4519 amicus,
374 4454 402 4503 et
418 4454 527 4522 praeter
545 4465 604 4503 eum
629 4449 788 4511 Staoislans.
824 4449 874 4519 Qui
892 4457 1037 4517 propterea
1054 4447 1153 4502 inimici
1171 4447 1341 4514 exstiterunt,

151 4529 224 4611 quod
240 4533 364 4599 sescntiri
383 4532 517 4597 noluimus
540 4533 632 4607 bullae,
648 4549 749 4604 papae,
778 4549 847 4603 qnae
866 4549 971 4591 sacrum
989 4533 1092 4595 bellum
1109 4531 1234 4605 movebat
1259 4538 1341 4609 atque

147 4615 280 4687 ommim,
297 4617 456 4691 quicumque
474 4617 587 4689 uellent,
606 4624 634 4683 et
650 4617 816 4699 presbyteris
834 4626 861 4672 et
878 4617 1046 4695 mpppsteriis
1064 4623 1092 4687 et
1110 4615 1255 4691 monchis,
1274 4631 1335 4689 per·
