2992 5258
359 115 400 170 22.
428 112 457 168 P.
475 114 590 170 Ioannis
610 113 703 170 XXIII
721 113 818 169 literae
836 112 871 168 ad
889 114 961 168 univ.
978 113 1057 181 ng.
1076 102 1184 168 datae'
1300 102 1361 171 sii

154 322 364 389 successione
380 319 540 398 reformat,
568 323 663 400 prout
689 337 727 382 ex
749 319 865 386 throno
888 336 963 383 suae
986 318 1155 385 ineffabilis
1177 319 1361 402 majestatis,

151 425 187 489 iu
225 423 316 504 cujus
351 439 446 486 manu
480 421 601 486 coelum
625 426 658 484 et
684 427 773 486 terra
794 421 989 498 consistunt,
1024 420 1179 502 conspicit
1202 420 1361 504 expedire.

152 524 240 590 Cum
263 524 372 607 itaque
393 541 496 605 nuper
512 540 651 604 superna
665 521 855 605 disponente
878 522 1047 587 clementia
1069 523 1167 586 simus
1189 524 1221 587 in
1238 528 1362 605 partem

150 624 386 692 sollicitudinis
401 623 564 706 praefatae
586 622 750 699 ecclesiae,
773 632 847 706 post
870 625 1074 704 exequiarum
1098 625 1227 704 expleta
1247 626 1362 690 solem-

148 727 213 806 nia
241 726 344 793 felicis
366 725 598 791 recordationis
623 725 794 790 Alexandri
818 726 936 806 quinti,
970 726 1228 809 praedecessoris
1249 729 1361 808 nostri,

150 828 238 893 XIV
261 827 313 893 die
334 828 452 891 mensis
475 826 550 891 Ilaii
574 827 716 908 proxime
739 826 876 905 decursi,
900 828 994 909 juxta
1015 846 1135 893 morem
1156 849 1175 894 a
1198 828 1361 894 venerabi·

147 928 244 995 libns
268 927 419 993 iratribus
442 926 570 1007 nostriS,
594 926 735 1009 eJusdem
753 927 907 993 ccclesiae
931 928 1153 1004 cardinalibus,
1177 929 1215 994 de
1230 949 1363 1010 quornm

149 1036 388 1095 unmerotnnc
410 1046 548 1107 eramus,
585 1024 788 1109 discrepante
818 1031 956 1110 nemine,
986 1031 1077 1096 XVII
1105 1031 1206 1113 ipsius
1231 1033 1359 1103 mensis,

150 1133 237 1199 licet
252 1130 521 1198 insufficientibus
536 1130 660 1201 meritis
676 1131 808 1210 evocati,
831 1131 1002 1197 Deuotioni
1018 1133 1153 1198 Vestrae
1169 1132 1201 1197 id
1216 1132 1362 1198 duximus

148 1234 197 1301 ad
222 1242 404 1316 vestrorum
427 1233 568 1297 cordium
591 1232 744 1297 laetitiam
775 1233 997 1317 praesentibus
1020 1236 1238 1302 intimandnm.
1271 1237 1361 1302 Licet

153 1337 247 1401 enim
271 1333 417 1400 dominns
440 1334 518 1400 dens
541 1341 670 1413 noster,
701 1352 758 1399 sno
781 1342 860 1400 nntn
883 1336 1036 1401 coelestia
1063 1338 1154 1402 simol
1177 1342 1211 1401 et
1233 1345 1362 1403 terrena

152 1438 354 1519 gubernans,
377 1435 530 1500 annuetis
543 1434 741 1500 Christicolis
757 1455 814 1501 nos
830 1439 1033 1502 constitnerit
1060 1439 1093 1502 in
1116 1440 1245 1520 speculo
1270 1458 1361 1522 prae·

152 1539 354 1604 eminentiae
370 1537 539 1619 pastoralis
555 1537 594 1602 ad
616 1539 788 1618 regendum
802 1539 967 1604 ecclesiam
985 1546 1124 1604 sanctam
1138 1559 1241 1604 snam:
1257 1541 1362 1605 Dero-

154 1643 282 1706 tionem
306 1649 412 1706 tumen
435 1639 618 1720 praelatam,
642 1645 799 1721 tamqnam
823 1639 1082 1720 intimarnlilinm,
1105 1643 1371 1723 recognoscimus.

159 1745 349 1828 specialiter
363 1751 492 1809 nostrae
509 1741 713 1807 sollicitudini
737 1743 777 1807 ab
800 1743 919 1807 intimis
936 1742 1194 1809 commendatam.
1209 1745 1288 1812 Nam
1304 1766 1362 1830 pro

162 1857 251 1915 slatn
275 1848 451 1914 ethonore
473 1842 635 1926 praelatae
659 1845 821 1925 ecclesiae,
844 1865 881 1910 ac
903 1846 1003 1929 ipsius
1027 1834 1266 1929 tranquillitate,
1284 1866 1361 1931 pace

158 1955 201 2015 et
220 1952 335 2016 unione
358 1947 459 2012 totins
482 1946 590 2027 gregis
618 1944 757 2011 fidelium
780 1947 847 2011 suis
869 1947 1048 2013 actionibus
1070 1966 1166 2029 agere
1182 1967 1240 2030 pro
1256 1948 1362 2015 lntnrn

156 2050 315 2132 singulari
345 2048 509 2129 vigilantia
539 2065 602 2111 non
624 2046 760 2112 desistit.
786 2048 987 2131 Aliquorum
1011 2052 1266 2131 persecutionem
1289 2071 1361 2134 per-

153 2152 287 2234 vigilem
303 2160 336 2218 et
369 2152 529 2229 solertem,
557 2157 718 2233 pastorum
736 2152 951 2234 praelatorum
977 2156 1220 2234 ceterorumque
1237 2153 1361 2219 devotis

154 2270 203 2318 ac
231 2253 376 2319 fidelibus
410 2258 655 2319 consentaneam
689 2255 774 2319 euris
797 2261 830 2318 et
852 2253 1031 2319 actionibus
1054 2252 1234 2331 fructuosis,
1268 2275 1305 2320 ae
1328 2261 1363 2319 nt

154 2357 340 2420 orationum
362 2361 540 2420 vestrarum
565 2354 740 2437 suffragiis,
771 2363 807 2421 ut
827 2355 1015 2421 altissimum
1038 2356 1187 2420 continuo
1211 2357 1359 2435 exoretis

155 2458 247 2533 qnod
279 2457 320 2523 ad
352 2457 524 2537 regendam
559 2456 731 2523 salubriter
754 2459 921 2522 eeclesiam
944 2462 1085 2522 sanctam
1109 2475 1197 2521 snam
1220 2457 1359 2522 favorem

155 2556 254 2623 nobis
275 2557 399 2641 gratiae
421 2558 571 2623 coelestis
593 2559 747 2633 infundat,
770 2577 807 2623 ac
830 2578 888 2640 per
916 2564 988 2623 octo
1011 2557 1082 2622 dies
1104 2558 1144 2622 ab
1168 2558 1362 2623 exlribitiore

155 2663 389 2741 praesentiam,
411 2668 447 2726 ut
461 2660 596 2725 animam
613 2661 712 2741 ipsius
735 2660 994 2742 praedecessoris
1011 2660 1112 2727 nostri
1135 2659 1219 2724 inter
1234 2669 1362 2725 sanctos

155 2760 325 2829 etelectus
341 2780 417 2827 snos
438 2760 689 2826 misericorditer
704 2761 861 2826 collocare
877 2761 1043 2838 dignetur,
1065 2761 1170 2827 lroctu
1187 2762 1362 2842 condignae

156 2865 472 2948 recompensationis
505 2869 537 2926 et
560 2862 694 2943 gloriae,
729 2864 824 2928 etium
852 2863 937 2944 apnd
966 2881 1175 2943 supernorum
1197 2881 1362 2928 munerum

153 2951 345 3045 largitorem
368 2964 496 3029 minime
519 2964 698 3044 carituram,
727 2963 936 3030 Deuotionem
953 2963 1086 3029 eandem
1109 2966 1252 3046 paternis
1267 2964 1362 3031 allec·

155 3055 252 3132 tibus
272 3065 488 3132 exhortamur.
512 3063 559 3128 De
582 3063 673 3129 nobis
695 3070 818 3143 antem,
841 3065 896 3146 qrri
917 3064 992 3129 dnm
1014 3065 1129 3130 minori
1152 3062 1361 3147 fungebamur

153 3153 280 3247 odron,
313 3167 447 3233 eandem
480 3166 690 3231 Derotionem
723 3167 799 3231 Vrem
834 3166 1007 3249 praecipua
1039 3185 1167 3249 semper
1192 3165 1359 3234 allectione

154 3252 346 3348 dileximus,
376 3267 523 3333 fiduciam
545 3267 689 3332 volumus
717 3269 877 3344 obtinere,
901 3269 986 3350 anod
1009 3268 1109 3350 ipsam
1132 3267 1252 3333 Dev¹¹⁰¹²¹
1283 3268 1359 3335 ΨΜ

154 3353 313 3453 deinceps
328 3366 563 3436 continebimns
586 3369 617 3433 in
634 3369 754 3435 intimis
776 3370 952 3436 visceribus
975 3369 1081 3435 cordis
1103 3370 1215 3448 nostri,
1239 3370 1278 3436 de
1295 3370 1363 3434 Vrit

156 3451 270 3564 bevre
301 3490 338 3538 ac
359 3477 540 3536 vestrorum
562 3469 750 3548 commodIs,
785 3476 869 3535 stato
896 3471 1020 3553 pariter
1043 3471 1234 3550 ethonore,
1268 3478 1364 3553 prout

155 3569 329 3647 lssSpirnbit
344 3570 529 3649 altissimus,
546 3576 679 3653 paterna
694 3570 908 3637 sollicitudine
920 3573 1041 3653 jugiter
1056 3571 1244 3651 cogitantes.
1261 3571 1364 3654 Super

157 3662 278 3736 orions
299 3677 332 3738 et
353 3672 513 3738 nonnullis
536 3670 624 3746 aliis,
651 3675 768 3736 statum
790 3679 934 3738 nostrum
958 3679 991 3738 ut
1013 3671 1175 3755 praelatae
1198 3672 1361 3751 ecclesiae,
1433 3685 1435 3689 ⁴

159 3772 195 3821 δῦ
224 3769 360 3838 fidelium
389 3773 653 3854 tranquillitatem
675 3772 956 3852 concernentibus
991 3773 1124 3839 dilectos
1146 3772 1243 3849 filios,
1264 3773 1361 3854 magi-

161 3860 252 3936 Ilros
271 3874 440 3939 Antonium
463 3873 502 3939 de
517 3873 734 3939 MontecatIno
762 3880 796 3939 ct
810 3875 963 3940 Iacobum
990 3874 1178 3939 Devinionis
1199 3875 1238 3939 de
1265 3873 1360 3953 Luca

163 3953 269 4042 tagum
301 3974 463 4053 doctorem
499 3976 628 4040 nuntios
659 3981 788 4040 nostros
811 3975 851 4040 de
884 3983 1020 4057 patema
1051 3981 1162 4039 nostra
1183 3973 1362 4039 intentione

169 4055 253 4135 cirea
271 4076 445 4156 praemissa
472 4075 616 4157 plenarie
637 4074 832 4152 informatos
856 4074 896 4140 ad
919 4075 1051 4141 eandem
1073 4074 1282 4140 Deuotionem
1299 4075 1361 4141 Ve-

171 4160 265 4236 elram
288 4174 450 4241 destinare
480 4176 686 4258 providimus.
721 4175 860 4252 erornm
882 4175 1039 4241 relatibus
1061 4174 1214 4241 adhibere
1237 4175 1362 4257 placeat

176 4269 346 4341 emendae
366 4274 494 4358 plenam
517 4274 619 4341 fidem.
643 4275 716 4340 Dat.
739 4274 912 4352 Bononiae,
939 4274 1093 4340 Kalendis
1115 4274 1212 4355 lunii,
1236 4275 1361 4362 pontili-

181 4369 260 4436 totus
278 4377 378 4445 nostri
404 4395 487 4443 anuo
507 4377 620 4461 primo.
