2992 5258
372 408 412 462 23.
447 407 556 477 Zbyuoo
573 407 730 462 mandatum
748 408 897 464 Alexandri
916 410 938 464 V
957 409 1123 478 exsequitur.
1285 416 1346 479 383

146 606 174 672 si
197 626 279 690 quae
302 609 448 676 obtinent
473 618 506 677 et
528 609 722 676 infuturum
749 610 947 693 obtinebunt,
971 632 1114 679 necnon
1136 613 1176 678 ad
1198 613 1345 679 inhabili-

145 708 301 774 tationem
333 709 577 776 obtinendorum
611 716 644 776 et
675 711 715 777 ad
754 711 999 793 captivationem
1036 731 1245 796 personarum
1277 732 1346 780 cum

145 809 266 875 auxilio
278 810 415 877 seculari
427 811 623 876 serenissimi
636 812 788 895 principis
801 821 833 878 et
855 812 972 878 domiui
988 814 1090 880 nostri
1111 814 1150 878 D.
1167 813 1344 880 Wenceslai

147 909 364 976 Romanorum
386 912 472 994 regis
495 930 621 995 semper
643 912 779 993 Augusti
802 919 835 978 et
847 912 1018 979 Bohemiae
1040 914 1133 996 regie,
1157 912 1275 979 domini
1292 933 1348 978 uo-

145 1011 208 1075 stri
242 1013 481 1092 gratiosissimi,
515 1014 565 1078 cni
588 1014 684 1078 etiam
706 1013 824 1078 dictum
847 1015 1008 1096 negotium
1031 1034 1050 1080 a
1071 1014 1147 1079 sedo
1170 1015 1345 1098 apostolica

145 1111 313 1192 praedicta
334 1114 517 1196 specialiter
539 1121 589 1179 est
614 1114 824 1194 commissum,
847 1114 939 1196 juxta
959 1115 1091 1180 ienuam
1113 1114 1253 1180 mandati
1267 1135 1342 1198 apo·

144 1210 255 1276 stolici
287 1213 478 1296 praescripti
510 1214 670 1279 mediante
702 1213 829 1295 justitia
853 1214 1075 1297 procedemus,
1098 1221 1189 1298 puta,
1213 1215 1347 1297 quodsi

148 1312 221 1391 quis
238 1315 431 1380 contrarium
446 1315 567 1392 iecerit,
595 1316 681 1380 velut
698 1314 879 1382 haereticus
895 1320 1073 1396 censeatur,
1093 1318 1130 1381 'et
1144 1316 1184 1381 ab
1199 1315 1346 1380 omnibus

146 1411 312 1479 habeatur.

250 1513 385 1597 Insuper
414 1515 524 1583 literas
554 1523 587 1583 et
615 1515 763 1582 mandata
792 1515 967 1599 apostolica
989 1517 1188 1599 praescripta
1211 1516 1346 1583 ulterius

148 1614 280 1695 exsequi
309 1617 468 1696 volentes,
495 1617 687 1684 auctoritate
709 1617 884 1700 apostolica
906 1617 1122 1700 praescripta,
1144 1635 1200 1681 sex
1223 1616 1346 1681 dierum

149 1714 322 1781 monitione
352 1718 505 1783 canonica
532 1719 723 1801 praemissa,
754 1718 910 1783 universis
939 1718 1137 1799 presbyteris
1168 1725 1201 1783 et
1223 1717 1347 1783 clericis

149 1815 208 1879 sub
240 1819 573 1884 excommunicationis
605 1837 709 1903 poena
739 1818 901 1885 antedicta
933 1838 971 1885 ac
1004 1817 1036 1883 in
1065 1817 1183 1882 virtute
1216 1824 1345 1883 sauctae

150 1914 351 1984 obedientiae
376 1919 522 1985 districte
545 1920 770 2003 praecipiendo
792 1917 992 1998 mandamnS,
1016 1938 1055 1984 ne
1078 1917 1272 2000 peramplius
1287 1917 1347 1982 ali-

150 2017 220 2096 quis
254 2026 394 2084 vestrum
428 2026 461 2084 et
494 2040 532 2085 ex
556 2021 645 2086 vobis
678 2022 794 2086 audeat
827 2018 1082 2102 praedicationes
1116 2025 1150 2083 et
1182 2035 1348 2083 sermones
1439 2075 1443 2084 .

151 2114 254 2182 iacere
276 2118 316 2183 ad
339 2120 491 2202 populum
514 2121 546 2183 in
569 2122 647 2186 locis
676 2122 810 2204 privatis
833 2119 970 2186 civitatis
993 2120 1196 2202 praedictae,
1231 2117 1293 2182 uisi
1315 2117 1347 2181 iu

152 2215 293 2283 ecclesiis
317 2219 572 2301 cathedralibus,
598 2221 790 2303 collegiatis
817 2220 1064 2302 parochialibus,
1091 2218 1293 2284 monasteriis
1317 2224 1348 2281 et

153 2333 258 2383 earum
291 2320 469 2400 cimiteriis,
504 2329 599 2403 prout
631 2322 705 2386 olim
723 2323 817 2405 Juxta
846 2321 928 2402 juris
951 2319 1093 2384 ordinem
1116 2318 1184 2384 fieri
1208 2326 1258 2383 est
1273 2337 1348 2384 con·

153 2424 289 2492 suetum;
313 2438 375 2485 non
399 2421 546 2487 obstante
569 2422 703 2505 quodsi
728 2421 843 2502 aliqui,
875 2427 971 2503 prout
993 2420 1025 2484 in
1047 2419 1221 2503 praedictis
1244 2417 1347 2484 literis

153 2519 333 2599 apostolicis
356 2521 553 2604 exprimitur,
576 2539 676 2604 super
697 2523 757 2588 hoc
780 2520 902 2587 indulto
925 2520 1101 2602 apostolico
1124 2525 1157 2585 et
1172 2519 1348 2602 privilegiis

153 2617 214 2684 sint
242 2621 365 2686 muniti.
400 2622 463 2687 Sed
483 2624 524 2687 ab
546 2622 726 2705 hujusmodi
752 2621 1043 2706 praedicationibus
1065 2621 1097 2684 in
1120 2621 1198 2686 locis
1215 2619 1348 2702 privatis

153 2718 276 2784 omnino
299 2722 433 2788 cessetis
456 2733 487 2786 et
507 2722 672 2788 desistatis
695 2741 732 2787 ac
754 2720 966 2787 effectualiter
987 2739 1114 2787 cessare
1137 2727 1169 2785 et
1191 2719 1347 2785 desistere

155 2818 316 2887 studeatis.

251 2920 386 2988 Domum
408 2941 464 2990 vos
486 2924 653 2989 universos
676 2930 707 2989 et
730 2924 872 3005 singulos
898 2923 1108 3006 supradictos
1132 2924 1346 3006 cujuscunque

154 3020 286 3101 gratim,
313 3024 434 3090 ordinis
457 3033 489 3091 et
511 3025 702 3090 conditionis
725 3025 932 3105 exstiteritis,
960 3025 1152 3090 auctoritate
1173 3024 1348 3106 apostolica

155 3122 315 3190 antedicta
335 3143 508 3206 monemus
530 3125 683 3207 vobisque
712 3126 936 3208 praesentibus
959 3123 1146 3205 iuhibemus
1170 3142 1210 3188 ne
1232 3124 1347 3206 aliquis

156 3231 293 3291 vestrum
326 3226 417 3291 nobis
450 3234 482 3292 et
514 3227 584 3291 aliis
607 3227 647 3290 ad
680 3226 899 3292 executionem
922 3225 998 3292 dicti
1020 3225 1159 3291 mundati
1181 3225 1348 3307 apostolici

155 3328 396 3411 cooperantibus
430 3329 480 3393 vol
514 3328 681 3411 cooperari
714 3326 895 3393 volentibus
927 3325 1055 3407 aliquod
1089 3325 1347 3409 impedimentum

154 3429 276 3511 publice
298 3429 347 3494 vel
370 3429 503 3508 occulte,
526 3429 637 3510 quovis
660 3428 805 3510 quaesito
828 3427 936 3493 colore
959 3425 1139 3508 praestetis,
1163 3430 1218 3491 arrt
1232 3425 1347 3507 aliquis

154 3537 291 3596 vestrum
313 3535 456 3613 praestet
470 3548 528 3612 per
551 3548 586 3594 se
610 3530 660 3593 vel
675 3549 734 3612 per
756 3528 964 3611 interpositas
991 3545 1154 3609 personas,
1178 3527 1345 3609 quominus

153 3632 255 3697 omnia
269 3638 302 3697 et
324 3631 450 3714 singula
462 3630 668 3713 praescripta,
693 3635 790 3712 prout
804 3628 951 3712 superius
967 3627 1158 3693 articulatim
1175 3635 1208 3692 et
1223 3625 1347 3691 divisim

153 3739 224 3800 sont
238 3732 409 3815 descripta,
426 3749 517 3796 suurn
533 3730 675 3796 debitum
691 3736 927 3812 cousequantur
942 3733 974 3792 et
990 3727 1166 3793 sortiantur
1182 3727 1342 3805 effectum3

153 3850 209 3901 nec
237 3830 485 3917 impedientibus
509 3850 566 3898 nos
588 3832 639 3897 vel
661 3829 889 3913 occupantibus
912 3828 944 3893 in
967 3829 1149 3911 praemissis
1179 3833 1235 3893 aut
1256 3845 1348 3910 prae-

153 3936 318 4001 missorum
330 3934 435 4014 aliquo
448 3933 530 3998 detis
547 3941 602 3997 aut
623 3931 737 4012 aliquis
761 3937 900 3995 vestrum
916 3928 971 3994 det
992 3929 1159 4003 auxilium,
1181 3927 1347 3993 consilinm

155 4036 201 4102 rel
222 4034 372 4114 favorem,
396 4033 452 4099 sed
474 4035 505 4097 in
530 4033 674 4097 omnibus
692 4042 724 4096 et
746 4049 804 4114 per
826 4031 930 4096 ornnia
951 4043 1049 4112 surpra
1071 4036 1104 4094 et
1125 4028 1347 4111 infrascriptis

153 4135 305 4203 mandatis
328 4145 361 4201 et
381 4133 609 4200 monitionibus
632 4132 752 4197 nostris
775 4131 839 4195 imo
859 4129 967 4194 verius
989 4129 1173 4212 apostolicis
1195 4130 1346 4212 pareatis,

152 4236 307 4304 obediatis
337 4244 370 4302 et
396 4235 587 4313 intendatis,
616 4252 653 4300 ac
683 4231 817 4314 quilibet
848 4238 989 4296 vestrum
1011 4235 1132 4312 pareat,
1161 4229 1290 4296 obediet
1312 4237 1345 4295 et

153 4336 296 4404 intendat
311 4337 442 4402 realiter
464 4354 534 4401 cum
551 4333 675 4400 ellectu.
699 4331 847 4414 Alioquin
863 4331 895 4395 in
919 4347 974 4394 vos
997 4331 1145 4411 superius
1165 4331 1344 4396 nominatos

153 4444 185 4504 et
194 4438 385 4521 descriptos,
407 4445 441 4503 et
463 4454 541 4517 quos
563 4434 741 4518 hujusmodi
758 4432 860 4498 nostri
876 4446 1054 4514 processus,
1071 4436 1106 4495 ut
1120 4431 1346 4513 praemittitur,

152 4546 360 4618 concernunt,
383 4543 518 4618 tangunt
540 4545 573 4602 et
595 4534 747 4611 afficiunt,
770 4551 807 4597 ac
828 4531 1022 4614 generaliter
1044 4531 1077 4594 in
1099 4549 1209 4596 omnes
1231 4538 1264 4597 et
1282 4531 1345 4596 siu·

152 4643 252 4723 grrlos,
276 4640 485 4707 communiter
507 4644 540 4703 et
561 4636 700 4716 divisim,
724 4633 753 4698 si
773 4631 857 4698 forte
879 4632 983 4696 omnia
1005 4638 1038 4696 et
1059 4631 1197 4713 singula,
1219 4640 1275 4699 aut
1289 4633 1344 4698 ali-
