2992 5258
151 412 215 478 690
397 406 604 463 Controversiae
621 403 656 462 de
674 405 804 474 religione
820 402 848 462 iu
869 406 1014 462 Bobenia:
1034 402 1108 462 1418.
1213 403 1220 417 “

150 612 330 687 iustissimae
356 614 474 674 veritati

152 718 181 772 et
203 729 267 772 eam
292 714 435 774 reducere

151 814 188 873 ad
211 814 366 886 pristinum
388 817 452 889 ejus
475 820 590 875 statum.

150 913 285 991 Dicerem
309 931 374 974 eum
396 915 523 986 beatum,

152 1014 200 1074 dei
221 1030 342 1075 munere
368 1015 505 1089 dignum:

151 1115 204 1176 aed
226 1115 284 1175 heu
306 1132 366 1186 rex,
388 1115 469 1186 baro,
492 1115 593 1187 cliens,

151 1214 261 1274 villana
282 1213 345 1275 iere
367 1220 431 1275 tota
451 1232 523 1289 gena

152 1321 267 1375 coctum
287 1315 365 1375 huno
384 1313 540 1387 malignum

152 1414 252 1475 fovent
271 1414 382 1476 illicitis
404 1414 542 1476 lomentis

153 1522 255 1576 contra
275 1515 419 1575 rationem
442 1515 557 1584 mentis,

152 1616 254 1678 oeulos
276 1615 415 1675 attollere

152 1716 257 1775 nolunt
276 1715 408 1775 tenebris
430 1722 573 1785 assuetos,

152 1822 186 1876 ut
206 1816 323 1889 possint
339 1817 421 1890 juste
442 1817 575 1875 insuetos

153 1933 230 1978 nnuc
252 1933 372 1977 errores
394 1932 526 1976 cernere.

154 2017 270 2078 Similes
292 2003 505 2089 vespertilioni,

153 2124 286 2188 noctuae,
308 2134 432 2190 upupae,
455 2116 572 2185 buboni,

48 2282 51 2289 ,
132 2234 275 2292 ‘quorum
296 2234 356 2278 uox
377 2217 512 2278 intuitum

153 2317 306 2389 illuminat,
329 2324 431 2379 coecat
451 2317 517 2390 lux,

153 2425 268 2490 premet
290 2433 341 2477 eos
366 2418 472 2492 glauca
493 2434 571 2487 crux,
624 2424 626 2431 ’

153 2535 221 2578 nam
243 2524 289 2578 est
310 2517 385 2578 male
408 2520 558 2579 creditum.

154 2619 221 2678 Non
244 2622 291 2678 est
311 2619 389 2678 ultra
408 2617 619 2687 inmorandum,

155 2719 209 2777 sed
231 2719 268 2778 ad
292 2719 377 2778 deum
400 2716 617 2790 perferendum,

154 2834 220 2877 nam
244 2819 307 2892 ejns
329 2808 379 2878 res
401 2819 507 2894 agitur,

154 2924 187 2979 ut
206 2917 342 2978 admittat
366 2924 482 2978 normas
505 2934 617 2990 preces,

152 3016 257 3079 foedas
278 3019 351 3079 istas
374 3024 471 3092 tergat
491 3017 581 3090 feces,

154 3135 220 3178 nam
242 3119 385 3180 innocens
407 3119 543 3183 laeditur.

155 3219 259 3279 Oleros
282 3225 400 3280 sanctus
421 3227 452 3279 et
472 3219 623 3294 praelatus

154 3324 202 3377 est
222 3318 253 3377 in
275 3319 465 3391 opprobrium
487 3321 571 3379 datus

153 3417 241 3476 modo
264 3419 375 3480 cunctis
396 3419 542 3494 gentibus.

156 3517 209 3588 Tu,
232 3519 281 3592 qui
302 3520 394 3588 audis,
417 3520 460 3579 sic
481 3537 608 3594 repensa

153 3617 192 3676 ob
214 3619 320 3677 merita
340 3619 536 3691 perimmensa

153 3716 301 3778 instillare
323 3720 442 3780 auribus
543 3721 545 3727 ’

157 3817 245 3892 regis,
268 3824 300 3878 ut
319 3826 426 3893 purget
446 3819 626 3892 fermentum,

156 3917 234 3991 quod
256 3926 391 3979 recenter
412 3930 460 3982 est
481 3923 628 3983 inventum

151 4018 214 4080 vita
235 4017 292 4078 sibi
314 4021 438 4094 comite;

95 4118 97 4122 ’
150 4123 180 4178 tc
203 4124 280 4177 metu
318 4136 403 4179 nemo
425 4127 543 4194 terreat,

150 4233 235 4277 nemo
262 4235 399 4294 pavorem
419 4221 544 4296 inferst3

154 4318 229 4378 vado
251 4326 333 4380 recto
356 4323 480 4394 tramite,

149 4426 269 4492 recepto
291 4437 310 4478 a
330 4427 359 4481 te
380 4424 516 4483 mandato

151 4519 221 4578 mihi
242 4538 336 4595 nuper
357 4539 375 4580 a
395 4530 425 4583 te
447 4526 524 4585 dato.

151 4617 216 4680 Jam
238 4621 399 4696 intrepidus
421 4625 525 4686 vadam

779 2615 958 2679 Wiolefistae
981 2619 1168 2691 expellantur

780 2726 810 2779 et
830 2725 1016 2791 praesentem
1038 2720 1253 2794 compellantur

750 620 753 667 ῑ
778 610 853 672 lidus
876 590 941 671 tuus
965 626 1020 685 ego
1043 625 1155 680 sersus,

750 704 752 757 Ι
778 711 878 770 saliam
902 710 991 770 modo
1012 711 1090 770 sicut
1111 725 1223 779 oenus,

750 762 753 909 ζ
777 827 875 871 coram
896 827 967 885 rege
991 811 1115 884 supplex
1136 809 1248 878 cadem

751 932 753 973 ῑ
778 911 878 982 orabo,
899 910 975 970 flexo
998 912 1120 987 poplite,

778 1028 950 1072 succurrere
970 1013 1015 1071 rei
1036 1011 1183 1085 publicae

777 1112 834 1172 hoo
854 1129 926 1186 agae
949 1113 1013 1172 sine
1034 1128 1126 1171 mora.

778 1213 818 1272 Et
838 1210 963 1273 festinus
983 1213 1126 1283 accelera,

778 1329 941 1388 expurgare
964 1311 1037 1374 haec
1057 1313 1189 1375 scelera:

774 1416 836 1487 jam
858 1416 1011 1487 praeteriit
1032 1414 1113 1474 hora.

823 1593 918 1648 Semo
936 1595 976 1648 ad
992 1611 1083 1663 rupem
1109 1593 1304 1647 chrceslasoa

820 1715 996 1776 Wenceslae
1016 1731 1070 1774 rex
1093 1716 1217 1774 serene!

779 1832 854 1890 quae
875 1816 989 1891 loquor,
1010 1815 1132 1876 adverw
1155 1814 1240 1885 bene,

780 1917 897 1976 nuntius
919 1934 982 1976 sum
1004 1917 1112 1976 missus

779 2032 833 2088 pro
858 2016 1032 2089 repellenda
1053 2016 1128 2088 labe,

779 2118 951 2190 patientiam
973 2119 1071 2177 inme
1093 2117 1179 2188 habe,

779 2218 822 2277 sio
844 2233 907 2276 sum
928 2215 1040 2277 referre
1059 2219 1176 2290 iussus:

779 2316 873 2376 Nimis
895 2317 945 2377 diu
965 2317 1147 2392 exspectasti
1213 2364 1215 2369 -

780 2432 884 2477 serene
905 2433 965 2488 rex,
992 2423 1023 2477 et
1042 2403 1168 2478 tardasti

779 2534 894 2577 manum
908 2517 1013 2578 fortem
1035 2533 1156 2591 ponere.

778 2818 926 2878 infamiam
947 2820 1063 2894 tollere,

780 2936 817 2977 ne
840 2926 899 2979 stet
919 2935 1042 2994 regnum
1061 2920 1094 2979 in
1114 2936 1217 2980 errore

779 3020 809 3078 in
832 3026 891 3078 tam
915 3021 1051 3093 tristique
1072 3037 1209 3081 moerore

779 3125 885 3194 gentes
907 3121 1007 3192 plures
1030 3128 1163 3193 pereant,

780 3221 810 3280 in
833 3235 934 3279 errore
957 3220 1154 3292 perdurantes

781 3327 811 3381 et
830 3321 862 3380 in
883 3318 942 3380 fide
964 3320 1137 3381 vacillantes

782 3428 883 3482 sancta
903 3421 969 3496 lege
991 3428 1120 3482 careant

781 3523 855 3580 Nam
879 3522 1024 3594 scriptura
1045 3521 1102 3581 hoo
1122 3529 1248 3584 testatur

781 3638 951 3696 canoneque
977 3622 1200 3694 comprobetur:

782 3723 854 3782 nihil
876 3727 1001 3795 prosunt
1021 3723 1131 3783 homini

779 3826 899 3898 jejunia,
921 3839 1034 3896 preces,
1057 3824 1193 3900 planctus

782 3924 970 3998 elemosynae
992 3939 1027 3984 ae
1053 3930 1157 3985 cauma

783 4025 892 4098 absque
915 4025 982 4098 lege
1004 4025 1123 4097 domini,
1217 4101 1223 4115 .

783 4125 915 4198 pretioso
938 4125 988 4198 qui
1008 4142 1112 4185 cruore

783 4225 920 4284 mundum
944 4225 1045 4286 lavans
1067 4226 1104 4286 ab
1127 4243 1228 4288 errore

784 4325 895 4385 studuit
914 4326 1087 4399 abstergere

783 4428 905 4499 primum
926 4427 1104 4500 protoplasti
1127 4430 1233 4500 scelus,

784 4528 931 4588 Christum
953 4527 1020 4587 dum
1041 4531 1182 4590 movebat
1201 4531 1287 4599 zelus

784 4630 888 4688 nolens
911 4634 1014 4702 gentes
1037 4629 1172 4705 perdere,
