<?xml version="1.0" encoding="UTF-8"?>
<!DOCTYPE html PUBLIC "-//W3C//DTD XHTML 1.0 Transitional//EN"
    "http://www.w3.org/TR/xhtml1/DTD/xhtml1-transitional.dtd">
<html xmlns="http://www.w3.org/1999/xhtml" xml:lang="en" lang="en">
 <head>
  <title>
</title>
<meta http-equiv="Content-Type" content="text/html;charset=utf-8" />
  <meta name='ocr-system' content='tesseract 3.04.00' />
  <meta name='ocr-capabilities' content='ocr_page ocr_carea ocr_par ocr_line ocrx_word'/>
</head>
<body>
  <div class='ocr_page' id='page_1' title='image "./documentamagjoa00palagoog_0025.png"; bbox 0 0 2992 5258; ppageno 0'>
   <div class='ocr_carea' id='block_1_1' title="bbox 149 429 884 503">
    <p class='ocr_par' dir='ltr' id='par_1_1' title="bbox 149 429 884 503">
     <span class='ocr_line' id='line_1_1' title="bbox 149 429 884 503; baseline -0.011 -14"><span class='ocrx_word' id='word_1_1' title='bbox 149 442 170 503; x_wconf 85' lang='lat'>4</span> <span class='ocrx_word' id='word_1_2' title='bbox 611 430 750 498; x_wconf 81' lang='lat' dir='ltr'>Epistulae</span> <span class='ocrx_word' id='word_1_3' title='bbox 769 429 884 496; x_wconf 82' lang='lat' dir='ltr'>scriptae</span> 
     </span>
    </p>
   </div>
   <div class='ocr_carea' id='block_1_2' title="bbox 84 631 1365 2923">
    <p class='ocr_par' dir='ltr' id='par_1_2' title="bbox 84 631 1365 2923">
     <span class='ocr_line' id='line_1_2' title="bbox 150 631 1343 718; baseline -0.001 -19"><span class='ocrx_word' id='word_1_4' title='bbox 150 642 282 718; x_wconf 91' lang='lat' dir='ltr'>propter</span> <span class='ocrx_word' id='word_1_5' title='bbox 311 634 613 715; x_wconf 71' lang='lat' dir='ltr'>evangelizationem</span> <span class='ocrx_word' id='word_1_6' title='bbox 643 632 743 714; x_wconf 91' lang='lat' dir='ltr'>ipsius</span> <span class='ocrx_word' id='word_1_7' title='bbox 777 631 932 711; x_wconf 81' lang='lat' dir='ltr'>evangelii</span> <span class='ocrx_word' id='word_1_8' title='bbox 962 631 1136 713; x_wconf 85' lang='lat' dir='ltr'>patiuntur.</span> <span class='ocrx_word' id='word_1_9' title='bbox 1180 632 1207 697; x_wconf 93' lang='grc' dir='ltr'>Ο</span> <span class='ocrx_word' id='word_1_10' title='bbox 1237 635 1343 714; x_wconf 91' lang='lat' dir='ltr'>pater!</span> 
     </span>
     <span class='ocr_line' id='line_1_3' title="bbox 150 731 1342 817; baseline -0.001 -17"><span class='ocrx_word' id='word_1_11' title='bbox 150 753 231 817; x_wconf 90' lang='lat' dir='ltr'>quae</span> <span class='ocrx_word' id='word_1_12' title='bbox 252 736 355 817; x_wconf 91' lang='lat' dir='ltr'>pietas</span> <span class='ocrx_word' id='word_1_13' title='bbox 377 741 435 814; x_wconf 78' lang='lat' dir='ltr'>est,</span> <span class='ocrx_word' id='word_1_14' title='bbox 462 733 631 815; x_wconf 90' lang='lat' dir='ltr'>prohibere</span> <span class='ocrx_word' id='word_1_15' title='bbox 654 731 883 813; x_wconf 82' lang='lat' dir='ltr'>evangelizare,</span> <span class='ocrx_word' id='word_1_16' title='bbox 906 731 990 812; x_wconf 91' lang='lat' dir='ltr'>quod</span> <span class='ocrx_word' id='word_1_17' title='bbox 1013 733 1177 813; x_wconf 85' lang='lat' dir='ltr'>praecepit</span> <span class='ocrx_word' id='word_1_18' title='bbox 1196 731 1342 799; x_wconf 86' lang='lat' dir='ltr'>Christus</span> 
     </span>
     <span class='ocr_line' id='line_1_4' title="bbox 149 831 1341 916; baseline -0.003 -15"><span class='ocrx_word' id='word_1_19' title='bbox 149 838 215 915; x_wconf 86' lang='lat' dir='ltr'>suis</span> <span class='ocrx_word' id='word_1_20' title='bbox 238 835 401 916; x_wconf 83' lang='lat' dir='ltr'>discipulis</span> <span class='ocrx_word' id='word_1_21' title='bbox 423 833 641 915; x_wconf 80' lang='lat' dir='ltr'>principaliter</span> <span class='ocrx_word' id='word_1_22' title='bbox 663 833 787 897; x_wconf 91' lang='lat' dir='ltr'>dicens:</span> <span class='ocrx_word' id='word_1_23' title='bbox 813 831 1013 913; x_wconf 85' lang='lat' dir='ltr'>„praedicate</span> <span class='ocrx_word' id='word_1_24' title='bbox 1036 833 1234 914; x_wconf 85' lang='lat' dir='ltr'>evangelium</span> <span class='ocrx_word' id='word_1_25' title='bbox 1257 835 1341 898; x_wconf 91' lang='lat' dir='ltr'>omni</span> 
     </span>
     <span class='ocr_line' id='line_1_5' title="bbox 151 931 1345 1017; baseline -0.003 -15"><span class='ocrx_word' id='word_1_26' title='bbox 151 938 352 1015; x_wconf 85' lang='lat' dir='ltr'>creaturae;“</span> <span class='ocrx_word' id='word_1_27' title='bbox 384 954 464 1017; x_wconf 81' lang='lat' dir='ltr'>quae</span> <span class='ocrx_word' id='word_1_28' title='bbox 486 935 654 1014; x_wconf 84' lang='lat' dir='ltr'>discretio,</span> <span class='ocrx_word' id='word_1_29' title='bbox 682 934 866 1014; x_wconf 84' lang='lat' dir='ltr'>diligentem</span> <span class='ocrx_word' id='word_1_30' title='bbox 889 933 1102 999; x_wconf 82' lang='lat' dir='ltr'>laboratorem</span> <span class='ocrx_word' id='word_1_31' title='bbox 1126 940 1159 998; x_wconf 87' lang='lat' dir='ltr'>et</span> <span class='ocrx_word' id='word_1_32' title='bbox 1180 931 1304 998; x_wconf 86' lang='lat' dir='ltr'>fidelem</span> <span class='ocrx_word' id='word_1_33' title='bbox 1326 954 1345 999; x_wconf 93' lang='lat' dir='ltr'>a</span> 
     </span>
     <span class='ocr_line' id='line_1_6' title="bbox 84 1033 1344 1114; baseline -0.003 -12"><span class='ocrx_word' id='word_1_34' title='bbox 84 1108 87 1114; x_wconf 64' lang='grc'><strong>,</strong></span> <span class='ocrx_word' id='word_1_35' title='bbox 150 1038 259 1103; x_wconf 92' lang='lat' dir='ltr'>labore</span> <span class='ocrx_word' id='word_1_36' title='bbox 281 1036 453 1102; x_wconf 81' lang='lat' dir='ltr'>cohibere?</span> <span class='ocrx_word' id='word_1_37' title='bbox 485 1036 608 1099; x_wconf 84' lang='lat' dir='ltr'>Revera</span> <span class='ocrx_word' id='word_1_38' title='bbox 640 1035 783 1111; x_wconf 80' lang='lat' dir='ltr'>aestimo,</span> <span class='ocrx_word' id='word_1_39' title='bbox 814 1052 876 1098; x_wconf 93' lang='lat' dir='ltr'>non</span> <span class='ocrx_word' id='word_1_40' title='bbox 903 1035 955 1098; x_wconf 69' lang='lat' dir='ltr'>um</span> <span class='ocrx_word' id='word_1_41' title='bbox 983 1036 1091 1114; x_wconf 59' lang='lat' dir='ltr'>Patre,</span> <span class='ocrx_word' id='word_1_42' title='bbox 1126 1033 1182 1098; x_wconf 91' lang='lat' dir='ltr'>sed</span> <span class='ocrx_word' id='word_1_43' title='bbox 1211 1034 1344 1098; x_wconf 90' lang='lat' dir='ltr'>aliorum</span> 
     </span>
     <span class='ocr_line' id='line_1_7' title="bbox 150 1134 1343 1217; baseline -0.003 -15"><span class='ocrx_word' id='word_1_44' title='bbox 150 1139 328 1204; x_wconf 87' lang='lat' dir='ltr'>immanitas</span> <span class='ocrx_word' id='word_1_45' title='bbox 340 1137 417 1202; x_wconf 89' lang='lat' dir='ltr'>talia</span> <span class='ocrx_word' id='word_1_46' title='bbox 431 1137 518 1201; x_wconf 91' lang='lat' dir='ltr'>serit.</span> <span class='ocrx_word' id='word_1_47' title='bbox 531 1135 612 1212; x_wconf 82' lang='lat' dir='ltr'>Quis</span> <span class='ocrx_word' id='word_1_48' title='bbox 628 1152 704 1215; x_wconf 83' lang='lat' dir='ltr'>ergo</span> <span class='ocrx_word' id='word_1_49' title='bbox 720 1153 842 1216; x_wconf 89' lang='lat' dir='ltr'>pauper</span> <span class='ocrx_word' id='word_1_50' title='bbox 854 1135 1002 1200; x_wconf 89' lang='lat' dir='ltr'>sacerdos</span> <span class='ocrx_word' id='word_1_51' title='bbox 1014 1134 1144 1199; x_wconf 82' lang='lat' dir='ltr'>audebit</span> <span class='ocrx_word' id='word_1_52' title='bbox 1158 1135 1343 1217; x_wconf 81' lang='lat' dir='ltr'>impugnare</span> 
     </span>
     <span class='ocr_line' id='line_1_8' title="bbox 151 1236 1342 1318; baseline -0.002 -16"><span class='ocrx_word' id='word_1_53' title='bbox 151 1238 301 1303; x_wconf 84' lang='lat' dir='ltr'>crimina?</span> <span class='ocrx_word' id='word_1_54' title='bbox 324 1238 393 1318; x_wconf 87' lang='lat' dir='ltr'>quis</span> <span class='ocrx_word' id='word_1_55' title='bbox 408 1236 539 1301; x_wconf 84' lang='lat' dir='ltr'>audebit</span> <span class='ocrx_word' id='word_1_56' title='bbox 560 1254 696 1316; x_wconf 83' lang='lat' dir='ltr'>arguere</span> <span class='ocrx_word' id='word_1_57' title='bbox 719 1236 816 1300; x_wconf 76' lang='lat' dir='ltr'>vitia?</span> <span class='ocrx_word' id='word_1_58' title='bbox 840 1237 923 1300; x_wconf 86' lang='lat' dir='ltr'>Vere</span> <span class='ocrx_word' id='word_1_59' title='bbox 946 1236 1058 1300; x_wconf 87' lang='lat' dir='ltr'>massis</span> <span class='ocrx_word' id='word_1_60' title='bbox 1080 1236 1178 1300; x_wconf 91' lang='lat' dir='ltr'>multa</span> <span class='ocrx_word' id='word_1_61' title='bbox 1201 1243 1259 1315; x_wconf 81' lang='lat' dir='ltr'>est,</span> <span class='ocrx_word' id='word_1_62' title='bbox 1286 1236 1342 1300; x_wconf 89' lang='lat' dir='ltr'>sed</span> 
     </span>
     <span class='ocr_line' id='line_1_9' title="bbox 151 1336 1344 1420; baseline -0.003 -17"><span class='ocrx_word' id='word_1_63' title='bbox 151 1339 289 1420; x_wconf 90' lang='lat' dir='ltr'>operarii</span> <span class='ocrx_word' id='word_1_64' title='bbox 312 1339 403 1419; x_wconf 87' lang='lat' dir='ltr'>pauci</span> <span class='ocrx_word' id='word_1_65' title='bbox 426 1355 555 1402; x_wconf 84' lang='lat' dir='ltr'>veraces</span> <span class='ocrx_word' id='word_1_66' title='bbox 578 1345 661 1401; x_wconf 91' lang='lat' dir='ltr'>sunt.</span> <span class='ocrx_word' id='word_1_67' title='bbox 684 1336 769 1417; x_wconf 82' lang='lat' dir='ltr'>Ergo</span> <span class='ocrx_word' id='word_1_68' title='bbox 792 1341 893 1418; x_wconf 83' lang='lat' dir='ltr'>pater,</span> <span class='ocrx_word' id='word_1_69' title='bbox 917 1345 1027 1418; x_wconf 84' lang='lat' dir='ltr'>rogate</span> <span class='ocrx_word' id='word_1_70' title='bbox 1043 1336 1202 1400; x_wconf 87' lang='lat' dir='ltr'>dominum</span> <span class='ocrx_word' id='word_1_71' title='bbox 1222 1338 1344 1415; x_wconf 84' lang='lat' dir='ltr'>messis,</span> 
     </span>
     <span class='ocr_line' id='line_1_10' title="bbox 152 1437 1365 1519; baseline 0 -17"><span class='ocrx_word' id='word_1_72' title='bbox 152 1447 188 1503; x_wconf 92' lang='lat' dir='ltr'>ut</span> <span class='ocrx_word' id='word_1_73' title='bbox 208 1439 315 1503; x_wconf 89' lang='lat' dir='ltr'>mittat</span> <span class='ocrx_word' id='word_1_74' title='bbox 336 1437 445 1504; x_wconf 88' lang='lat' dir='ltr'>fideles</span> <span class='ocrx_word' id='word_1_75' title='bbox 468 1438 632 1519; x_wconf 90' lang='lat' dir='ltr'>operarios</span> <span class='ocrx_word' id='word_1_76' title='bbox 655 1439 687 1501; x_wconf 94' lang='lat' dir='ltr'>in</span> <span class='ocrx_word' id='word_1_77' title='bbox 702 1455 845 1502; x_wconf 91' lang='lat' dir='ltr'>messem.</span> <span class='ocrx_word' id='word_1_78' title='bbox 870 1438 1005 1501; x_wconf 89' lang='lat' dir='ltr'>Vestrae</span> <span class='ocrx_word' id='word_1_79' title='bbox 1030 1438 1113 1502; x_wconf 90' lang='lat' dir='ltr'>enim</span> <span class='ocrx_word' id='word_1_80' title='bbox 1136 1438 1211 1501; x_wconf 68' lang='lat' dir='ltr'>Patti</span> <span class='ocrx_word' id='word_1_81' title='bbox 1243 1442 1365 1510; x_wconf 87' lang='lat' dir='ltr'>restat</span> 
     </span>
     <span class='ocr_line' id='line_1_11' title="bbox 152 1537 1345 1621; baseline -0.003 -17"><span class='ocrx_word' id='word_1_82' title='bbox 152 1547 251 1604; x_wconf 92' lang='lat' dir='ltr'>totam</span> <span class='ocrx_word' id='word_1_83' title='bbox 273 1557 409 1603; x_wconf 89' lang='lat' dir='ltr'>messem</span> <span class='ocrx_word' id='word_1_84' title='bbox 431 1539 521 1621; x_wconf 80' lang='lat' dir='ltr'>regni</span> <span class='ocrx_word' id='word_1_85' title='bbox 543 1539 713 1603; x_wconf 89' lang='lat' dir='ltr'>Bohemiae</span> <span class='ocrx_word' id='word_1_86' title='bbox 736 1548 867 1618; x_wconf 82' lang='lat' dir='ltr'>metere,</span> <span class='ocrx_word' id='word_1_87' title='bbox 890 1539 921 1601; x_wconf 95' lang='lat' dir='ltr'>in</span> <span class='ocrx_word' id='word_1_88' title='bbox 946 1539 1096 1603; x_wconf 90' lang='lat' dir='ltr'>horreum</span> <span class='ocrx_word' id='word_1_89' title='bbox 1118 1537 1236 1602; x_wconf 91' lang='lat' dir='ltr'>domini</span> <span class='ocrx_word' id='word_1_90' title='bbox 1259 1537 1345 1602; x_wconf 94' lang='lat' dir='ltr'>colli·</span> 
     </span>
     <span class='ocr_line' id='line_1_12' title="bbox 152 1639 1345 1722; baseline -0.001 -19"><span class='ocrx_word' id='word_1_91' title='bbox 152 1658 228 1720; x_wconf 85' lang='lat' dir='ltr'>gere</span> <span class='ocrx_word' id='word_1_92' title='bbox 258 1640 467 1705; x_wconf 81' lang='lat' dir='ltr'>strationem</span> <span class='ocrx_word' id='word_1_93' title='bbox 495 1640 535 1703; x_wconf 87' lang='lat' dir='ltr'>de</span> <span class='ocrx_word' id='word_1_94' title='bbox 569 1640 711 1721; x_wconf 89' lang='lat' dir='ltr'>quolibet</span> <span class='ocrx_word' id='word_1_95' title='bbox 739 1640 898 1722; x_wconf 90' lang='lat' dir='ltr'>manipulo</span> <span class='ocrx_word' id='word_1_96' title='bbox 926 1639 1061 1703; x_wconf 87' lang='lat' dir='ltr'>reddere</span> <span class='ocrx_word' id='word_1_97' title='bbox 1084 1640 1116 1702; x_wconf 93' lang='lat' dir='ltr'>in</span> <span class='ocrx_word' id='word_1_98' title='bbox 1143 1639 1195 1703; x_wconf 91' lang='lat' dir='ltr'>die</span> <span class='ocrx_word' id='word_1_99' title='bbox 1223 1639 1345 1702; x_wconf 92' lang='lat' dir='ltr'>mortis.</span> 
     </span>
     <span class='ocr_line' id='line_1_13' title="bbox 152 1738 1346 1821; baseline 0 -17"><span class='ocrx_word' id='word_1_100' title='bbox 152 1740 215 1805; x_wconf 85' lang='lat' dir='ltr'>Sed</span> <span class='ocrx_word' id='word_1_101' title='bbox 237 1758 298 1820; x_wconf 87' lang='lat' dir='ltr'>quo</span> <span class='ocrx_word' id='word_1_102' title='bbox 313 1739 406 1804; x_wconf 93' lang='lat' dir='ltr'>modo</span> <span class='ocrx_word' id='word_1_103' title='bbox 429 1741 549 1821; x_wconf 89' lang='lat' dir='ltr'>poterit</span> <span class='ocrx_word' id='word_1_104' title='bbox 570 1740 625 1803; x_wconf 66' lang='lat' dir='ltr'>Vra</span> <span class='ocrx_word' id='word_1_105' title='bbox 655 1741 747 1804; x_wconf 67' lang='lat' dir='ltr'>Palou</span> <span class='ocrx_word' id='word_1_106' title='bbox 774 1745 892 1804; x_wconf 86' lang='lat' dir='ltr'>tantam</span> <span class='ocrx_word' id='word_1_107' title='bbox 915 1738 1148 1803; x_wconf 90' lang='lat' dir='ltr'>multitudinem</span> <span class='ocrx_word' id='word_1_108' title='bbox 1170 1738 1346 1820; x_wconf 91' lang='lat' dir='ltr'>manipulo-</span> 
     </span>
     <span class='ocr_line' id='line_1_14' title="bbox 152 1837 1346 1918; baseline 0 -15"><span class='ocrx_word' id='word_1_109' title='bbox 152 1859 221 1904; x_wconf 91' lang='lat' dir='ltr'>rum</span> <span class='ocrx_word' id='word_1_110' title='bbox 242 1840 274 1904; x_wconf 96' lang='lat' dir='ltr'>in</span> <span class='ocrx_word' id='word_1_111' title='bbox 297 1840 445 1905; x_wconf 91' lang='lat' dir='ltr'>horreum</span> <span class='ocrx_word' id='word_1_112' title='bbox 468 1840 585 1905; x_wconf 90' lang='lat' dir='ltr'>domini</span> <span class='ocrx_word' id='word_1_113' title='bbox 608 1840 775 1918; x_wconf 72' lang='lat' dir='ltr'>deducere,</span> <span class='ocrx_word' id='word_1_114' title='bbox 799 1839 910 1904; x_wconf 85' lang='lat' dir='ltr'>falcem</span> <span class='ocrx_word' id='word_1_115' title='bbox 935 1837 1021 1902; x_wconf 91' lang='lat' dir='ltr'>vocis</span> <span class='ocrx_word' id='word_1_116' title='bbox 1043 1837 1237 1904; x_wconf 84' lang='lat' dir='ltr'>messoribus</span> <span class='ocrx_word' id='word_1_117' title='bbox 1259 1839 1346 1903; x_wconf 88' lang='lat' dir='ltr'>auf·</span> 
     </span>
     <span class='ocr_line' id='line_1_15' title="bbox 153 1939 1345 2023; baseline -0.001 -18"><span class='ocrx_word' id='word_1_118' title='bbox 153 1958 226 2005; x_wconf 91' lang='lat' dir='ltr'>rens</span> <span class='ocrx_word' id='word_1_119' title='bbox 249 1940 288 2005; x_wconf 87' lang='lat' dir='ltr'>ad</span> <span class='ocrx_word' id='word_1_120' title='bbox 310 1941 434 2005; x_wconf 92' lang='lat' dir='ltr'>libitum</span> <span class='ocrx_word' id='word_1_121' title='bbox 457 1942 640 2019; x_wconf 81' lang='lat' dir='ltr'>otiosorum,</span> <span class='ocrx_word' id='word_1_122' title='bbox 672 1942 724 2021; x_wconf 89' lang='lat' dir='ltr'>qui</span> <span class='ocrx_word' id='word_1_123' title='bbox 748 1959 806 2023; x_wconf 85' lang='lat' dir='ltr'>per</span> <span class='ocrx_word' id='word_1_124' title='bbox 828 1959 862 2004; x_wconf 85' lang='lat' dir='ltr'>se</span> <span class='ocrx_word' id='word_1_125' title='bbox 885 1959 947 2004; x_wconf 93' lang='lat' dir='ltr'>non</span> <span class='ocrx_word' id='word_1_126' title='bbox 970 1945 1094 2004; x_wconf 90' lang='lat' dir='ltr'>metunt</span> <span class='ocrx_word' id='word_1_127' title='bbox 1117 1946 1149 2004; x_wconf 90' lang='lat' dir='ltr'>et</span> <span class='ocrx_word' id='word_1_128' title='bbox 1170 1939 1249 2004; x_wconf 89' lang='lat' dir='ltr'>alios</span> <span class='ocrx_word' id='word_1_129' title='bbox 1272 1957 1345 2020; x_wconf 92' lang='lat' dir='ltr'>pro·</span> 
     </span>
     <span class='ocr_line' id='line_1_16' title="bbox 152 2039 1346 2121; baseline -0.003 -15"><span class='ocrx_word' id='word_1_130' title='bbox 152 2042 272 2120; x_wconf 76' lang='lat' dir='ltr'>hibent,</span> <span class='ocrx_word' id='word_1_131' title='bbox 296 2060 365 2106; x_wconf 92' lang='lat' dir='ltr'>cum</span> <span class='ocrx_word' id='word_1_132' title='bbox 388 2043 484 2106; x_wconf 88' lang='lat' dir='ltr'>verbo</span> <span class='ocrx_word' id='word_1_133' title='bbox 507 2041 625 2106; x_wconf 92' lang='lat' dir='ltr'>domini</span> <span class='ocrx_word' id='word_1_134' title='bbox 648 2047 822 2121; x_wconf 85' lang='lat' dir='ltr'>tanguntur</span> <span class='ocrx_word' id='word_1_135' title='bbox 845 2059 953 2105; x_wconf 90' lang='lat' dir='ltr'>eorum</span> <span class='ocrx_word' id='word_1_136' title='bbox 980 2039 1131 2103; x_wconf 75' lang='lat' dir='ltr'>crimina?</span> <span class='ocrx_word' id='word_1_137' title='bbox 1172 2041 1208 2104; x_wconf 93' lang='lat' dir='ltr'>In</span> <span class='ocrx_word' id='word_1_138' title='bbox 1232 2040 1346 2121; x_wconf 87' lang='lat' dir='ltr'>quibus</span> 
     </span>
     <span class='ocr_line' id='line_1_17' title="bbox 153 2140 1345 2245; baseline -0.001 -41"><span class='ocrx_word' id='word_1_139' title='bbox 153 2141 233 2245; x_wconf 83' lang='lat' dir='ltr'>proh</span> <span class='ocrx_word' id='word_1_140' title='bbox 256 2141 347 2206; x_wconf 93' lang='lat' dir='ltr'>dolor</span> <span class='ocrx_word' id='word_1_141' title='bbox 361 2142 511 2222; x_wconf 88' lang='lat' dir='ltr'>impletur</span> <span class='ocrx_word' id='word_1_142' title='bbox 533 2142 611 2206; x_wconf 94' lang='lat' dir='ltr'>illud</span> <span class='ocrx_word' id='word_1_143' title='bbox 633 2140 933 2223; x_wconf 89' lang='lat' dir='ltr'>apostoli&#39;dicentis:</span> <span class='ocrx_word' id='word_1_144' title='bbox 962 2159 1068 2205; x_wconf 89' lang='lat' dir='ltr'>sanam</span> <span class='ocrx_word' id='word_1_145' title='bbox 1090 2140 1265 2205; x_wconf 88' lang='lat' dir='ltr'>doctrinam</span> <span class='ocrx_word' id='word_1_146' title='bbox 1282 2158 1345 2204; x_wconf 95' lang='lat' dir='ltr'>non</span> 
     </span>
     <span class='ocr_line' id='line_1_18' title="bbox 152 2241 1346 2321; baseline 0 -17"><span class='ocrx_word' id='word_1_147' title='bbox 152 2241 364 2321; x_wconf 89' lang='lat' dir='ltr'>sustinebunt,</span> <span class='ocrx_word' id='word_1_148' title='bbox 386 2262 405 2306; x_wconf 87' lang='lat' dir='ltr'>a</span> <span class='ocrx_word' id='word_1_149' title='bbox 428 2243 563 2306; x_wconf 90' lang='lat' dir='ltr'>veritate</span> <span class='ocrx_word' id='word_1_150' title='bbox 585 2241 727 2306; x_wconf 90' lang='lat' dir='ltr'>auditum</span> <span class='ocrx_word' id='word_1_151' title='bbox 749 2247 904 2320; x_wconf 85' lang='lat' dir='ltr'>avertent,</span> <span class='ocrx_word' id='word_1_152' title='bbox 936 2241 976 2306; x_wconf 87' lang='lat' dir='ltr'>ad</span> <span class='ocrx_word' id='word_1_153' title='bbox 998 2241 1120 2305; x_wconf 83' lang='lat' dir='ltr'>fabulas</span> <span class='ocrx_word' id='word_1_154' title='bbox 1143 2247 1248 2306; x_wconf 87' lang='lat' dir='ltr'>autem</span> <span class='ocrx_word' id='word_1_155' title='bbox 1272 2259 1346 2306; x_wconf 89' lang='lat' dir='ltr'>con·</span> 
     </span>
     <span class='ocr_line' id='line_1_19' title="bbox 153 2340 1347 2422; baseline 0 -20"><span class='ocrx_word' id='word_1_156' title='bbox 153 2347 326 2418; x_wconf 79' lang='lat' dir='ltr'>vertentur,</span> <span class='ocrx_word' id='word_1_157' title='bbox 361 2347 394 2404; x_wconf 87' lang='lat' dir='ltr'>et</span> <span class='ocrx_word' id='word_1_158' title='bbox 427 2340 659 2405; x_wconf 88' lang='lat' dir='ltr'>coacervabunt</span> <span class='ocrx_word' id='word_1_159' title='bbox 692 2340 752 2404; x_wconf 93' lang='lat' dir='ltr'>sibi</span> <span class='ocrx_word' id='word_1_160' title='bbox 785 2341 954 2420; x_wconf 84' lang='lat' dir='ltr'>magistros</span> <span class='ocrx_word' id='word_1_161' title='bbox 988 2341 1171 2422; x_wconf 88' lang='lat' dir='ltr'>prurientes</span> <span class='ocrx_word' id='word_1_162' title='bbox 1205 2341 1347 2406; x_wconf 88' lang='lat' dir='ltr'>auribus.</span> 
     </span>
     <span class='ocr_line' id='line_1_20' title="bbox 155 2440 1348 2523; baseline 0.003 -20"><span class='ocrx_word' id='word_1_163' title='bbox 155 2440 237 2505; x_wconf 85' lang='lat' dir='ltr'>Vere</span> <span class='ocrx_word' id='word_1_164' title='bbox 259 2441 443 2522; x_wconf 90' lang='lat' dir='ltr'>implebitur</span> <span class='ocrx_word' id='word_1_165' title='bbox 470 2441 530 2505; x_wconf 89' lang='lat' dir='ltr'>hoc</span> <span class='ocrx_word' id='word_1_166' title='bbox 553 2441 671 2505; x_wconf 91' lang='lat' dir='ltr'>dictum</span> <span class='ocrx_word' id='word_1_167' title='bbox 701 2442 837 2522; x_wconf 89' lang='lat' dir='ltr'>apostoli</span> <span class='ocrx_word' id='word_1_168' title='bbox 871 2459 908 2504; x_wconf 87' lang='lat' dir='ltr'>eo</span> <span class='ocrx_word' id='word_1_169' title='bbox 939 2441 1023 2522; x_wconf 90' lang='lat' dir='ltr'>quod</span> <span class='ocrx_word' id='word_1_170' title='bbox 1051 2442 1198 2523; x_wconf 79' lang='lat' dir='ltr'>refriguit</span> <span class='ocrx_word' id='word_1_171' title='bbox 1232 2442 1348 2507; x_wconf 89' lang='lat' dir='ltr'>caritas</span> 
     </span>
     <span class='ocr_line' id='line_1_21' title="bbox 152 2540 1347 2624; baseline 0.002 -20"><span class='ocrx_word' id='word_1_172' title='bbox 152 2541 184 2604; x_wconf 94' lang='lat' dir='ltr'>in</span> <span class='ocrx_word' id='word_1_173' title='bbox 207 2540 292 2604; x_wconf 88' lang='lat' dir='ltr'>clero</span> <span class='ocrx_word' id='word_1_174' title='bbox 316 2549 349 2604; x_wconf 87' lang='lat' dir='ltr'>et</span> <span class='ocrx_word' id='word_1_175' title='bbox 371 2540 643 2623; x_wconf 83' lang='lat' dir='ltr'>superabundavit</span> <span class='ocrx_word' id='word_1_176' title='bbox 664 2540 815 2621; x_wconf 83' lang='lat' dir='ltr'>iniquitas</span> <span class='ocrx_word' id='word_1_177' title='bbox 842 2541 873 2605; x_wconf 94' lang='lat' dir='ltr'>in</span> <span class='ocrx_word' id='word_1_178' title='bbox 903 2543 1020 2624; x_wconf 92' lang='lat' dir='ltr'>populo</span> <span class='ocrx_word' id='word_1_179' title='bbox 1043 2561 1081 2607; x_wconf 83' lang='lat' dir='ltr'>ex</span> <span class='ocrx_word' id='word_1_180' title='bbox 1109 2542 1235 2608; x_wconf 90' lang='lat' dir='ltr'>defectu</span> <span class='ocrx_word' id='word_1_181' title='bbox 1267 2543 1347 2608; x_wconf 91' lang='lat' dir='ltr'>cari-</span> 
     </span>
     <span class='ocr_line' id='line_1_22' title="bbox 153 2639 1349 2722; baseline 0.003 -18"><span class='ocrx_word' id='word_1_182' title='bbox 153 2640 228 2704; x_wconf 86' lang='lat' dir='ltr'>tatis</span> <span class='ocrx_word' id='word_1_183' title='bbox 251 2641 282 2704; x_wconf 95' lang='lat' dir='ltr'>in</span> <span class='ocrx_word' id='word_1_184' title='bbox 305 2640 400 2717; x_wconf 82' lang='lat' dir='ltr'>clero,</span> <span class='ocrx_word' id='word_1_185' title='bbox 424 2640 476 2720; x_wconf 88' lang='lat' dir='ltr'>qui</span> <span class='ocrx_word' id='word_1_186' title='bbox 499 2639 606 2704; x_wconf 86' lang='lat' dir='ltr'>deficit</span> <span class='ocrx_word' id='word_1_187' title='bbox 628 2660 647 2704; x_wconf 89' lang='lat' dir='ltr'>a</span> <span class='ocrx_word' id='word_1_188' title='bbox 668 2641 720 2722; x_wconf 90' lang='lat' dir='ltr'>pia</span> <span class='ocrx_word' id='word_1_189' title='bbox 742 2641 1012 2721; x_wconf 80' lang='lat' dir='ltr'>evangelizationc</span> <span class='ocrx_word' id='word_1_190' title='bbox 1035 2651 1068 2707; x_wconf 91' lang='lat' dir='ltr'>et</span> <span class='ocrx_word' id='word_1_191' title='bbox 1089 2663 1108 2708; x_wconf 90' lang='lat' dir='ltr'>a</span> <span class='ocrx_word' id='word_1_192' title='bbox 1130 2642 1247 2708; x_wconf 90' lang='lat' dir='ltr'>Christi</span> <span class='ocrx_word' id='word_1_193' title='bbox 1273 2663 1349 2709; x_wconf 83' lang='lat' dir='ltr'>vera</span> 
     </span>
     <span class='ocr_line' id='line_1_23' title="bbox 153 2740 1346 2822; baseline 0.004 -19"><span class='ocrx_word' id='word_1_194' title='bbox 153 2740 339 2804; x_wconf 88' lang='lat' dir='ltr'>imitatione.</span> <span class='ocrx_word' id='word_1_195' title='bbox 384 2741 462 2816; x_wconf 79' lang='lat' dir='ltr'>Quis</span> <span class='ocrx_word' id='word_1_196' title='bbox 493 2741 575 2805; x_wconf 90' lang='lat' dir='ltr'>enim</span> <span class='ocrx_word' id='word_1_197' title='bbox 606 2761 644 2804; x_wconf 83' lang='lat' dir='ltr'>cx</span> <span class='ocrx_word' id='word_1_198' title='bbox 667 2741 759 2806; x_wconf 91' lang='lat' dir='ltr'>nobis</span> <span class='ocrx_word' id='word_1_199' title='bbox 782 2742 857 2806; x_wconf 86' lang='lat' dir='ltr'>heu!</span> <span class='ocrx_word' id='word_1_200' title='bbox 889 2743 1033 2822; x_wconf 87' lang='lat' dir='ltr'>sequitur</span> <span class='ocrx_word' id='word_1_201' title='bbox 1056 2744 1150 2808; x_wconf 81' lang='lat' dir='ltr'>vitam</span> <span class='ocrx_word' id='word_1_202' title='bbox 1173 2742 1292 2808; x_wconf 85' lang='lat' dir='ltr'>Christi</span> <span class='ocrx_word' id='word_1_203' title='bbox 1314 2744 1346 2808; x_wconf 94' lang='lat' dir='ltr'>in</span> 
     </span>
     <span class='ocr_line' id='line_1_24' title="bbox 153 2841 1346 2923; baseline 0.005 -20"><span class='ocrx_word' id='word_1_204' title='bbox 153 2847 352 2922; x_wconf 79' lang='lat' dir='ltr'>paupertate,</span> <span class='ocrx_word' id='word_1_205' title='bbox 376 2841 522 2906; x_wconf 89' lang='lat' dir='ltr'>castitate</span> <span class='ocrx_word' id='word_1_206' title='bbox 546 2848 579 2905; x_wconf 91' lang='lat' dir='ltr'>et</span> <span class='ocrx_word' id='word_1_207' title='bbox 594 2842 771 2906; x_wconf 89' lang='lat' dir='ltr'>humilitate</span> <span class='ocrx_word' id='word_1_208' title='bbox 794 2848 827 2905; x_wconf 85' lang='lat' dir='ltr'>et</span> <span class='ocrx_word' id='word_1_209' title='bbox 841 2841 970 2906; x_wconf 85' lang='lat' dir='ltr'>assidua</span> <span class='ocrx_word' id='word_1_210' title='bbox 984 2843 1247 2923; x_wconf 83' lang='lat' dir='ltr'>praedicatione?</span> <span class='ocrx_word' id='word_1_211' title='bbox 1270 2843 1346 2923; x_wconf 86' lang='lat' dir='ltr'>Vae,</span> 
     </span>
    </p>
   </div>
   <div class='ocr_carea' id='block_1_3' title="bbox 55 2941 1349 3027">
    <p class='ocr_par' dir='ltr' id='par_1_3' title="bbox 55 2941 1349 3027">
     <span class='ocr_line' id='line_1_25' title="bbox 55 2941 1349 3027; baseline 0.005 -25"><span class='ocrx_word' id='word_1_212' title='bbox 55 3023 56 3027; x_wconf 7' lang='grc' dir='ltr'><strong>Ἰ</strong></span> <span class='ocrx_word' id='word_1_213' title='bbox 154 2959 220 3018; x_wconf 83' lang='lat' dir='ltr'>vac,</span> <span class='ocrx_word' id='word_1_214' title='bbox 244 2942 315 3004; x_wconf 88' lang='lat' dir='ltr'>vae!</span> <span class='ocrx_word' id='word_1_215' title='bbox 340 2941 489 3022; x_wconf 91' lang='lat' dir='ltr'>impletur</span> <span class='ocrx_word' id='word_1_216' title='bbox 504 2943 635 3006; x_wconf 89' lang='lat' dir='ltr'>verbum</span> <span class='ocrx_word' id='word_1_217' title='bbox 651 2943 803 3023; x_wconf 89' lang='lat' dir='ltr'>apostoli:</span> <span class='ocrx_word' id='word_1_218' title='bbox 830 2961 957 3019; x_wconf 86' lang='lat' dir='ltr'>„omncs</span> <span class='ocrx_word' id='word_1_219' title='bbox 980 2962 1060 3024; x_wconf 85' lang='lat' dir='ltr'>qnae</span> <span class='ocrx_word' id='word_1_220' title='bbox 1084 2963 1140 3008; x_wconf 87' lang='lat' dir='ltr'>sua</span> <span class='ocrx_word' id='word_1_221' title='bbox 1155 2950 1229 3008; x_wconf 91' lang='lat' dir='ltr'>suut</span> <span class='ocrx_word' id='word_1_222' title='bbox 1251 2962 1349 3024; x_wconf 89' lang='lat' dir='ltr'>quae-</span> 
     </span>
    </p>
   </div>
   <div class='ocr_carea' id='block_1_4' title="bbox 100 3041 1349 3929">
    <p class='ocr_par' dir='ltr' id='par_1_4' title="bbox 153 3041 1349 3728">
     <span class='ocr_line' id='line_1_26' title="bbox 153 3041 1346 3126; baseline 0.005 -24"><span class='ocrx_word' id='word_1_223' title='bbox 153 3048 236 3119; x_wconf 71' lang='lat' dir='ltr'>runt,</span> <span class='ocrx_word' id='word_1_224' title='bbox 261 3058 322 3105; x_wconf 81' lang='lat' dir='ltr'>non</span> <span class='ocrx_word' id='word_1_225' title='bbox 335 3041 505 3120; x_wconf 80' lang='lat' dir='ltr'>quaelesn</span> <span class='ocrx_word' id='word_1_226' title='bbox 522 3041 674 3107; x_wconf 76' lang='lat' dir='ltr'>Clrristi.“</span> <span class='ocrx_word' id='word_1_227' title='bbox 701 3043 785 3123; x_wconf 85' lang='lat' dir='ltr'>Ergo</span> <span class='ocrx_word' id='word_1_228' title='bbox 807 3050 899 3124; x_wconf 88' lang='lat' dir='ltr'>pater</span> <span class='ocrx_word' id='word_1_229' title='bbox 921 3043 1200 3108; x_wconf 87' lang='lat' dir='ltr'>reverendissime!</span> <span class='ocrx_word' id='word_1_230' title='bbox 1223 3044 1346 3126; x_wconf 88' lang='lat' dir='ltr'>aperito</span> 
     </span>
     <span class='ocr_line' id='line_1_27' title="bbox 154 3140 1347 3225; baseline 0.003 -21"><span class='ocrx_word' id='word_1_231' title='bbox 154 3140 278 3204; x_wconf 91' lang='lat' dir='ltr'>oculum</span> <span class='ocrx_word' id='word_1_232' title='bbox 295 3142 380 3206; x_wconf 89' lang='lat' dir='ltr'>intus</span> <span class='ocrx_word' id='word_1_233' title='bbox 403 3142 452 3206; x_wconf 81' lang='lat' dir='ltr'>uel</span> <span class='ocrx_word' id='word_1_234' title='bbox 469 3142 670 3218; x_wconf 80' lang='lat' dir='ltr'>intrinsecus</span> <span class='ocrx_word' id='word_1_235' title='bbox 694 3142 816 3222; x_wconf 78' lang='lat' dir='ltr'>diligite</span> <span class='ocrx_word' id='word_1_236' title='bbox 831 3143 940 3222; x_wconf 68' lang='lat' dir='ltr'>bonos</span> <span class='ocrx_word' id='word_1_237' title='bbox 965 3144 1138 3225; x_wconf 90' lang='lat' dir='ltr'>conspicite</span> <span class='ocrx_word' id='word_1_238' title='bbox 1153 3144 1260 3224; x_wconf 76' lang='lat' dir='ltr'>malos</span> <span class='ocrx_word' id='word_1_239' title='bbox 1284 3163 1347 3209; x_wconf 94' lang='lat' dir='ltr'>non</span> 
     </span>
     <span class='ocr_line' id='line_1_28' title="bbox 153 3241 1348 3327; baseline 0.005 -23"><span class='ocrx_word' id='word_1_240' title='bbox 153 3259 209 3305; x_wconf 90' lang='lat' dir='ltr'>vos</span> <span class='ocrx_word' id='word_1_241' title='bbox 224 3241 425 3306; x_wconf 86' lang='lat' dir='ltr'>demulceant</span> <span class='ocrx_word' id='word_1_242' title='bbox 441 3243 594 3327; x_wconf 87' lang='lat' dir='ltr'>pomposi,</span> <span class='ocrx_word' id='word_1_243' title='bbox 617 3244 713 3320; x_wconf 83' lang='lat' dir='ltr'>avari,</span> <span class='ocrx_word' id='word_1_244' title='bbox 738 3242 793 3306; x_wconf 91' lang='lat' dir='ltr'>sed</span> <span class='ocrx_word' id='word_1_245' title='bbox 816 3242 978 3308; x_wconf 86' lang='lat' dir='ltr'>delectent</span> <span class='ocrx_word' id='word_1_246' title='bbox 992 3244 1126 3308; x_wconf 86' lang='lat' dir='ltr'>humiles</span> <span class='ocrx_word' id='word_1_247' title='bbox 1143 3252 1176 3309; x_wconf 89' lang='lat' dir='ltr'>et</span> <span class='ocrx_word' id='word_1_248' title='bbox 1190 3253 1348 3310; x_wconf 86' lang='lat' dir='ltr'>amatores</span> 
     </span>
     <span class='ocr_line' id='line_1_29' title="bbox 154 3341 1349 3425; baseline 0.006 -21"><span class='ocrx_word' id='word_1_249' title='bbox 154 3343 370 3422; x_wconf 88' lang='lat' dir='ltr'>paupertatis;</span> <span class='ocrx_word' id='word_1_250' title='bbox 392 3341 504 3424; x_wconf 89' lang='lat' dir='ltr'>pellite</span> <span class='ocrx_word' id='word_1_251' title='bbox 526 3343 646 3408; x_wconf 89' lang='lat' dir='ltr'>otiosos</span> <span class='ocrx_word' id='word_1_252' title='bbox 668 3342 707 3408; x_wconf 89' lang='lat' dir='ltr'>ad</span> <span class='ocrx_word' id='word_1_253' title='bbox 725 3342 874 3421; x_wconf 79' lang='lat' dir='ltr'>laborem,</span> <span class='ocrx_word' id='word_1_254' title='bbox 898 3344 996 3408; x_wconf 87' lang='lat' dir='ltr'>nolite</span> <span class='ocrx_word' id='word_1_255' title='bbox 1019 3344 1190 3425; x_wconf 90' lang='lat' dir='ltr'>prohibere</span> <span class='ocrx_word' id='word_1_256' title='bbox 1211 3344 1349 3411; x_wconf 88' lang='lat' dir='ltr'>fideliter</span> 
     </span>
     <span class='ocr_line' id='line_1_30' title="bbox 154 3439 1349 3528; baseline 0.004 -23"><span class='ocrx_word' id='word_1_257' title='bbox 154 3439 336 3507; x_wconf 89' lang='lat' dir='ltr'>laborantes</span> <span class='ocrx_word' id='word_1_258' title='bbox 358 3441 392 3506; x_wconf 94' lang='lat' dir='ltr'>in</span> <span class='ocrx_word' id='word_1_259' title='bbox 419 3459 522 3508; x_wconf 90' lang='lat' dir='ltr'>messe</span> <span class='ocrx_word' id='word_1_260' title='bbox 545 3442 678 3520; x_wconf 84' lang='lat' dir='ltr'>domini3</span> <span class='ocrx_word' id='word_1_261' title='bbox 701 3443 784 3523; x_wconf 89' lang='lat' dir='ltr'>quod</span> <span class='ocrx_word' id='word_1_262' title='bbox 816 3461 878 3508; x_wconf 93' lang='lat' dir='ltr'>non</span> <span class='ocrx_word' id='word_1_263' title='bbox 908 3451 959 3508; x_wconf 87' lang='lat' dir='ltr'>ost</span> <span class='ocrx_word' id='word_1_264' title='bbox 980 3444 1157 3525; x_wconf 84' lang='lat' dir='ltr'>alligatum,</span> <span class='ocrx_word' id='word_1_265' title='bbox 1191 3462 1252 3526; x_wconf 86' lang='lat' dir='ltr'>quo</span> <span class='ocrx_word' id='word_1_266' title='bbox 1276 3465 1349 3528; x_wconf 90' lang='lat' dir='ltr'>pcr-</span> 
     </span>
     <span class='ocr_line' id='line_1_31' title="bbox 153 3538 1348 3628; baseline 0.007 -25"><span class='ocrx_word' id='word_1_267' title='bbox 153 3538 258 3606; x_wconf 87' lang='lat' dir='ltr'>ficitur</span> <span class='ocrx_word' id='word_1_268' title='bbox 280 3541 366 3607; x_wconf 88' lang='lat' dir='ltr'>salus</span> <span class='ocrx_word' id='word_1_269' title='bbox 388 3542 563 3608; x_wconf 89' lang='lat' dir='ltr'>animorum</span> <span class='ocrx_word' id='word_1_270' title='bbox 586 3543 677 3622; x_wconf 81' lang='lat' dir='ltr'>(sic).</span> <span class='ocrx_word' id='word_1_271' title='bbox 720 3543 796 3608; x_wconf 89' lang='lat' dir='ltr'>Plus</span> <span class='ocrx_word' id='word_1_272' title='bbox 819 3544 1001 3624; x_wconf 78' lang='lat' dir='ltr'>scriberem</span> <span class='ocrx_word' id='word_1_273' title='bbox 1029 3544 1085 3610; x_wconf 87' lang='lat' dir='ltr'>sed</span> <span class='ocrx_word' id='word_1_274' title='bbox 1108 3547 1196 3611; x_wconf 91' lang='lat' dir='ltr'>labor</span> <span class='ocrx_word' id='word_1_275' title='bbox 1212 3563 1348 3628; x_wconf 84' lang='lat' dir='ltr'>evange·</span> 
     </span>
     <span class='ocr_line' id='line_1_32' title="bbox 154 3642 1345 3728; baseline 0.007 -24"><span class='ocrx_word' id='word_1_276' title='bbox 154 3642 270 3706; x_wconf 85' lang='lat' dir='ltr'>lizandi</span> <span class='ocrx_word' id='word_1_277' title='bbox 285 3642 425 3723; x_wconf 90' lang='lat' dir='ltr'>impedit.</span> <span class='ocrx_word' id='word_1_278' title='bbox 441 3643 595 3708; x_wconf 89' lang='lat' dir='ltr'>Dominus</span> <span class='ocrx_word' id='word_1_279' title='bbox 611 3644 811 3726; x_wconf 88' lang='lat' dir='ltr'>omnipotens</span> <span class='ocrx_word' id='word_1_280' title='bbox 825 3651 968 3710; x_wconf 87' lang='lat' dir='ltr'>mentem</span> <span class='ocrx_word' id='word_1_281' title='bbox 985 3646 1052 3708; x_wconf 70' lang='lat' dir='ltr'>Vrae</span> <span class='ocrx_word' id='word_1_282' title='bbox 1074 3645 1160 3710; x_wconf 65' lang='lat' dir='ltr'>Pat‘h&#39;</span> <span class='ocrx_word' id='word_1_283' title='bbox 1187 3647 1218 3709; x_wconf 95' lang='lat' dir='ltr'>in</span> <span class='ocrx_word' id='word_1_284' title='bbox 1234 3664 1345 3728; x_wconf 86' lang='lat' dir='ltr'>supra·</span> 
     </span>
    </p>

    <p class='ocr_par' dir='ltr' id='par_1_5' title="bbox 100 3742 1346 3929">
     <span class='ocr_line' id='line_1_33' title="bbox 156 3742 1346 3830; baseline 0.007 -26"><span class='ocrx_word' id='word_1_285' title='bbox 156 3742 284 3823; x_wconf 90' lang='lat' dir='ltr'>scriptis</span> <span class='ocrx_word' id='word_1_286' title='bbox 314 3743 445 3824; x_wconf 84' lang='lat' dir='ltr'>dirigat,</span> <span class='ocrx_word' id='word_1_287' title='bbox 479 3751 515 3810; x_wconf 93' lang='lat' dir='ltr'>ut</span> <span class='ocrx_word' id='word_1_288' title='bbox 543 3745 673 3826; x_wconf 89' lang='lat' dir='ltr'>possitis</span> <span class='ocrx_word' id='word_1_289' title='bbox 701 3746 823 3827; x_wconf 92' lang='lat' dir='ltr'>pastori</span> <span class='ocrx_word' id='word_1_290' title='bbox 845 3752 1009 3830; x_wconf 92' lang='lat' dir='ltr'>pastorum</span> <span class='ocrx_word' id='word_1_291' title='bbox 1030 3747 1185 3812; x_wconf 87' lang='lat' dir='ltr'>rationem</span> <span class='ocrx_word' id='word_1_292' title='bbox 1207 3747 1346 3812; x_wconf 90' lang='lat' dir='ltr'>debitam</span> 
     </span>
     <span class='ocr_line' id='line_1_34' title="bbox 100 3829 725 3929; baseline 0.008 -24"><span class='ocrx_word' id='word_1_293' title='bbox 100 3829 105 3841; x_wconf 81' lang='grc'><em>’</em></span> <span class='ocrx_word' id='word_1_294' title='bbox 157 3842 292 3907; x_wconf 86' lang='lat' dir='ltr'>reddere</span> <span class='ocrx_word' id='word_1_295' title='bbox 316 3844 347 3907; x_wconf 92' lang='lat' dir='ltr'>in</span> <span class='ocrx_word' id='word_1_296' title='bbox 371 3850 514 3927; x_wconf 83' lang='lat' dir='ltr'>ternpore</span> <span class='ocrx_word' id='word_1_297' title='bbox 537 3853 725 3929; x_wconf 87' lang='lat' dir='ltr'>opportuno.</span> 
     </span>
    </p>
   </div>
   <div class='ocr_carea' id='block_1_5' title="bbox 199 3975 1310 4049">
    <p class='ocr_par' dir='ltr' id='par_1_6' title="bbox 199 3975 1310 4049">
     <span class='ocr_line' id='line_1_35' title="bbox 199 3975 1310 4049; baseline 0.005 -23"><span class='ocrx_word' id='word_1_298' title='bbox 199 3975 243 4040; x_wconf 84' lang='lat' dir='ltr'>(E</span> <span class='ocrx_word' id='word_1_299' title='bbox 261 3975 325 4029; x_wconf 77' lang='lat' dir='ltr'>eod.</span> <span class='ocrx_word' id='word_1_300' title='bbox 345 3977 409 4032; x_wconf 78' lang='lat' dir='ltr'>MS.</span> <span class='ocrx_word' id='word_1_301' title='bbox 427 3981 512 4031; x_wconf 77' lang='lat' dir='ltr'>secali</span> <span class='ocrx_word' id='word_1_302' title='bbox 530 3979 603 4043; x_wconf 86' lang='lat' dir='ltr'>XV,</span> <span class='ocrx_word' id='word_1_303' title='bbox 619 3981 758 4047; x_wconf 78' lang='lat' dir='ltr'>quondam</span> <span class='ocrx_word' id='word_1_304' title='bbox 778 3982 906 4032; x_wconf 78' lang='lat' dir='ltr'>comitum</span> <span class='ocrx_word' id='word_1_305' title='bbox 925 3981 1086 4049; x_wconf 76' lang='lat' dir='ltr'>Mitrotualry</span> <span class='ocrx_word' id='word_1_306' title='bbox 1104 3982 1133 4032; x_wconf 80' lang='lat' dir='ltr'>ia</span> <span class='ocrx_word' id='word_1_307' title='bbox 1151 3980 1310 4046; x_wconf 83' lang='lat' dir='ltr'>Morouia.)</span> 
     </span>
    </p>
   </div>
   <div class='ocr_carea' id='block_1_6' title="bbox 0 0 1508 5258">
    <p class='ocr_par' dir='ltr' id='par_1_7' title="bbox 0 0 1508 5258">
     <span class='ocr_line' id='line_1_36' title="bbox 0 0 1508 5258; baseline 0 0"><span class='ocrx_word' id='word_1_308' title='bbox 0 0 1508 5258; x_wconf 95' lang='lat' dir='ltr'> </span> 
     </span>
    </p>
   </div>
  </div>
 </body>
</html>
