2992 5258
473 425 587 482 Articuli
608 432 811 496 procuratorum
828 425 944 480 concilii.
962 428 1035 481 1414.
1098 421 1102 431 “
1132 381 1147 410 ⁸
1292 433 1353 494 2033

154 624 197 691 bl.
219 625 377 693 Joannem
392 626 463 692 Hos
477 627 517 694 ab
532 627 711 710 hujusmodi
726 627 928 709 processibus
948 627 1185 708 aggravationis
1208 635 1241 692 et
1262 645 1353 708 reag-

154 729 352 806 gracatioois
383 748 401 793 a
423 729 566 811 praefato
589 739 680 792 rev¹¹¹⁰
703 737 793 810 patre
816 728 853 792 D.
876 730 972 793 Petro
995 727 1154 793 cardinale
1187 728 1217 793 S.
1239 729 1354 808 Augeli

154 828 348 911 interposita
376 835 526 906 constat,
554 828 749 910 prout0ipse
772 829 813 894 ll.
836 828 977 910 Joanncs
999 828 1068 893 Hus
1091 832 1285 908 recognovit,
1320 836 1353 895 ct

152 926 240 1006 apud
275 933 347 992 acta
376 927 554 1010 hujusmodi
578 941 691 992 causae
713 927 937 1008 continentur,
971 927 1126 1008 adquam
1149 945 1183 992 se
1206 928 1350 993 referunt

155 1024 236 1089 dicti
270 1033 495 1108 procuratores
528 1035 561 1092 et
593 1034 814 1109 promotores,
846 1047 883 1093 ac
911 1027 1013 1110 ipsam
1033 1027 1084 1092 bic
1105 1026 1223 1093 babere
1245 1028 1355 1093 volunt

155 1144 216 1208 pro
238 1125 370 1192 inserto.

258 1226 340 1290 Item
369 1226 454 1307 quod
487 1226 563 1292 dicti
595 1244 764 1309 processus
792 1225 1124 1291 excommunicationis
1147 1232 1180 1292 et
1202 1244 1355 1307 aggrava·
1476 1206 1481 1215 ¹

154 1324 255 1390 tionis
288 1344 385 1408 saepe
418 1333 529 1392 contra
557 1327 692 1392 eurrdem
718 1327 760 1392 M.
782 1327 938 1392 loannem
960 1327 1029 1391 llus
1051 1326 1180 1392 fuerunt
1201 1326 1354 1410 publicati

156 1433 191 1488 et
221 1425 348 1490 executi
380 1445 439 1508 per
474 1427 582 1510 plures
613 1427 726 1493 fideles
757 1435 791 1493 et
812 1427 1019 1504 obedientcS,
1054 1436 1087 1491 et
1107 1427 1299 1509 praesertim
1321 1427 1355 1491 in

155 1523 290 1588 ciuitate
315 1527 465 1606 Pragensi
488 1535 521 1592 et
543 1528 626 1604 alibi,
649 1547 686 1592 ac
700 1526 904 1592 interdictum
920 1527 952 1591 iu
975 1527 1084 1592 euclem
1101 1527 1229 1594 civitate
1244 1530 1354 1592 obsor-

154 1630 265 1687 vatum
287 1625 372 1690 dicta
394 1627 434 1691 de
457 1646 553 1692 causa
574 1627 687 1709 palam,
710 1628 834 1708 publice
857 1636 890 1691 et
911 1627 1046 1692 notorie.

257 1723 340 1789 Item
368 1726 454 1806 qarod
475 1726 550 1792 licet
579 1728 662 1791 idem
685 1727 727 1791 M.
750 1728 891 1792 Joannes
913 1727 982 1791 Hus
1005 1733 1127 1790 certam
1149 1726 1294 1791 notitiam
1311 1727 1353 1790 de

154 1822 252 1887 dictis
264 1826 467 1906 processibus
489 1845 526 1891 ac
538 1827 706 1891 dilationes
728 1826 852 1892 debitas
874 1826 942 1909 (ad)
958 1846 993 1891 sc
1005 1825 1237 1891 defendendum
1251 1836 1283 1891 et
1301 1845 1353 1889 cn·
1452 1870 1458 1893 r

156 1923 334 1989 cusandum
357 1926 514 2002 babuerit,
537 1928 740 1992 nihilominus
762 1934 868 1992 tamen
901 1927 971 2009 ipse
992 1928 1034 1991 Μ.
1059 1927 1199 1992 loannes
1221 1926 1291 1989 Hos
1313 1926 1352 1989 de

156 2024 304 2108 censuris
337 2025 562 2093 ecclesiasticis
595 2046 659 2092 non
691 2027 833 2106 curavit,
867 2027 942 2108 qnin
976 2027 1038 2090 imo
1070 2032 1182 2091 contra
1208 2023 1299 2090 fidem
1323 2034 1356 2090 et

157 2122 411 2190 contradictum
443 2124 603 2190 dominum
637 2134 779 2190 nostrum
803 2132 836 2191 ct
857 2127 978 2192 clerum
1000 2125 1125 2207 publice
1148 2120 1354 2206 praedicavit,

158 2221 294 2289 diceudo
317 2225 356 2289 de
378 2225 496 2291 talibus
511 2227 714 2308 processibus
738 2245 800 2291 non
823 2245 894 2290 esse
916 2225 1098 2292 curandum.
1121 2226 1257 2306 Propter
1271 2226 1356 2307 quaod

160 2323 371 2405 postmodum,
394 2327 529 2392 servatis
549 2327 723 2402 servandis,
746 2328 785 2392 de
805 2346 887 2392 anno
910 2328 1028 2393 domini
1050 2325 1219 2391 M⁰cccc⁰
1241 2336 1354 2407 quarto

160 2422 282 2488 decimo
310 2433 344 2489 et
364 2425 404 2489 de
426 2445 534 2492 mense
557 2427 742 2492 Decembris
765 2427 905 2508 ejusdem
928 2428 1023 2506 anni,
1056 2427 1116 2492 fuit
1138 2445 1196 2508 per
1218 2427 1355 2491 bonora-

161 2521 254 2587 bilem
277 2524 380 2590 virum
402 2526 441 2592 D.
463 2527 643 2592 conradum
662 2528 829 2605 Conhoicr,
851 2527 1017 2608 utriusque
1038 2527 1119 2609 juris
1141 2525 1302 2591 doctorem
1322 2531 1356 2591 et

161 2623 240 2686 sacri
263 2624 373 2705 palatii
402 2627 568 2708 apostolici
591 2645 756 2692 causarum
778 2627 976 2703 auditorem,
1010 2628 1119 2710 vigore
1142 2633 1250 2692 certae
1272 2645 1356 2692 com·

164 2721 323 2788 missionis
344 2725 403 2790 sibi
425 2726 537 2806 iactae,
560 2727 722 2792 brachium
745 2728 888 2813 seculare
909 2738 1023 2792 contra
1044 2727 1179 2792 eundem
1200 2727 1243 2791 M.
1259 2727 1356 2793 Joan-

166 2838 234 2886 nem
255 2822 327 2888 Hus
348 2824 511 2891 decretum
533 2834 567 2892 et
593 2845 786 2893 concessum.

260 2925 343 2989 Item
371 2927 455 3006 quod
485 2926 559 2991 licet
581 2926 622 2991 de
644 2945 751 2991 mense
775 2925 938 2991 Februarii
961 2925 1035 2989 anni
1058 2924 1175 2990 domini
1198 2926 1357 2991 millesimi

170 3023 472 3104 quadringentesimi
503 3028 592 3091 tertii
614 3025 749 3105 decimi,
781 3025 983 3108 pontificatus
1016 3025 1093 3090 dicti
1115 3025 1232 3090 domini
1254 3026 1356 3091 nostri

167 3137 264 3204 papae
287 3124 421 3190 loannis
442 3144 526 3192 anno
549 3127 657 3206 tertio,
678 3127 711 3190 in
735 3126 868 3190 concilio
892 3127 1030 3190 Romano
1053 3124 1127 3189 libri
1150 3132 1182 3190 et
1198 3124 1358 3191 volumina

167 3221 229 3286 aive
252 3225 416 3307 opuscula,
439 3226 663 3308 cujuscumque
678 3226 757 3292 artis
770 3226 820 3289 vel
841 3225 1001 3290 facultatis
1023 3225 1208 3304 existerent
1223 3225 1356 3290 Joannis

166 3316 301 3403 Wiklei,
334 3331 493 3407 tamquam
525 3327 651 3392 erronei
673 3333 708 3392 et
729 3342 857 3391 errores
890 3325 923 3390 in
945 3323 1007 3389 fida
1029 3323 1185 3389 catholica
1206 3330 1355 3390 tenentes

165 3415 294 3486 inerunt
315 3421 454 3490 damnati
477 3427 544 3492 sive
566 3427 743 3506 combusti,
766 3445 803 3492 ac
825 3426 920 3490 etiarn
941 3423 1119 3503 inhibitum,
1142 3423 1227 3505 qnod
1248 3425 1354 3489 nullus

162 3515 200 3586 dc
223 3530 335 3588 cetero
364 3526 518 3607 doceret,
554 3533 682 3592 teneret
703 3546 760 3592 seu
781 3527 905 3608 legeret
926 3526 1029 3590 dictos
1052 3524 1151 3589 libros
1173 3526 1232 3589 sub
1254 3542 1358 3607 poena

160 3623 497 3691 excommunicationis
530 3632 563 3690 et
590 3627 661 3691 aliis
690 3627 802 3709 poenis
831 3627 864 3691 in
887 3625 991 3692 literis
1013 3625 1197 3708 apostolicis
1219 3625 1358 3709 desuper

153 3721 337 3802 contectis,
359 3724 400 3788 ad
422 3742 499 3806 quas
521 3741 557 3790 sc
580 3727 724 3793 referunt
742 3734 942 3811 promotores
964 3731 998 3792 et
1019 3732 1244 3809 procuratores
1265 3732 1355 3791 ante-

154 3818 261 3887 dicti:
285 3822 487 3888 nihilominus
524 3833 629 3890 tamen
662 3828 745 3892 idem
776 3829 918 3894 loannes
951 3826 1040 3907 Hus,
1076 3827 1216 3908 quamvis
1242 3826 1358 3891 dictam

147 3922 456 3989 condemnationem
489 3924 556 3990 siva
588 3928 837 3992 combustionem
859 3927 989 3992 sciverit
1017 3945 1074 3992 seu
1095 3925 1356 4004 sciredebuerit,

148 4033 237 4103 post
258 4025 377 4090 dictum
400 4026 565 4091 concilium
584 4046 621 4092 ac
637 4029 929 4092 condemnationem
944 4034 977 4092 ct
999 4026 1249 4091 combustionem
1264 4040 1357 4105 prae-

150 4124 266 4191 dictas
280 4125 394 4204 tenuit,
415 4125 524 4193 docuit
539 4135 572 4193 et
593 4128 765 4211 disputavit
792 4129 969 4192 doctrinam
984 4127 1060 4192 dicti
1081 4124 1215 4190 ioannis
1230 4122 1357 4201 willel,

151 4234 198 4291 ut
219 4225 452 4308 praemittitur,
475 4226 712 4293 condemnatam
735 4234 769 4292 et
790 4227 981 4306 damnatam,
1004 4227 1037 4290 in
1060 4230 1252 4290 contemtum
1267 4221 1353 4287 sedis

156 4325 359 4408 apostolicae
381 4330 415 4390 et
436 4336 564 4392 sanctae
586 4327 697 4392 matris
720 4326 883 4392 ccclesiae.

262 4426 343 4491 Item
377 4427 461 4508 qtrod
493 4427 576 4491 idem
607 4428 749 4492 Joannes
780 4426 849 4491 Hos
872 4427 912 4491 dc
944 4444 1027 4491 anno
1049 4423 1166 4489 domini
1187 4421 1354 4487 millesimo

161 4523 476 4607 quadringentesimo
492 4526 676 4594 duodecimo
692 4535 825 4611 propter
840 4527 1046 4593 rebellionem
1061 4532 1095 4591 ct
1109 4523 1355 4589 inobedientiam

168 4639 240 4688 suas
261 4625 443 4708 praedictas
465 4627 525 4692 iuit
546 4628 585 4693 de
608 4628 736 4694 civitate
756 4628 909 4710 Pragcnsi
932 4627 1091 4710 expulsus,
1114 4624 1210 4690 etiam
1224 4628 1357 4706 propter
