2992 5258
217 383 277 451 178
451 380 645 436 decusationes
662 379 700 432 M.
717 377 742 432 J.
760 377 819 431 Hus
837 376 950 445 ejusque
967 390 1104 446 response.
1138 381 1163 432 4

212 603 276 645 esse
296 583 492 645 contrarium
513 588 541 643 et
563 581 622 661 leui
644 581 694 641 elei
715 585 742 640 et
768 579 951 655 canonibus,
981 578 1059 650 dico,
1088 577 1170 658 quod
1189 577 1246 640 icoc
1266 585 1312 641 est
1332 576 1403 641 illi·

212 685 316 745 citum.
349 682 514 744 Studcatcs
542 688 647 742 autern
676 680 837 742 Teutonici
864 698 928 740 non
956 685 1030 739 strat
1050 675 1169 757 reJurlci
1185 699 1245 758 per
1265 677 1404 759 aliquem

212 784 375 860 homiuem,
403 781 458 843 sed
480 801 584 842 earnem
603 780 819 858 juramentum
840 798 890 840 eos
911 775 1033 858 repulit,
1056 797 1113 857 quo
1135 799 1167 839 se
1189 778 1403 859 otliyouerunt

210 887 267 946 ereb
294 903 397 963 poena
429 880 767 956 excommunicationis,
794 878 946 959 perjurii,
969 878 1163 957 privat-ionis
1194 880 1336 951 honoris,
1373 887 1404 943 et

210 987 266 1047 surb
288 1003 391 1064 pocua
419 988 539 1043 ceritum
560 999 803 1060 eeaayenarum,
832 978 914 1057 quod
937 977 1045 1039 nullus
1066 998 1172 1039 eorum
1193 978 1257 1041 urrlt
1280 1001 1404 1042 utanere

210 1085 246 1145 in
264 1081 381 1160 steedio,
410 1082 475 1142 nisi
495 1081 558 1160 ipsi
580 1087 642 1140 tres
664 1098 748 1139 uoces
768 1079 902 1139 habeant
923 1079 957 1138 iu
978 1079 1181 1139 universitate
1200 1078 1299 1140 studii
1313 1078 1402 1140 Pra-

207 1184 328 1266 9ensis,
356 1189 384 1243 et
405 1181 493 1243 natio
515 1179 687 1242 Boiemica
705 1184 829 1239 tantum
857 1198 965 1241 seuam.
994 1176 1056 1239 Set
1075 1177 1253 1257 pramraluit
1276 1179 1320 1243 D.
1336 1179 1403 1240 Re·

207 1281 468 1366 qismandatum,
482 1279 581 1361 juata
586 1277 812 1359 fundationem
836 1277 1060 1348 uniuersitatis,
1084 1276 1293 1360 qrrumsiyillo
1305 1298 1403 1341 aureo

209 1389 336 1446 sanctae
358 1381 526 1442 memoriae
548 1378 684 1441 Carolus
706 1379 880 1456 imperator
902 1377 1106 1458 confirmauit.

380 1563 518 1616 Attestata
535 1559 647 1614 Joerrnis
665 1558 757 1626 Peklo,
776 1557 970 1627 praedicatoris
987 1558 1050 1611 olim
1069 1558 1095 1612 S.
1112 1559 1228 1627 Aegidii.

308 1679 347 1743 D.
369 1679 519 1758 ioannes,
541 1676 742 1759 praedicator
764 1676 917 1741 ecclesiae
940 1675 970 1741 S.
986 1677 1110 1756 degidii
1125 1678 1158 1741 in
1181 1680 1293 1759 Frage,
1314 1679 1404 1744 inter

209 1780 272 1847 alia
292 1779 438 1862 deposita
452 1778 554 1861 ponit:
578 1777 689 1859 primo,
712 1775 796 1856 quod
818 1776 938 1841 audivit
959 1777 1001 1840 M.
1016 1777 1172 1842 ioannem
1186 1778 1256 1842 Hus
1279 1779 1310 1842 in
1332 1798 1403 1845 ser·

481 1893 579 1946 Verum
598 1901 652 1953 eet;
669 1893 744 1944 absit
761 1894 841 1952 euim,
860 1893 935 1959 quod
951 1896 1072 1960 tempore
1089 1894 1213 1961 Aartetie,
1231 1910 1302 1961 areae
1319 1912 1401 1948 occu·

208 1980 287 2049 pauit
301 1986 442 2047 papatum
459 1979 543 2029 annis
560 1976 666 2028 duodus
697 1977 875 2044 etamplius,
900 1976 973 2042 quod
994 1985 1058 2028 tunc
1080 1979 1175 2031 nullm
1188 1979 1325 2046 potuisset
1341 1980 1403 2032 eal·

208 2064 281 2124 uari,
298 2062 424 2129 quumvis
440 2078 497 2113 uon
515 2070 580 2112 tiene
591 2058 651 2127 suit
666 2074 756 2126 papa.

208 2164 302 2211 mone
324 2146 452 2225 dixisse,
485 2142 570 2224 quod
595 2160 780 2223 „possumus
806 2142 889 2206 bene
911 2143 980 2207 sine
1002 2162 1085 2225 psps
1106 2145 1250 2226 salvari“,
1285 2153 1317 2212 et
1339 2148 1401 2215 hoc

289 2277 392 2328 purtem
409 2260 593 2319 mendacium,
612 2277 673 2311 cum
688 2276 740 2326 per
757 2260 856 2311 multos
874 2259 934 2313 dies
946 2259 1064 2328 festivos
1080 2278 1131 2312 uec
1147 2263 1260 2314 nomino
1275 2279 1400 2331 papam.

207 2345 399 2425 multotiens
422 2351 455 2410 et
476 2344 638 2425 praedicat
660 2343 809 2424 quotidie,
833 2343 883 2408 die
906 2342 1019 2409 festivo
1043 2351 1075 2409 et
1097 2347 1177 2409 aliis.

307 2445 345 2510 It.
368 2445 466 2527 pouit,
492 2443 576 2525 quod
598 2443 718 2508 erudivit
737 2444 775 2507 ub
792 2442 911 2521 eodem,
933 2445 1017 2525 quod
1040 2444 1127 2521 dixit,
1151 2446 1235 2527 qrxod
1257 2447 1399 2512 existens

206 2544 379 2609 inmortali
396 2551 526 2625 peccato
543 2544 711 2626 presbyter
727 2562 789 2607 nun
805 2544 950 2623 absolvit,
973 2545 1095 2609 dicens:
1119 2546 1273 2626 quomodo
1289 2555 1399 2629 potest

206 2645 322 2725 ligatus
345 2644 475 2725 ligatum
498 2645 642 2709 solvere?

306 2745 371 2806 Iste
390 2765 499 2823 error,
530 2764 618 2824 quun
638 2745 718 2805 milri
739 2744 885 2816 asmibit,
910 2744 1065 2824 deponens
1080 2745 1181 2826 plrrra
1203 2768 1297 2828 quam
1319 2749 1398 2830 (liri,

198 2844 274 2926 jam.
294 2852 414 2907 tenetur
429 2865 488 2925 per
502 2865 561 2924 eos,
591 2846 642 2925 qui
658 2845 774 2918 elicient,
797 2844 879 2924 quod
888 2844 1063 2907 sacerdotes
1084 2846 1129 2907 ael
1149 2847 1183 2910 S.
1202 2847 1399 2925 Meritorium,

205 2951 232 3006 et
253 2944 298 3005 ad
315 2944 536 3022 sutanum,
558 2952 586 3006 et
607 2946 651 3005 aul
662 2945 694 3008 S.
707 2945 916 3007 Arialbertum
930 2953 957 3006 ct
968 2945 1000 3009 S.
1012 2946 1195 3008 Martiuum
1215 2968 1280 3009 non
1295 2949 1398 3012 absol·

204 3052 290 3118 erunt,
325 3066 379 3106 nec
405 3054 537 3126 possunt
569 3045 738 3117 absoluere,
755 3045 792 3124 ⁴¹)
828 3052 856 3105 et
888 3044 933 3106 ad
955 3045 1176 3108 ostendentium
1191 3049 1283 3130 facto
1306 3048 1399 3112 illum

204 3163 341 3205 errorem
376 3166 430 3207 nce
457 3143 563 3206 uolrmt
585 3144 744 3226 confiteri,
777 3164 831 3206 uec
851 3164 963 3224 corpere
985 3145 1104 3206 Otr-teu
1125 3168 1180 3208 nec
1201 3146 1267 3210 alia
1288 3171 1399 3213 sacra·

204 3251 308 3305 menta
324 3245 456 3324 recipere
470 3246 505 3306 in
521 3243 588 3306 illis
608 3245 675 3305 seris
692 3245 871 3324 parochiis3
892 3252 920 3306 ct
942 3246 998 3306 leoc
1008 3246 1137 3327 faciunt
1158 3265 1195 3308 ae
1216 3248 1399 3311 inductione

204 3344 417 3425 consessorum
439 3345 664 3425 Prayeusium.
1134 3418 1137 3423 ¹

302 3443 340 3509 lt.
365 3444 455 3525 ponit
476 3450 549 3525 post
570 3445 720 3508 articulos
743 3444 803 3509 sibi
835 3444 986 3508 recitatos
1019 3454 1105 3510 motu
1134 3446 1279 3528 proprio,
1311 3446 1399 3529 quod

205 3541 325 3606 auriivit
345 3561 384 3607 ex
399 3562 454 3608 ore
476 3543 576 3625 ipsius
598 3542 678 3623 HuS,
700 3543 732 3607 in
755 3543 837 3608 lecto
860 3545 1069 3623 aegritudinis
1091 3544 1319 3628 decumbentis,
1343 3547 1399 3612 ubi

205 3640 299 3719 dixit,
329 3641 413 3723 quod
434 3661 542 3707 omnes
564 3644 649 3706 XLV
682 3644 808 3709 articuli
834 3645 970 3709 extracti
999 3644 1038 3708 de
1064 3645 1154 3710 libris
1176 3645 1299 3710 Wiklef
1322 3655 1399 3713 sunt

204 3741 283 3819 veri,
307 3750 435 3823 praeter
457 3762 519 3808 uno
541 3742 675 3807 articulo
691 3742 764 3825 (sic)
781 3744 820 3808 de
836 3763 968 3826 corpore
985 3744 1112 3824 Christi,
1136 3752 1169 3810 et
1190 3746 1278 3810 iilum
1293 3747 1399 3812 adhue

205 3841 312 3922 posuit
328 3840 529 3922 disputetise,
545 3861 608 3907 non
623 3843 787 3923 assertive,
810 3844 979 3925 subjiciens
995 3863 1029 3907 se
1046 3846 1234 3910 correctioni
1249 3846 1397 3912 aliorum.

207 3982 210 3987 -
303 3944 377 4003 Nou
406 3952 451 4003 est
481 3964 600 4019 tenuem,
634 3945 707 4023 quia
739 3964 803 4004 non
824 3951 899 4005 urat
923 3943 974 4005 illi
1003 3945 1113 4008 XLV
1129 3944 1260 4006 articuli
1289 3966 1398 4010 omnes

203 4041 303 4121 ipsius
333 4042 461 4124 tuctus,
483 4063 558 4123 quas
579 4045 739 4122 tenuisset,
772 4044 826 4105 secl
850 4046 970 4113 conricti
994 4053 1067 4107 street
1087 4065 1146 4124 per
1166 4045 1215 4108 Μ.
1236 4046 1398 4109 Ioannem

204 4138 347 4221 Hudncr,
368 4144 418 4204 cui
439 4151 567 4204 carretae
590 4145 759 4205 memoriae
782 4144 818 4204 ia
843 4147 1057 4207 convocatione
1074 4147 1290 4208 uniuersitatis
1312 4149 1398 4211 ‹tte-tt

260 4405 283 4472 f)
300 4410 520 4459 Commemorrntur
536 4412 575 4458 hia
592 4409 688 4472 plebani
707 4413 843 4470 Pragsnses,
862 4414 902 4473 qui
920 4427 981 4458 enno
1001 4414 1063 4459 1414
1075 4414 1144 4474 primi
1161 4429 1216 4461 cum
1227 4414 1396 4463 Museobdu

303 4491 489 4541 communionem
513 4496 557 4541 sub
577 4502 677 4555 utreque
695 4497 773 4556 specis
790 4498 929 4556 probantes,
948 4500 978 4542 sb
996 4498 1171 4557 archiepiscopo
1194 4499 1301 4544 censuris
1318 4500 1395 4546 occis

306 4579 406 4623 sussticis
423 4581 498 4624 norati
516 4587 590 4625 ernust.
