<?xml version="1.0" encoding="UTF-8"?>
<!DOCTYPE html PUBLIC "-//W3C//DTD XHTML 1.0 Transitional//EN"
    "http://www.w3.org/TR/xhtml1/DTD/xhtml1-transitional.dtd">
<html xmlns="http://www.w3.org/1999/xhtml" xml:lang="en" lang="en">
 <head>
  <title>
</title>
<meta http-equiv="Content-Type" content="text/html;charset=utf-8" />
  <meta name='ocr-system' content='tesseract 3.04.00' />
  <meta name='ocr-capabilities' content='ocr_page ocr_carea ocr_par ocr_line ocrx_word'/>
</head>
<body>
  <div class='ocr_page' id='page_1' title='image "./documentamagjoa00palagoog_0045.png"; bbox 0 0 2992 5258; ppageno 0'>
   <div class='ocr_carea' id='block_1_1' title="bbox 149 413 881 481">
    <p class='ocr_par' dir='ltr' id='par_1_1' title="bbox 149 413 881 481">
     <span class='ocr_line' id='line_1_1' title="bbox 149 413 881 481; baseline 0.003 -17"><span class='ocrx_word' id='word_1_1' title='bbox 149 419 190 481; x_wconf 79' lang='lat'><strong>24</strong></span> <span class='ocrx_word' id='word_1_2' title='bbox 608 413 747 481; x_wconf 83' lang='lat' dir='ltr'><strong>Epistolae</strong></span> <span class='ocrx_word' id='word_1_3' title='bbox 766 413 881 481; x_wconf 81' lang='lat' dir='ltr'>scriptae</span> 
     </span>
    </p>
   </div>
   <div class='ocr_carea' id='block_1_2' title="bbox 148 612 1402 1854">
    <p class='ocr_par' dir='ltr' id='par_1_2' title="bbox 148 612 1402 1854">
     <span class='ocr_line' id='line_1_2' title="bbox 150 612 1402 681; baseline -0.002 -13"><span class='ocrx_word' id='word_1_4' title='bbox 150 614 234 669; x_wconf 86' lang='lat' dir='ltr'><strong>donec</strong></span> <span class='ocrx_word' id='word_1_5' title='bbox 251 615 274 667; x_wconf 92' lang='lat' dir='ltr'><strong>is</strong></span> <span class='ocrx_word' id='word_1_6' title='bbox 291 613 421 681; x_wconf 88' lang='lat' dir='ltr'><strong>praelatis</strong></span> <span class='ocrx_word' id='word_1_7' title='bbox 439 619 466 666; x_wconf 89' lang='lat' dir='ltr'><strong>et</strong></span> <span class='ocrx_word' id='word_1_8' title='bbox 482 612 608 680; x_wconf 79' lang='lat' dir='ltr'><strong>parochis</strong></span> <span class='ocrx_word' id='word_1_9' title='bbox 631 613 811 681; x_wconf 86' lang='lat' dir='ltr'><strong>Prageusibus</strong></span> <span class='ocrx_word' id='word_1_10' title='bbox 829 613 1018 680; x_wconf 74' lang='lat' dir='ltr'><strong>instigantibus</strong></span> <span class='ocrx_word' id='word_1_11' title='bbox 1042 629 1058 666; x_wconf 88' lang='lat' dir='ltr'><strong>a</strong></span> <span class='ocrx_word' id='word_1_12' title='bbox 1076 614 1197 681; x_wconf 88' lang='lat' dir='ltr'><strong>partibus</strong></span> <span class='ocrx_word' id='word_1_13' title='bbox 1219 630 1338 668; x_wconf 90' lang='lat' dir='ltr'><strong>meorum</strong></span> <span class='ocrx_word' id='word_1_14' title='bbox 1399 638 1402 643; x_wconf 93' lang='lat'>·</span> 
     </span>
     <span class='ocr_line' id='line_1_3' title="bbox 148 695 1338 765; baseline 0 -14"><span class='ocrx_word' id='word_1_15' title='bbox 148 697 314 751; x_wconf 86' lang='lat' dir='ltr'><strong>inimieorum</strong></span> <span class='ocrx_word' id='word_1_16' title='bbox 332 703 404 751; x_wconf 84' lang='lat' dir='ltr'><strong>stare</strong></span> <span class='ocrx_word' id='word_1_17' title='bbox 421 697 509 764; x_wconf 89' lang='lat' dir='ltr'><strong>coepit</strong></span> <span class='ocrx_word' id='word_1_18' title='bbox 526 702 562 758; x_wconf 89' lang='lat' dir='ltr'><strong>et,</strong></span> <span class='ocrx_word' id='word_1_19' title='bbox 579 696 731 751; x_wconf 85' lang='lat' dir='ltr'><strong>utRomam</strong></span> <span class='ocrx_word' id='word_1_20' title='bbox 748 696 783 751; x_wconf 91' lang='lat' dir='ltr'><strong>ad</strong></span> <span class='ocrx_word' id='word_1_21' title='bbox 799 695 930 765; x_wconf 90' lang='lat' dir='ltr'><strong>judicium</strong></span> <span class='ocrx_word' id='word_1_22' title='bbox 948 712 1065 763; x_wconf 87' lang='lat' dir='ltr'><strong>vocarer,</strong></span> <span class='ocrx_word' id='word_1_23' title='bbox 1084 697 1182 752; x_wconf 84' lang='lat' dir='ltr'><strong>effecit.</strong></span> <span class='ocrx_word' id='word_1_24' title='bbox 1199 697 1258 765; x_wconf 82' lang='lat' dir='ltr'><strong>Ego</strong></span> <span class='ocrx_word' id='word_1_25' title='bbox 1275 714 1338 752; x_wconf 76' lang='lat' dir='ltr'><strong>sero</strong></span> 
     </span>
     <span class='ocr_line' id='line_1_4' title="bbox 149 779 1337 848; baseline -0.001 -13"><span class='ocrx_word' id='word_1_26' title='bbox 149 782 244 836; x_wconf 84' lang='lat' dir='ltr'><strong>sistere</strong></span> <span class='ocrx_word' id='word_1_27' title='bbox 263 797 305 834; x_wconf 89' lang='lat' dir='ltr'><strong>me</strong></span> <span class='ocrx_word' id='word_1_28' title='bbox 331 780 392 834; x_wconf 87' lang='lat' dir='ltr'><strong>volo</strong></span> <span class='ocrx_word' id='word_1_29' title='bbox 413 795 502 834; x_wconf 87' lang='lat' dir='ltr'><strong>coram</strong></span> <span class='ocrx_word' id='word_1_30' title='bbox 525 779 648 835; x_wconf 93' lang='lat' dir='ltr'><strong>omnibus</strong></span> <span class='ocrx_word' id='word_1_31' title='bbox 675 781 808 847; x_wconf 78' lang='lat' dir='ltr'><strong>magistris</strong></span> <span class='ocrx_word' id='word_1_32' title='bbox 830 781 1011 848; x_wconf 87' lang='lat' dir='ltr'><strong>praelatisque</strong></span> <span class='ocrx_word' id='word_1_33' title='bbox 1036 787 1063 834; x_wconf 91' lang='lat' dir='ltr'><strong>et</strong></span> <span class='ocrx_word' id='word_1_34' title='bbox 1079 797 1168 835; x_wconf 86' lang='lat' dir='ltr'><strong>ceram</strong></span> <span class='ocrx_word' id='word_1_35' title='bbox 1186 781 1218 836; x_wconf 87' lang='lat' dir='ltr'><strong>V.</strong></span> <span class='ocrx_word' id='word_1_36' title='bbox 1236 782 1337 847; x_wconf 88' lang='lat' dir='ltr'><strong>Gratia,</strong></span> 
     </span>
     <span class='ocr_line' id='line_1_5' title="bbox 149 861 1337 932; baseline -0.002 -14"><span class='ocrx_word' id='word_1_37' title='bbox 149 864 262 931; x_wconf 87' lang='lat' dir='ltr'><strong>veloque</strong></span> <span class='ocrx_word' id='word_1_38' title='bbox 287 864 402 918; x_wconf 86' lang='lat' dir='ltr'><strong>libenter</strong></span> <span class='ocrx_word' id='word_1_39' title='bbox 419 861 512 918; x_wconf 89' lang='lat' dir='ltr'><strong>audire</strong></span> <span class='ocrx_word' id='word_1_40' title='bbox 530 864 728 918; x_wconf 87' lang='lat' dir='ltr'><strong>accusationem</strong></span> <span class='ocrx_word' id='word_1_41' title='bbox 751 879 837 918; x_wconf 84' lang='lat' dir='ltr'><strong>meum</strong></span> <span class='ocrx_word' id='word_1_42' title='bbox 863 871 891 918; x_wconf 88' lang='lat' dir='ltr'><strong>et</strong></span> <span class='ocrx_word' id='word_1_43' title='bbox 912 879 1020 919; x_wconf 87' lang='lat' dir='ltr'><strong>causam</strong></span> <span class='ocrx_word' id='word_1_44' title='bbox 1043 864 1183 918; x_wconf 71' lang='lat' dir='ltr'><strong>dicernat</strong></span> <span class='ocrx_word' id='word_1_45' title='bbox 1207 863 1337 932; x_wconf 87' lang='lat' dir='ltr'><strong>judicium</strong></span> 
     </span>
     <span class='ocr_line' id='line_1_6' title="bbox 150 947 1338 1016; baseline 0.001 -15"><span class='ocrx_word' id='word_1_46' title='bbox 150 948 249 1015; x_wconf 90' lang='lat' dir='ltr'><strong>subire,</strong></span> <span class='ocrx_word' id='word_1_47' title='bbox 267 947 306 1001; x_wconf 88' lang='lat' dir='ltr'><strong>uti</strong></span> <span class='ocrx_word' id='word_1_48' title='bbox 325 947 403 1001; x_wconf 89' lang='lat' dir='ltr'><strong>decet</strong></span> <span class='ocrx_word' id='word_1_49' title='bbox 421 962 534 1014; x_wconf 89' lang='lat' dir='ltr'><strong>egenum</strong></span> <span class='ocrx_word' id='word_1_50' title='bbox 551 947 727 1013; x_wconf 78' lang='lat' dir='ltr'><strong>sacerdotem,</strong></span> <span class='ocrx_word' id='word_1_51' title='bbox 745 947 823 1002; x_wconf 92' lang='lat' dir='ltr'><strong>modo</strong></span> <span class='ocrx_word' id='word_1_52' title='bbox 841 947 1007 1016; x_wconf 89' lang='lat' dir='ltr'><strong>prodeatis,</strong></span> <span class='ocrx_word' id='word_1_53' title='bbox 1032 949 1077 1016; x_wconf 91' lang='lat' dir='ltr'><strong>qui</strong></span> <span class='ocrx_word' id='word_1_54' title='bbox 1100 964 1143 1002; x_wconf 90' lang='lat' dir='ltr'><strong>me</strong></span> <span class='ocrx_word' id='word_1_55' title='bbox 1161 955 1338 1002; x_wconf 80' lang='lat' dir='ltr'><strong>accusaturus</strong></span> 
     </span>
     <span class='ocr_line' id='line_1_7' title="bbox 149 1030 1338 1099; baseline 0 -14"><span class='ocrx_word' id='word_1_56' title='bbox 149 1033 191 1086; x_wconf 88' lang='lat' dir='ltr'><strong>sit.</strong></span> <span class='ocrx_word' id='word_1_57' title='bbox 226 1035 315 1099; x_wconf 83' lang='lat' dir='ltr'><strong>Atque</strong></span> <span class='ocrx_word' id='word_1_58' title='bbox 333 1032 384 1085; x_wconf 92' lang='lat' dir='ltr'><strong>hoc</strong></span> <span class='ocrx_word' id='word_1_59' title='bbox 401 1046 507 1099; x_wconf 82' lang='lat' dir='ltr'><strong>semper</strong></span> <span class='ocrx_word' id='word_1_60' title='bbox 523 1030 670 1098; x_wconf 87' lang='lat' dir='ltr'><strong>profitebar</strong></span> <span class='ocrx_word' id='word_1_61' title='bbox 687 1036 714 1085; x_wconf 88' lang='lat' dir='ltr'><strong>et</strong></span> <span class='ocrx_word' id='word_1_62' title='bbox 730 1031 805 1097; x_wconf 84' lang='lat' dir='ltr'><strong>regia</strong></span> <span class='ocrx_word' id='word_1_63' title='bbox 823 1031 955 1099; x_wconf 86' lang='lat' dir='ltr'><strong>Majestas</strong></span> <span class='ocrx_word' id='word_1_64' title='bbox 973 1033 1023 1086; x_wconf 90' lang='lat' dir='ltr'><strong>hoc</strong></span> <span class='ocrx_word' id='word_1_65' title='bbox 1040 1032 1073 1086; x_wconf 94' lang='lat' dir='ltr'><strong>iis</strong></span> <span class='ocrx_word' id='word_1_66' title='bbox 1092 1033 1231 1093; x_wconf 76' lang='lat' dir='ltr'><strong>concessit</strong></span> <span class='ocrx_word' id='word_1_67' title='bbox 1250 1048 1338 1099; x_wconf 86' lang='lat' dir='ltr'><strong>neque</strong></span> 
     </span>
     <span class='ocr_line' id='line_1_8' title="bbox 150 1114 1335 1184; baseline -0.002 -14"><span class='ocrx_word' id='word_1_68' title='bbox 150 1115 295 1184; x_wconf 86' lang='lat' dir='ltr'><strong>quidquam</strong></span> <span class='ocrx_word' id='word_1_69' title='bbox 313 1131 438 1182; x_wconf 89' lang='lat' dir='ltr'><strong>umquam</strong></span> <span class='ocrx_word' id='word_1_70' title='bbox 456 1114 558 1169; x_wconf 89' lang='lat' dir='ltr'><strong>crimini</strong></span> <span class='ocrx_word' id='word_1_71' title='bbox 576 1114 640 1169; x_wconf 89' lang='lat' dir='ltr'><strong>mihi</strong></span> <span class='ocrx_word' id='word_1_72' title='bbox 652 1114 744 1169; x_wconf 84' lang='lat' dir='ltr'><strong>datum</strong></span> <span class='ocrx_word' id='word_1_73' title='bbox 762 1122 812 1183; x_wconf 87' lang='lat' dir='ltr'><strong>est,</strong></span> <span class='ocrx_word' id='word_1_74' title='bbox 830 1116 881 1170; x_wconf 87' lang='lat' dir='ltr'><strong>nisi</strong></span> <span class='ocrx_word' id='word_1_75' title='bbox 896 1115 968 1184; x_wconf 90' lang='lat' dir='ltr'><strong>quod</strong></span> <span class='ocrx_word' id='word_1_76' title='bbox 981 1115 1086 1182; x_wconf 91' lang='lat' dir='ltr'><strong>dicitur,</strong></span> <span class='ocrx_word' id='word_1_77' title='bbox 1099 1131 1141 1170; x_wconf 89' lang='lat' dir='ltr'><strong>me</strong></span> <span class='ocrx_word' id='word_1_78' title='bbox 1154 1133 1207 1171; x_wconf 93' lang='lat' dir='ltr'><strong>non</strong></span> <span class='ocrx_word' id='word_1_79' title='bbox 1219 1115 1335 1170; x_wconf 87' lang='lat' dir='ltr'><strong>obedire.</strong></span> 
     </span>
     <span class='ocr_line' id='line_1_9' title="bbox 150 1198 1335 1268; baseline -0.002 -14"><span class='ocrx_word' id='word_1_80' title='bbox 150 1203 239 1268; x_wconf 84' lang='lat' dir='ltr'><strong>Atque</strong></span> <span class='ocrx_word' id='word_1_81' title='bbox 257 1198 380 1267; x_wconf 87' lang='lat' dir='ltr'><strong>equidem</strong></span> <span class='ocrx_word' id='word_1_82' title='bbox 398 1199 467 1265; x_wconf 89' lang='lat' dir='ltr'><strong>scio,</strong></span> <span class='ocrx_word' id='word_1_83' title='bbox 495 1213 537 1252; x_wconf 88' lang='lat' dir='ltr'><strong>me</strong></span> <span class='ocrx_word' id='word_1_84' title='bbox 554 1214 603 1252; x_wconf 85' lang='lat' dir='ltr'><strong>nec</strong></span> <span class='ocrx_word' id='word_1_85' title='bbox 621 1213 708 1266; x_wconf 85' lang='lat' dir='ltr'><strong>papae</strong></span> <span class='ocrx_word' id='word_1_86' title='bbox 725 1214 775 1253; x_wconf 91' lang='lat' dir='ltr'><strong>nec</strong></span> <span class='ocrx_word' id='word_1_87' title='bbox 792 1199 992 1267; x_wconf 87' lang='lat' dir='ltr'><strong>archiepiscopo</strong></span> <span class='ocrx_word' id='word_1_88' title='bbox 1015 1199 1084 1253; x_wconf 90' lang='lat' dir='ltr'><strong>velle</strong></span> <span class='ocrx_word' id='word_1_89' title='bbox 1100 1200 1129 1253; x_wconf 92' lang='lat' dir='ltr'><strong>in</strong></span> <span class='ocrx_word' id='word_1_90' title='bbox 1147 1200 1198 1253; x_wconf 89' lang='lat' dir='ltr'><strong>boc</strong></span> <span class='ocrx_word' id='word_1_91' title='bbox 1215 1200 1335 1267; x_wconf 91' lang='lat' dir='ltr'><strong>obsequi,</strong></span> 
     </span>
     <span class='ocr_line' id='line_1_10' title="bbox 152 1282 1335 1351; baseline -0.002 -14"><span class='ocrx_word' id='word_1_92' title='bbox 152 1292 182 1337; x_wconf 89' lang='lat' dir='ltr'><strong>ut</strong></span> <span class='ocrx_word' id='word_1_93' title='bbox 198 1282 399 1351; x_wconf 88' lang='lat' dir='ltr'><strong>praedicatione</strong></span> <span class='ocrx_word' id='word_1_94' title='bbox 417 1282 581 1349; x_wconf 68' lang='lat' dir='ltr'><strong>abstineam</strong></span> <span class='ocrx_word' id='word_1_95' title='bbox 608 1282 659 1337; x_wconf 86' lang='lat' dir='ltr'><strong>hoe</strong></span> <span class='ocrx_word' id='word_1_96' title='bbox 676 1283 746 1337; x_wconf 87' lang='lat' dir='ltr'><strong>enim</strong></span> <span class='ocrx_word' id='word_1_97' title='bbox 772 1292 865 1338; x_wconf 88' lang='lat' dir='ltr'><strong>contra</strong></span> <span class='ocrx_word' id='word_1_98' title='bbox 887 1283 967 1338; x_wconf 90' lang='lat' dir='ltr'><strong>deum</strong></span> <span class='ocrx_word' id='word_1_99' title='bbox 990 1299 1129 1351; x_wconf 89' lang='lat' dir='ltr'><strong>meumque</strong></span> <span class='ocrx_word' id='word_1_100' title='bbox 1154 1283 1268 1337; x_wconf 89' lang='lat' dir='ltr'><strong>salutem</strong></span> <span class='ocrx_word' id='word_1_101' title='bbox 1286 1291 1335 1338; x_wconf 87' lang='lat' dir='ltr'><strong>est.</strong></span> 
     </span>
     <span class='ocr_line' id='line_1_11' title="bbox 149 1364 1337 1435; baseline -0.001 -14"><span class='ocrx_word' id='word_1_102' title='bbox 149 1366 210 1421; x_wconf 88' lang='lat' dir='ltr'><strong>Scio</strong></span> <span class='ocrx_word' id='word_1_103' title='bbox 226 1383 298 1431; x_wconf 85' lang='lat' dir='ltr'><strong>vero,</strong></span> <span class='ocrx_word' id='word_1_104' title='bbox 316 1365 408 1420; x_wconf 88' lang='lat' dir='ltr'><strong>dilecti</strong></span> <span class='ocrx_word' id='word_1_105' title='bbox 426 1364 534 1433; x_wconf 92' lang='lat' dir='ltr'><strong>domini,</strong></span> <span class='ocrx_word' id='word_1_106' title='bbox 552 1381 586 1419; x_wconf 89' lang='lat' dir='ltr'><strong>ne</strong></span> <span class='ocrx_word' id='word_1_107' title='bbox 604 1381 650 1420; x_wconf 88' lang='lat' dir='ltr'><strong>vos</strong></span> <span class='ocrx_word' id='word_1_108' title='bbox 668 1365 775 1434; x_wconf 91' lang='lat' dir='ltr'><strong>quidem</strong></span> <span class='ocrx_word' id='word_1_109' title='bbox 792 1365 902 1421; x_wconf 88' lang='lat' dir='ltr'><strong>obedire</strong></span> <span class='ocrx_word' id='word_1_110' title='bbox 917 1373 1069 1435; x_wconf 88' lang='lat' dir='ltr'><strong>praecepto,</strong></span> <span class='ocrx_word' id='word_1_111' title='bbox 1087 1365 1158 1434; x_wconf 91' lang='lat' dir='ltr'><strong>quod</strong></span> <span class='ocrx_word' id='word_1_112' title='bbox 1171 1364 1246 1420; x_wconf 87' lang='lat' dir='ltr'><strong>dedit</strong></span> <span class='ocrx_word' id='word_1_113' title='bbox 1257 1383 1337 1435; x_wconf 89' lang='lat' dir='ltr'><strong>papa,</strong></span> 
     </span>
     <span class='ocr_line' id='line_1_12' title="bbox 152 1449 1338 1519; baseline 0 -15"><span class='ocrx_word' id='word_1_114' title='bbox 152 1451 197 1518; x_wconf 91' lang='lat' dir='ltr'><strong>qui</strong></span> <span class='ocrx_word' id='word_1_115' title='bbox 212 1450 269 1518; x_wconf 89' lang='lat' dir='ltr'><strong>jam</strong></span> <span class='ocrx_word' id='word_1_116' title='bbox 287 1456 407 1504; x_wconf 91' lang='lat' dir='ltr'><strong>mortuus</strong></span> <span class='ocrx_word' id='word_1_117' title='bbox 424 1455 479 1517; x_wconf 90' lang='lat' dir='ltr'><strong>est,</strong></span> <span class='ocrx_word' id='word_1_118' title='bbox 505 1449 532 1503; x_wconf 93' lang='lat' dir='ltr'><strong>in</strong></span> <span class='ocrx_word' id='word_1_119' title='bbox 551 1450 626 1504; x_wconf 89' lang='lat' dir='ltr'><strong>bulla</strong></span> <span class='ocrx_word' id='word_1_120' title='bbox 643 1465 700 1517; x_wconf 91' lang='lat' dir='ltr'><strong>sua,</strong></span> <span class='ocrx_word' id='word_1_121' title='bbox 727 1465 807 1519; x_wconf 88' lang='lat' dir='ltr'><strong>qnam</strong></span> <span class='ocrx_word' id='word_1_122' title='bbox 832 1450 872 1503; x_wconf 90' lang='lat' dir='ltr'><strong>illi</strong></span> <span class='ocrx_word' id='word_1_123' title='bbox 890 1465 991 1517; x_wconf 72' lang='lat' dir='ltr'><strong>magno,</strong></span> <span class='ocrx_word' id='word_1_124' title='bbox 1004 1457 1140 1516; x_wconf 85' lang='lat' dir='ltr'><strong>emerunt,</strong></span> <span class='ocrx_word' id='word_1_125' title='bbox 1166 1466 1201 1504; x_wconf 91' lang='lat' dir='ltr'><strong>ne</strong></span> <span class='ocrx_word' id='word_1_126' title='bbox 1223 1466 1338 1519; x_wconf 82' lang='lat' dir='ltr'><strong>usquam</strong></span> 
     </span>
     <span class='ocr_line' id='line_1_13' title="bbox 151 1532 1338 1600; baseline 0.001 -13"><span class='ocrx_word' id='word_1_127' title='bbox 151 1534 261 1587; x_wconf 87' lang='lat' dir='ltr'><strong>verbum</strong></span> <span class='ocrx_word' id='word_1_128' title='bbox 279 1532 322 1586; x_wconf 92' lang='lat' dir='ltr'><strong>dei</strong></span> <span class='ocrx_word' id='word_1_129' title='bbox 340 1533 366 1586; x_wconf 92' lang='lat' dir='ltr'><strong>in</strong></span> <span class='ocrx_word' id='word_1_130' title='bbox 379 1533 486 1587; x_wconf 88' lang='lat' dir='ltr'><strong>sacellis</strong></span> <span class='ocrx_word' id='word_1_131' title='bbox 504 1533 721 1600; x_wconf 82' lang='lat' dir='ltr'><strong>praedicaretur3</strong></span> <span class='ocrx_word' id='word_1_132' title='bbox 748 1534 803 1588; x_wconf 91' lang='lat' dir='ltr'><strong>scio</strong></span> <span class='ocrx_word' id='word_1_133' title='bbox 821 1534 900 1600; x_wconf 83' lang='lat' dir='ltr'><strong>eninr,</strong></span> <span class='ocrx_word' id='word_1_134' title='bbox 927 1533 1025 1588; x_wconf 91' lang='lat' dir='ltr'><strong>multos</strong></span> <span class='ocrx_word' id='word_1_135' title='bbox 1042 1540 1159 1588; x_wconf 86' lang='lat' dir='ltr'><strong>vestrum</strong></span> <span class='ocrx_word' id='word_1_136' title='bbox 1177 1533 1277 1589; x_wconf 87' lang='lat' dir='ltr'><strong>habere</strong></span> <span class='ocrx_word' id='word_1_137' title='bbox 1296 1550 1338 1588; x_wconf 90' lang='lat' dir='ltr'><strong>sa·</strong></span> 
     </span>
     <span class='ocr_line' id='line_1_14' title="bbox 153 1609 1338 1686; baseline 0 -14"><span class='ocrx_word' id='word_1_138' title='bbox 153 1617 231 1685; x_wconf 90' lang='lat' dir='ltr'><strong>cella,</strong></span> <span class='ocrx_word' id='word_1_139' title='bbox 249 1618 277 1671; x_wconf 92' lang='lat' dir='ltr'><strong>in</strong></span> <span class='ocrx_word' id='word_1_140' title='bbox 294 1617 391 1684; x_wconf 89' lang='lat' dir='ltr'><strong>quibus</strong></span> <span class='ocrx_word' id='word_1_141' title='bbox 408 1617 483 1672; x_wconf 86' lang='lat' dir='ltr'><strong>vobis</strong></span> <span class='ocrx_word' id='word_1_142' title='bbox 501 1617 679 1685; x_wconf 87' lang='lat' dir='ltr'><strong>praedicetur,</strong></span> <span class='ocrx_word' id='word_1_143' title='bbox 697 1624 778 1686; x_wconf 87' lang='lat' dir='ltr'><strong>atque</strong></span> <span class='ocrx_word' id='word_1_144' title='bbox 795 1609 928 1672; x_wconf 83' lang='lat' dir='ltr'><strong>interdum</strong></span> <span class='ocrx_word' id='word_1_145' title='bbox 946 1619 974 1671; x_wconf 92' lang='lat' dir='ltr'><strong>in</strong></span> <span class='ocrx_word' id='word_1_146' title='bbox 991 1617 1132 1672; x_wconf 87' lang='lat' dir='ltr'><strong>domiciliis</strong></span> <span class='ocrx_word' id='word_1_147' title='bbox 1149 1633 1265 1686; x_wconf 90' lang='lat' dir='ltr'><strong>quoque.</strong></span> <span class='ocrx_word' id='word_1_148' title='bbox 1295 1617 1338 1672; x_wconf 85' lang='lat' dir='ltr'><strong>Ad</strong></span> 
     </span>
     <span class='ocr_line' id='line_1_15' title="bbox 150 1701 1335 1770; baseline -0.001 -14"><span class='ocrx_word' id='word_1_149' title='bbox 150 1717 237 1770; x_wconf 88' lang='lat' dir='ltr'><strong>papae</strong></span> <span class='ocrx_word' id='word_1_150' title='bbox 255 1701 355 1756; x_wconf 87' lang='lat' dir='ltr'><strong>curiam</strong></span> <span class='ocrx_word' id='word_1_151' title='bbox 373 1717 415 1755; x_wconf 90' lang='lat' dir='ltr'><strong>me</strong></span> <span class='ocrx_word' id='word_1_152' title='bbox 432 1716 486 1757; x_wconf 89' lang='lat' dir='ltr'><strong>non</strong></span> <span class='ocrx_word' id='word_1_153' title='bbox 503 1701 617 1767; x_wconf 73' lang='lat' dir='ltr'><strong>contuli,;</strong></span> <span class='ocrx_word' id='word_1_154' title='bbox 635 1701 768 1757; x_wconf 86' lang='lat' dir='ltr'><strong>habebam</strong></span> <span class='ocrx_word' id='word_1_155' title='bbox 786 1702 856 1756; x_wconf 89' lang='lat' dir='ltr'><strong>enim</strong></span> <span class='ocrx_word' id='word_1_156' title='bbox 874 1708 1061 1770; x_wconf 82' lang='lat' dir='ltr'><strong>procuratores</strong></span> <span class='ocrx_word' id='word_1_157' title='bbox 1078 1716 1161 1768; x_wconf 89' lang='lat' dir='ltr'><strong>meos,</strong></span> <span class='ocrx_word' id='word_1_158' title='bbox 1179 1717 1246 1770; x_wconf 89' lang='lat' dir='ltr'><strong>quos</strong></span> <span class='ocrx_word' id='word_1_159' title='bbox 1263 1703 1335 1756; x_wconf 88' lang='lat' dir='ltr'><strong>omni</strong></span> 
     </span>
     <span class='ocr_line' id='line_1_16' title="bbox 148 1785 1337 1854; baseline -0.001 -14"><span class='ocrx_word' id='word_1_160' title='bbox 148 1785 258 1840; x_wconf 86' lang='lat' dir='ltr'><strong>crimine</strong></span> <span class='ocrx_word' id='word_1_161' title='bbox 277 1785 375 1840; x_wconf 90' lang='lat' dir='ltr'><strong>liberos</strong></span> <span class='ocrx_word' id='word_1_162' title='bbox 392 1786 420 1839; x_wconf 91' lang='lat' dir='ltr'><strong>in</strong></span> <span class='ocrx_word' id='word_1_163' title='bbox 437 1800 573 1841; x_wconf 89' lang='lat' dir='ltr'><strong>carcerom</strong></span> <span class='ocrx_word' id='word_1_164' title='bbox 590 1786 776 1853; x_wconf 88' lang='lat' dir='ltr'><strong>conjecerunt;</strong></span> <span class='ocrx_word' id='word_1_165' title='bbox 794 1786 838 1854; x_wconf 91' lang='lat' dir='ltr'><strong>qui</strong></span> <span class='ocrx_word' id='word_1_166' title='bbox 856 1786 898 1839; x_wconf 88' lang='lat' dir='ltr'><strong>rel</strong></span> <span class='ocrx_word' id='word_1_167' title='bbox 916 1785 951 1840; x_wconf 91' lang='lat' dir='ltr'><strong>ad</strong></span> <span class='ocrx_word' id='word_1_168' title='bbox 963 1786 1051 1853; x_wconf 87' lang='lat' dir='ltr'><strong>ignom</strong></span> <span class='ocrx_word' id='word_1_169' title='bbox 1074 1801 1103 1840; x_wconf 90' lang='lat' dir='ltr'><strong>so</strong></span> <span class='ocrx_word' id='word_1_170' title='bbox 1115 1786 1235 1854; x_wconf 85' lang='lat' dir='ltr'><strong>obligare</strong></span> <span class='ocrx_word' id='word_1_171' title='bbox 1247 1785 1337 1839; x_wconf 85' lang='lat' dir='ltr'><strong>volue-</strong></span> 
     </span>
    </p>
   </div>
   <div class='ocr_carea' id='block_1_3' title="bbox 54 1868 1339 1938">
    <p class='ocr_par' dir='ltr' id='par_1_3' title="bbox 54 1868 1339 1938">
     <span class='ocr_line' id='line_1_17' title="bbox 54 1868 1339 1938; baseline 0.002 -16"><span class='ocrx_word' id='word_1_172' title='bbox 54 1898 55 1903; x_wconf 21' lang='grc' dir='ltr'><strong>κ</strong></span> <span class='ocrx_word' id='word_1_173' title='bbox 148 1874 213 1924; x_wconf 88' lang='lat' dir='ltr'><strong>runt</strong></span> <span class='ocrx_word' id='word_1_174' title='bbox 229 1874 323 1923; x_wconf 90' lang='lat' dir='ltr'><strong>contra</strong></span> <span class='ocrx_word' id='word_1_175' title='bbox 339 1869 468 1938; x_wconf 86' lang='lat' dir='ltr'><strong>quemvis,</strong></span> <span class='ocrx_word' id='word_1_176' title='bbox 486 1870 530 1937; x_wconf 94' lang='lat' dir='ltr'><strong>qui</strong></span> <span class='ocrx_word' id='word_1_177' title='bbox 548 1886 668 1924; x_wconf 81' lang='lat' dir='ltr'><strong>errorum</strong></span> <span class='ocrx_word' id='word_1_178' title='bbox 685 1886 729 1923; x_wconf 90' lang='lat' dir='ltr'><strong>me</strong></span> <span class='ocrx_word' id='word_1_179' title='bbox 746 1869 827 1924; x_wconf 86' lang='lat' dir='ltr'><strong>vellet</strong></span> <span class='ocrx_word' id='word_1_180' title='bbox 844 1870 1008 1925; x_wconf 90' lang='lat' dir='ltr'><strong>convincere.</strong></span> <span class='ocrx_word' id='word_1_181' title='bbox 1042 1871 1104 1938; x_wconf 88' lang='lat' dir='ltr'><strong>lpse</strong></span> <span class='ocrx_word' id='word_1_182' title='bbox 1127 1868 1339 1936; x_wconf 85' lang='lat' dir='ltr'><strong>veroprofcetus</strong></span> 
     </span>
    </p>
   </div>
   <div class='ocr_carea' id='block_1_4' title="bbox 149 1952 1338 2272">
    <p class='ocr_par' dir='ltr' id='par_1_4' title="bbox 149 1952 1338 2272">
     <span class='ocr_line' id='line_1_18' title="bbox 150 1952 1338 2020; baseline 0.001 -14"><span class='ocrx_word' id='word_1_183' title='bbox 150 1969 202 2006; x_wconf 91' lang='lat' dir='ltr'><strong>non</strong></span> <span class='ocrx_word' id='word_1_184' title='bbox 221 1968 288 2020; x_wconf 90' lang='lat' dir='ltr'><strong>sum,</strong></span> <span class='ocrx_word' id='word_1_185' title='bbox 307 1952 377 2020; x_wconf 95' lang='lat' dir='ltr'><strong>quod</strong></span> <span class='ocrx_word' id='word_1_186' title='bbox 393 1953 456 2007; x_wconf 89' lang='lat' dir='ltr'><strong>mihi</strong></span> <span class='ocrx_word' id='word_1_187' title='bbox 474 1953 597 2007; x_wconf 91' lang='lat' dir='ltr'><strong>omnibus</strong></span> <span class='ocrx_word' id='word_1_188' title='bbox 614 1953 680 2008; x_wconf 89' lang='lat' dir='ltr'><strong>locis</strong></span> <span class='ocrx_word' id='word_1_189' title='bbox 697 1952 810 2007; x_wconf 84' lang='lat' dir='ltr'><strong>insidiae</strong></span> <span class='ocrx_word' id='word_1_190' title='bbox 827 1953 1008 2020; x_wconf 82' lang='lat' dir='ltr'><strong>struebantur,</strong></span> <span class='ocrx_word' id='word_1_191' title='bbox 1026 1968 1060 2007; x_wconf 91' lang='lat' dir='ltr'><strong>ne</strong></span> <span class='ocrx_word' id='word_1_192' title='bbox 1077 1953 1105 2006; x_wconf 92' lang='lat' dir='ltr'><strong>in</strong></span> <span class='ocrx_word' id='word_1_193' title='bbox 1124 1953 1279 2006; x_wconf 88' lang='lat' dir='ltr'><strong>Bohemiem</strong></span> <span class='ocrx_word' id='word_1_194' title='bbox 1296 1969 1338 2007; x_wconf 89' lang='lat' dir='ltr'><strong>re-</strong></span> 
     </span>
     <span class='ocr_line' id='line_1_19' title="bbox 150 2031 1338 2103; baseline 0.001 -14"><span class='ocrx_word' id='word_1_195' title='bbox 150 2042 276 2090; x_wconf 83' lang='lat' dir='ltr'><strong>verterer.</strong></span> <span class='ocrx_word' id='word_1_196' title='bbox 295 2034 404 2090; x_wconf 81' lang='lat' dir='ltr'><strong>Confido</strong></span> <span class='ocrx_word' id='word_1_197' title='bbox 422 2037 503 2102; x_wconf 73' lang='lat' dir='ltr'><strong>igitur</strong></span> <span class='ocrx_word' id='word_1_198' title='bbox 519 2037 551 2091; x_wconf 85' lang='lat' dir='ltr'><strong>V.</strong></span> <span class='ocrx_word' id='word_1_199' title='bbox 569 2037 687 2103; x_wconf 87' lang='lat' dir='ltr'><strong>Gratiae,</strong></span> <span class='ocrx_word' id='word_1_200' title='bbox 704 2052 751 2091; x_wconf 85' lang='lat' dir='ltr'><strong>vos</strong></span> <span class='ocrx_word' id='word_1_201' title='bbox 779 2040 838 2090; x_wconf 80' lang='lat' dir='ltr'><strong>clim</strong></span> <span class='ocrx_word' id='word_1_202' title='bbox 862 2031 933 2102; x_wconf 82' lang='lat' dir='ltr'><strong>regis</strong></span> <span class='ocrx_word' id='word_1_203' title='bbox 950 2043 978 2090; x_wconf 87' lang='lat' dir='ltr'><strong>et</strong></span> <span class='ocrx_word' id='word_1_204' title='bbox 995 2036 1103 2102; x_wconf 87' lang='lat' dir='ltr'><strong>reginae</strong></span> <span class='ocrx_word' id='word_1_205' title='bbox 1120 2035 1266 2102; x_wconf 80' lang='lat' dir='ltr'><strong>Majestate</strong></span> <span class='ocrx_word' id='word_1_206' title='bbox 1283 2034 1338 2090; x_wconf 87' lang='lat' dir='ltr'><strong>iae·</strong></span> 
     </span>
     <span class='ocr_line' id='line_1_20' title="bbox 149 2118 1338 2189; baseline 0.002 -17"><span class='ocrx_word' id='word_1_207' title='bbox 149 2125 224 2173; x_wconf 89' lang='lat' dir='ltr'><strong>turos</strong></span> <span class='ocrx_word' id='word_1_208' title='bbox 246 2134 306 2173; x_wconf 85' lang='lat' dir='ltr'><strong>osse</strong></span> <span class='ocrx_word' id='word_1_209' title='bbox 331 2118 368 2185; x_wconf 92' lang='lat' dir='ltr'><strong>id,</strong></span> <span class='ocrx_word' id='word_1_210' title='bbox 385 2119 459 2187; x_wconf 92' lang='lat' dir='ltr'><strong>quod</strong></span> <span class='ocrx_word' id='word_1_211' title='bbox 474 2136 521 2177; x_wconf 85' lang='lat' dir='ltr'><strong>vos</strong></span> <span class='ocrx_word' id='word_1_212' title='bbox 538 2121 705 2189; x_wconf 87' lang='lat' dir='ltr'><strong>omnipotens</strong></span> <span class='ocrx_word' id='word_1_213' title='bbox 723 2120 790 2174; x_wconf 91' lang='lat' dir='ltr'><strong>deus</strong></span> <span class='ocrx_word' id='word_1_214' title='bbox 807 2118 842 2174; x_wconf 86' lang='lat' dir='ltr'><strong>ad</strong></span> <span class='ocrx_word' id='word_1_215' title='bbox 859 2119 934 2186; x_wconf 84' lang='lat' dir='ltr'><strong>regni</strong></span> <span class='ocrx_word' id='word_1_216' title='bbox 957 2120 1038 2174; x_wconf 80' lang='lat' dir='ltr'><strong>vestri</strong></span> <span class='ocrx_word' id='word_1_217' title='bbox 1061 2119 1206 2174; x_wconf 86' lang='lat' dir='ltr'><strong>utilitatem</strong></span> <span class='ocrx_word' id='word_1_218' title='bbox 1224 2118 1338 2174; x_wconf 86' lang='lat' dir='ltr'><strong>edocere</strong></span> 
     </span>
     <span class='ocr_line' id='line_1_21' title="bbox 151 2202 1070 2272; baseline 0.001 -16"><span class='ocrx_word' id='word_1_219' title='bbox 151 2203 312 2270; x_wconf 80' lang='lat' dir='ltr'><strong>dignabitur.</strong></span> <span class='ocrx_word' id='word_1_220' title='bbox 347 2202 398 2270; x_wconf 79' lang='lat' dir='ltr'><strong>Qui</strong></span> <span class='ocrx_word' id='word_1_221' title='bbox 416 2220 462 2258; x_wconf 85' lang='lat' dir='ltr'><strong>ros</strong></span> <span class='ocrx_word' id='word_1_222' title='bbox 479 2205 507 2258; x_wconf 91' lang='lat' dir='ltr'><strong>in</strong></span> <span class='ocrx_word' id='word_1_223' title='bbox 524 2204 611 2272; x_wconf 87' lang='lat' dir='ltr'><strong>gratia</strong></span> <span class='ocrx_word' id='word_1_224' title='bbox 628 2221 678 2260; x_wconf 89' lang='lat' dir='ltr'><strong>sue</strong></span> <span class='ocrx_word' id='word_1_225' title='bbox 694 2203 851 2259; x_wconf 88' lang='lat' dir='ltr'><strong>confirmare</strong></span> <span class='ocrx_word' id='word_1_226' title='bbox 869 2204 941 2258; x_wconf 86' lang='lat' dir='ltr'><strong>velit.</strong></span> <span class='ocrx_word' id='word_1_227' title='bbox 975 2207 1070 2258; x_wconf 86' lang='lat' dir='ltr'><strong>Amen.</strong></span> 
     </span>
    </p>
   </div>
   <div class='ocr_carea' id='block_1_5' title="bbox 718 2565 773 2640">
    <p class='ocr_par' dir='ltr' id='par_1_5' title="bbox 718 2565 773 2640">
     <span class='ocr_line' id='line_1_22' title="bbox 718 2565 773 2640; baseline 0.036 -2"><span class='ocrx_word' id='word_1_228' title='bbox 718 2565 773 2640; x_wconf 79' lang='lat'><strong>12.</strong></span> 
     </span>
    </p>
   </div>
   <div class='ocr_carea' id='block_1_6' title="bbox 507 2755 982 2842">
    <p class='ocr_par' dir='ltr' id='par_1_6' title="bbox 507 2755 982 2842">
     <span class='ocr_line' id='line_1_23' title="bbox 507 2755 982 2842; baseline 0.011 -5"><span class='ocrx_word' id='word_1_229' title='bbox 507 2755 982 2842; x_wconf 81' lang='lat' dir='ltr'><strong>Planensibus</strong></span> 
     </span>
    </p>
   </div>
   <div class='ocr_carea' id='block_1_7' title="bbox 74 2962 1339 3296">
    <p class='ocr_par' dir='ltr' id='par_1_7' title="bbox 74 2962 1339 3043">
     <span class='ocr_line' id='line_1_24' title="bbox 74 2962 1339 3043; baseline 0.005 -20"><span class='ocrx_word' id='word_1_230' title='bbox 74 3010 77 3016; x_wconf 84' lang='lat'>.</span> <span class='ocrx_word' id='word_1_231' title='bbox 154 2962 242 3040; x_wconf 73' lang='lat' dir='ltr'><strong>Aegre</strong></span> <span class='ocrx_word' id='word_1_232' title='bbox 258 2970 376 3039; x_wconf 74' lang='lat' dir='ltr'><strong>ecferre</strong></span> <span class='ocrx_word' id='word_1_233' title='bbox 394 2971 504 3031; x_wconf 81' lang='lat' dir='ltr'><strong>scribit,</strong></span> <span class='ocrx_word' id='word_1_234' title='bbox 530 2971 603 3037; x_wconf 75' lang='lat' dir='ltr'><strong>quod</strong></span> <span class='ocrx_word' id='word_1_235' title='bbox 626 2971 788 3035; x_wconf 78' lang='lat' dir='ltr'><strong>Planenscs,</strong></span> <span class='ocrx_word' id='word_1_236' title='bbox 815 2976 861 3040; x_wconf 81' lang='lat' dir='ltr'><strong>qui</strong></span> <span class='ocrx_word' id='word_1_237' title='bbox 884 2981 968 3028; x_wconf 76' lang='lat' dir='ltr'><strong>oeteo</strong></span> <span class='ocrx_word' id='word_1_238' title='bbox 991 2975 1141 3027; x_wconf 83' lang='lat' dir='ltr'><strong>concordia</strong></span> <span class='ocrx_word' id='word_1_239' title='bbox 1159 2984 1183 3028; x_wconf 82' lang='lat' dir='ltr'><strong>ct</strong></span> <span class='ocrx_word' id='word_1_240' title='bbox 1199 2975 1339 3043; x_wconf 83' lang='lat' dir='ltr'><strong>probitate</strong></span> 
     </span>
    </p>

    <p class='ocr_par' dir='ltr' id='par_1_8' title="bbox 152 3055 1339 3124">
     <span class='ocr_line' id='line_1_25' title="bbox 152 3055 1339 3124; baseline 0.003 -17"><span class='ocrx_word' id='word_1_241' title='bbox 152 3056 329 3123; x_wconf 78' lang='lat' dir='ltr'><strong>praeclaram</strong></span> <span class='ocrx_word' id='word_1_242' title='bbox 343 3055 409 3106; x_wconf 82' lang='lat' dir='ltr'><strong>eliis</strong></span> <span class='ocrx_word' id='word_1_243' title='bbox 426 3057 577 3124; x_wconf 68' lang='lat' dir='ltr'><strong>exemplem</strong></span> <span class='ocrx_word' id='word_1_244' title='bbox 594 3056 772 3118; x_wconf 72' lang='lat' dir='ltr'><strong>exhibuerint,</strong></span> <span class='ocrx_word' id='word_1_245' title='bbox 796 3075 869 3110; x_wconf 81' lang='lat' dir='ltr'><strong>neec</strong></span> <span class='ocrx_word' id='word_1_246' title='bbox 886 3058 1044 3110; x_wconf 63' lang='lat' dir='ltr'><strong>discordias</strong></span> <span class='ocrx_word' id='word_1_247' title='bbox 1061 3060 1177 3111; x_wconf 77' lang='lat' dir='ltr'><strong>interce</strong></span> <span class='ocrx_word' id='word_1_248' title='bbox 1195 3069 1339 3111; x_wconf 69' lang='lat' dir='ltr'><strong>exerceant</strong></span> 
     </span>
    </p>

    <p class='ocr_par' dir='ltr' id='par_1_9' title="bbox 153 3139 1337 3296">
     <span class='ocr_line' id='line_1_26' title="bbox 153 3139 1337 3210; baseline 0.003 -19"><span class='ocrx_word' id='word_1_249' title='bbox 153 3146 178 3191; x_wconf 80' lang='lat' dir='ltr'><strong>et</strong></span> <span class='ocrx_word' id='word_1_250' title='bbox 198 3157 217 3190; x_wconf 85' lang='grc' dir='ltr'><em>α</em></span> <span class='ocrx_word' id='word_1_251' title='bbox 240 3141 339 3192; x_wconf 78' lang='lat' dir='ltr'><strong>virtute</strong></span> <span class='ocrx_word' id='word_1_252' title='bbox 356 3139 533 3199; x_wconf 63' lang='lat' dir='ltr'><strong>descienimr</strong></span> <span class='ocrx_word' id='word_1_253' title='bbox 550 3141 726 3206; x_wconf 82' lang='lat' dir='ltr'><strong>quamebrem</strong></span> <span class='ocrx_word' id='word_1_254' title='bbox 742 3151 838 3200; x_wconf 81' lang='lat' dir='ltr'><strong>monet,</strong></span> <span class='ocrx_word' id='word_1_255' title='bbox 864 3151 894 3193; x_wconf 80' lang='lat' dir='ltr'><strong>et</strong></span> <span class='ocrx_word' id='word_1_256' title='bbox 911 3141 951 3194; x_wconf 85' lang='lat' dir='ltr'><strong>ad</strong></span> <span class='ocrx_word' id='word_1_257' title='bbox 969 3141 1068 3193; x_wconf 80' lang='lat' dir='ltr'><strong>boream</strong></span> <span class='ocrx_word' id='word_1_258' title='bbox 1080 3141 1192 3210; x_wconf 71' lang='lat' dir='ltr'><strong>frugem</strong></span> <span class='ocrx_word' id='word_1_259' title='bbox 1217 3159 1245 3195; x_wconf 81' lang='lat' dir='ltr'><strong>se</strong></span> <span class='ocrx_word' id='word_1_260' title='bbox 1269 3145 1337 3195; x_wconf 80' lang='lat' dir='ltr'><strong>reei-</strong></span> 
     </span>
     <span class='ocr_line' id='line_1_27' title="bbox 196 3222 1300 3296; baseline 0.004 -21"><span class='ocrx_word' id='word_1_261' title='bbox 196 3224 286 3290; x_wconf 80' lang='lat' dir='ltr'><strong>piant.</strong></span> <span class='ocrx_word' id='word_1_262' title='bbox 321 3222 358 3276; x_wconf 79' lang='lat' dir='ltr'><strong>In</strong></span> <span class='ocrx_word' id='word_1_263' title='bbox 374 3224 467 3277; x_wconf 81' lang='lat' dir='ltr'><strong>altero</strong></span> <span class='ocrx_word' id='word_1_264' title='bbox 484 3225 616 3292; x_wconf 79' lang='lat' dir='ltr'><strong>epistolae</strong></span> <span class='ocrx_word' id='word_1_265' title='bbox 632 3223 838 3293; x_wconf 71' lang='lat' dir='ltr'><strong>pertentaret</strong></span> <span class='ocrx_word' id='word_1_266' title='bbox 855 3241 961 3279; x_wconf 75' lang='lat' dir='ltr'><strong>errores</strong></span> <span class='ocrx_word' id='word_1_267' title='bbox 977 3225 1131 3279; x_wconf 79' lang='lat' dir='ltr'><strong>sacerdotis</strong></span> <span class='ocrx_word' id='word_1_268' title='bbox 1148 3226 1300 3296; x_wconf 77' lang='lat' dir='ltr'><strong>cujusdem.</strong></span> 
     </span>
    </p>
   </div>
   <div class='ocr_carea' id='block_1_8' title="bbox 642 3391 848 3460">
    <p class='ocr_par' dir='ltr' id='par_1_10' title="bbox 642 3391 848 3460">
     <span class='ocr_line' id='line_1_28' title="bbox 642 3391 848 3460; baseline 0.01 -17"><span class='ocrx_word' id='word_1_269' title='bbox 642 3392 721 3454; x_wconf 83' lang='lat'>(1412</span> <span class='ocrx_word' id='word_1_270' title='bbox 739 3408 761 3446; x_wconf 85' lang='lat' dir='ltr'><strong>s.</strong></span> <span class='ocrx_word' id='word_1_271' title='bbox 779 3391 804 3445; x_wconf 90' lang='lat' dir='ltr'><strong>d.</strong></span> <span class='ocrx_word' id='word_1_272' title='bbox 822 3392 848 3460; x_wconf 71' lang='lat' dir='ltr'><strong>*l</strong></span> 
     </span>
    </p>
   </div>
   <div class='ocr_carea' id='block_1_9' title="bbox 153 3572 1340 4262">
    <p class='ocr_par' dir='ltr' id='par_1_11' title="bbox 153 3572 1339 3757">
     <span class='ocr_line' id='line_1_29' title="bbox 252 3572 1339 3662; baseline 0.006 -22"><span class='ocrx_word' id='word_1_273' title='bbox 252 3572 392 3656; x_wconf 88' lang='lat' dir='ltr'><strong>Dobry&#39;m</strong></span> <span class='ocrx_word' id='word_1_274' title='bbox 421 3573 587 3640; x_wconf 73' lang='lat' dir='ltr'><strong>astruente</strong></span> <span class='ocrx_word' id='word_1_275' title='bbox 617 3594 663 3640; x_wconf 88' lang='lat' dir='ltr'><strong>we</strong></span> <span class='ocrx_word' id='word_1_276' title='bbox 692 3576 816 3657; x_wconf 90' lang='lat' dir='ltr'><strong>ctnosti,</strong></span> <span class='ocrx_word' id='word_1_277' title='bbox 845 3576 1045 3660; x_wconf 77' lang='lat' dir='ltr'><strong>ehiiesny&#39;m</strong></span> <span class='ocrx_word' id='word_1_278' title='bbox 1068 3578 1163 3643; x_wconf 77' lang='lat' dir='ltr'><strong>anate</strong></span> <span class='ocrx_word' id='word_1_279' title='bbox 1185 3579 1339 3662; x_wconf 73' lang='lat' dir='ltr'><strong>penninis</strong></span> 
     </span>
     <span class='ocr_line' id='line_1_30' title="bbox 153 3673 616 3757; baseline -0.002 -17"><span class='ocrx_word' id='word_1_280' title='bbox 153 3673 236 3757; x_wconf 75' lang='lat' dir='ltr'><strong>pena</strong></span> <span class='ocrx_word' id='word_1_281' title='bbox 256 3674 375 3739; x_wconf 78' lang='lat' dir='ltr'><strong>naseho</strong></span> <span class='ocrx_word' id='word_1_282' title='bbox 397 3675 476 3741; x_wconf 85' lang='lat' dir='ltr'><strong>Jenu</strong></span> <span class='ocrx_word' id='word_1_283' title='bbox 498 3674 616 3741; x_wconf 85' lang='lat' dir='ltr'><strong>Krista.</strong></span> 
     </span>
    </p>

    <p class='ocr_par' dir='ltr' id='par_1_12' title="bbox 153 3774 1340 4262">
     <span class='ocr_line' id='line_1_31' title="bbox 252 3774 1339 3867; baseline 0.006 -29"><span class='ocrx_word' id='word_1_284' title='bbox 252 3774 329 3838; x_wconf 78' lang='lat' dir='ltr'><strong>Pdni</strong></span> <span class='ocrx_word' id='word_1_285' title='bbox 351 3774 416 3838; x_wconf 87' lang='lat' dir='ltr'><strong>mill</strong></span> <span class='ocrx_word' id='word_1_286' title='bbox 438 3793 458 3839; x_wconf 87' lang='lat' dir='ltr'><strong>a</strong></span> <span class='ocrx_word' id='word_1_287' title='bbox 477 3775 598 3840; x_wconf 84' lang='lat' dir='ltr'><strong>bratiie</strong></span> <span class='ocrx_word' id='word_1_288' title='bbox 620 3796 646 3841; x_wconf 87' lang='lat' dir='ltr'><strong>w</strong></span> <span class='ocrx_word' id='word_1_289' title='bbox 662 3776 779 3843; x_wconf 89' lang='lat' dir='ltr'><strong>milosti</strong></span> <span class='ocrx_word' id='word_1_290' title='bbox 801 3778 888 3843; x_wconf 79' lang='lat' dir='ltr'><strong>beili</strong></span> <span class='ocrx_word' id='word_1_291' title='bbox 912 3777 1033 3843; x_wconf 78' lang='lat' dir='ltr'><strong>Welmt</strong></span> <span class='ocrx_word' id='word_1_292' title='bbox 1056 3778 1200 3867; x_wconf 73' lang='lat' dir='ltr'><strong>teskliwd</strong></span> <span class='ocrx_word' id='word_1_293' title='bbox 1221 3779 1339 3861; x_wconf 67' lang='lat' dir='ltr'><strong>alyatte,</strong></span> 
     </span>
     <span class='ocr_line' id='line_1_32' title="bbox 153 3872 1340 3959; baseline 0.005 -21"><span class='ocrx_word' id='word_1_294' title='bbox 153 3876 189 3939; x_wconf 78' lang='lat' dir='ltr'><strong>ie</strong></span> <span class='ocrx_word' id='word_1_295' title='bbox 212 3872 295 3939; x_wconf 77' lang='lat' dir='ltr'><strong>mete</strong></span> <span class='ocrx_word' id='word_1_296' title='bbox 321 3875 401 3939; x_wconf 88' lang='lat' dir='ltr'><strong>mezi</strong></span> <span class='ocrx_word' id='word_1_297' title='bbox 431 3873 508 3939; x_wconf 85' lang='lat' dir='ltr'><strong>sebi</strong></span> <span class='ocrx_word' id='word_1_298' title='bbox 534 3877 712 3942; x_wconf 80' lang='lat' dir='ltr'><strong>reetrienie</strong></span> <span class='ocrx_word' id='word_1_299' title='bbox 743 3883 979 3943; x_wconf 88' lang='lat' dir='ltr'><strong>aneswornost</strong></span> <span class='ocrx_word' id='word_1_300' title='bbox 1006 3897 1032 3943; x_wconf 82' lang='lat' dir='ltr'><strong>n</strong></span> <span class='ocrx_word' id='word_1_301' title='bbox 1054 3878 1179 3959; x_wconf 77' lang='lat' dir='ltr'><strong>prande</strong></span> <span class='ocrx_word' id='word_1_302' title='bbox 1201 3879 1281 3959; x_wconf 83' lang='lat' dir='ltr'><strong>boli,</strong></span> <span class='ocrx_word' id='word_1_303' title='bbox 1304 3883 1340 3944; x_wconf 80' lang='lat' dir='ltr'><strong>ie</strong></span> 
     </span>
     <span class='ocr_line' id='line_1_33' title="bbox 153 3974 1340 4063; baseline 0.006 -25"><span class='ocrx_word' id='word_1_304' title='bbox 153 3974 252 4040; x_wconf 80' lang='lat' dir='ltr'><strong>dobie</strong></span> <span class='ocrx_word' id='word_1_305' title='bbox 280 3975 418 4056; x_wconf 79' lang='lat' dir='ltr'><strong>potente</strong></span> <span class='ocrx_word' id='word_1_306' title='bbox 449 3975 497 4040; x_wconf 86' lang='lat' dir='ltr'><strong>zle</strong></span> <span class='ocrx_word' id='word_1_307' title='bbox 524 3975 656 4057; x_wconf 77' lang='lat' dir='ltr'><strong>kontte,</strong></span> <span class='ocrx_word' id='word_1_308' title='bbox 678 3978 761 4043; x_wconf 87' lang='lat' dir='ltr'><strong>boba</strong></span> <span class='ocrx_word' id='word_1_309' title='bbox 783 3978 943 4059; x_wconf 77' lang='lat' dir='ltr'><strong>bnentte,</strong></span> <span class='ocrx_word' id='word_1_310' title='bbox 965 3976 1042 4045; x_wconf 80' lang='lat' dir='ltr'><strong>dese</strong></span> <span class='ocrx_word' id='word_1_311' title='bbox 1065 3978 1127 4044; x_wconf 77' lang='lat' dir='ltr'><strong>swd</strong></span> <span class='ocrx_word' id='word_1_312' title='bbox 1150 3979 1268 4062; x_wconf 86' lang='lat' dir='ltr'><strong>tupite,</strong></span> <span class='ocrx_word' id='word_1_313' title='bbox 1290 3980 1340 4063; x_wconf 86' lang='lat' dir='ltr'><strong>nly&#39;</strong></span> 
     </span>
     <span class='ocr_line' id='line_1_34' title="bbox 154 4072 1340 4162; baseline 0.006 -24"><span class='ocrx_word' id='word_1_314' title='bbox 154 4074 278 4157; x_wconf 77' lang='lat' dir='ltr'><strong>piiklad</strong></span> <span class='ocrx_word' id='word_1_315' title='bbox 304 4072 403 4157; x_wconf 90' lang='lat' dir='ltr'><strong>jiny&#39;m</strong></span> <span class='ocrx_word' id='word_1_316' title='bbox 434 4073 555 4141; x_wconf 80' lang='lat' dir='ltr'><strong>dtwete</strong></span> <span class='ocrx_word' id='word_1_317' title='bbox 583 4096 603 4142; x_wconf 86' lang='lat' dir='ltr'><strong>a</strong></span> <span class='ocrx_word' id='word_1_318' title='bbox 631 4078 696 4144; x_wconf 83' lang='lat' dir='ltr'><strong>sni</strong></span> <span class='ocrx_word' id='word_1_319' title='bbox 725 4082 793 4145; x_wconf 83' lang='lat' dir='ltr'><strong>test</strong></span> <span class='ocrx_word' id='word_1_320' title='bbox 818 4078 941 4159; x_wconf 84' lang='lat' dir='ltr'><strong>melite,</strong></span> <span class='ocrx_word' id='word_1_321' title='bbox 970 4097 1028 4162; x_wconf 90' lang='lat' dir='ltr'><strong>pre</strong></span> <span class='ocrx_word' id='word_1_322' title='bbox 1050 4077 1131 4162; x_wconf 86' lang='lat' dir='ltr'><strong>moly‘</strong></span> <span class='ocrx_word' id='word_1_323' title='bbox 1153 4078 1221 4144; x_wconf 81' lang='lat' dir='ltr'><strong>zislr</strong></span> <span class='ocrx_word' id='word_1_324' title='bbox 1242 4081 1340 4145; x_wconf 77' lang='lat' dir='ltr'><strong>sueta</strong></span> 
     </span>
     <span class='ocr_line' id='line_1_35' title="bbox 154 4173 1339 4262; baseline 0.003 -21"><span class='ocrx_word' id='word_1_325' title='bbox 154 4174 263 4241; x_wconf 91' lang='lat' dir='ltr'><strong>tehoto</strong></span> <span class='ocrx_word' id='word_1_326' title='bbox 296 4173 377 4240; x_wconf 75' lang='lat' dir='ltr'><strong>male</strong></span> <span class='ocrx_word' id='word_1_327' title='bbox 410 4174 520 4242; x_wconf 74' lang='lat' dir='ltr'><strong>warte</strong></span> <span class='ocrx_word' id='word_1_328' title='bbox 552 4177 644 4244; x_wconf 77' lang='lat' dir='ltr'><strong>tinet</strong></span> <span class='ocrx_word' id='word_1_329' title='bbox 676 4177 792 4261; x_wconf 78' lang='lat' dir='ltr'><strong>wetny&#39;.</strong></span> <span class='ocrx_word' id='word_1_330' title='bbox 836 4179 862 4245; x_wconf 92' lang='grc' dir='ltr'>Ο</span> <span class='ocrx_word' id='word_1_331' title='bbox 895 4180 971 4261; x_wconf 82' lang='lat' dir='ltr'><strong>prot</strong></span> <span class='ocrx_word' id='word_1_332' title='bbox 1004 4181 1194 4262; x_wconf 88' lang='lat' dir='ltr'><strong>nepomnite,</strong></span> <span class='ocrx_word' id='word_1_333' title='bbox 1223 4181 1261 4244; x_wconf 78' lang='lat' dir='ltr'><strong>te</strong></span> <span class='ocrx_word' id='word_1_334' title='bbox 1287 4178 1339 4244; x_wconf 89' lang='lat' dir='ltr'><strong>dio</strong></span> 
     </span>
    </p>
   </div>
   <div class='ocr_carea' id='block_1_10' title="bbox 180 4460 1338 4678">
    <p class='ocr_par' dir='ltr' id='par_1_13' title="bbox 180 4460 1338 4678">
     <span class='ocr_line' id='line_1_36' title="bbox 180 4460 1338 4528; baseline 0.007 -21"><span class='ocrx_word' id='word_1_335' title='bbox 180 4460 219 4528; x_wconf 69' lang='lat'><strong>.⁸)</strong></span> <span class='ocrx_word' id='word_1_336' title='bbox 239 4462 350 4522; x_wconf 83' lang='lat' dir='ltr'><strong>,Replica</strong></span> <span class='ocrx_word' id='word_1_337' title='bbox 378 4470 459 4511; x_wconf 85' lang='lat' dir='ltr'><strong>contra</strong></span> <span class='ocrx_word' id='word_1_338' title='bbox 482 4465 666 4524; x_wconf 85' lang='lat' dir='ltr'><strong>praedicatorem</strong></span> <span class='ocrx_word' id='word_1_339' title='bbox 683 4465 836 4513; x_wconf 73' lang='lat' dir='ltr'><strong>Pinnensem·</strong></span> <span class='ocrx_word' id='word_1_340' title='bbox 857 4480 918 4512; x_wconf 81' lang='lat' dir='ltr'><strong>sono</strong></span> <span class='ocrx_word' id='word_1_341' title='bbox 944 4468 1005 4512; x_wconf 78' lang='lat'>1412</span> <span class='ocrx_word' id='word_1_342' title='bbox 1028 4468 1117 4528; x_wconf 75' lang='lat' dir='ltr'><strong>scripta</strong></span> <span class='ocrx_word' id='word_1_343' title='bbox 1139 4472 1211 4528; x_wconf 84' lang='lat' dir='ltr'><strong>atque</strong></span> <span class='ocrx_word' id='word_1_344' title='bbox 1234 4468 1258 4514; x_wconf 87' lang='lat' dir='ltr'><strong>io</strong></span> <span class='ocrx_word' id='word_1_345' title='bbox 1275 4465 1338 4528; x_wconf 88' lang='lat' dir='ltr'><strong>Opp.</strong></span> 
     </span>
     <span class='ocr_line' id='line_1_37' title="bbox 236 4544 1338 4610; baseline 0.006 -20"><span class='ocrx_word' id='word_1_346' title='bbox 236 4544 310 4592; x_wconf 83' lang='lat' dir='ltr'><strong>Bessi</strong></span> <span class='ocrx_word' id='word_1_347' title='bbox 335 4546 354 4604; x_wconf 89' lang='lat' dir='ltr'><strong>l,</strong></span> <span class='ocrx_word' id='word_1_348' title='bbox 383 4549 513 4595; x_wconf 74' lang='lat' dir='ltr'><strong>lte—lte</strong></span> <span class='ocrx_word' id='word_1_349' title='bbox 537 4554 562 4595; x_wconf 89' lang='lat' dir='ltr'><strong>et</strong></span> <span class='ocrx_word' id='word_1_350' title='bbox 591 4547 719 4596; x_wconf 78' lang='lat' dir='ltr'><strong>ite—tes</strong></span> <span class='ocrx_word' id='word_1_351' title='bbox 746 4550 817 4603; x_wconf 87' lang='lat' dir='ltr'><strong>edita,</strong></span> <span class='ocrx_word' id='word_1_352' title='bbox 849 4551 933 4609; x_wconf 81' lang='lat' dir='ltr'><strong>probat</strong></span> <span class='ocrx_word' id='word_1_353' title='bbox 961 4551 1086 4610; x_wconf 82' lang='lat' dir='ltr'><strong>epistolam</strong></span> <span class='ocrx_word' id='word_1_354' title='bbox 1110 4551 1169 4597; x_wconf 71' lang='lat' dir='ltr'><strong>hano</strong></span> <span class='ocrx_word' id='word_1_355' title='bbox 1187 4563 1247 4596; x_wconf 81' lang='lat' dir='ltr'><strong>aneo</strong></span> <span class='ocrx_word' id='word_1_356' title='bbox 1275 4552 1338 4597; x_wconf 76' lang='lat'>1412</span> 
     </span>
     <span class='ocr_line' id='line_1_38' title="bbox 236 4641 365 4678; baseline 0.031 -4"><span class='ocrx_word' id='word_1_357' title='bbox 236 4641 365 4678; x_wconf 81' lang='lat' dir='ltr'><strong>emanasse.</strong></span> 
     </span>
    </p>
   </div>
   <div class='ocr_carea' id='block_1_11' title="bbox 0 0 1502 5258">
    <p class='ocr_par' dir='ltr' id='par_1_14' title="bbox 0 0 1502 5258">
     <span class='ocr_line' id='line_1_39' title="bbox 0 0 1502 5258; baseline 0 0"><span class='ocrx_word' id='word_1_358' title='bbox 0 0 1502 5258; x_wconf 95' lang='lat' dir='ltr'><strong> </strong></span> 
     </span>
    </p>
   </div>
  </div>
 </body>
</html>
