2992 5258
550 434 575 487 a.
610 433 652 486 De
669 433 770 488 sacello
788 433 956 488 Bethlehem.
1296 439 1356 502 341

150 645 336 705 sanctorum
357 638 496 720 Philippi
520 643 552 702 et
573 636 684 701 Jacobi
707 636 925 718 apostolorum
946 637 1097 717 Pragens.
1122 642 1155 701 et
1177 636 1259 701 infra
1289 637 1357 720 ejus

152 739 338 823 parochiam
361 738 603 817 consistentem,
636 756 729 819 quem
751 737 834 802 idern
858 738 934 802 civis
958 737 1098 818 legitime
1121 738 1301 819 acquisivit,
1324 746 1358 805 et

151 859 249 923 quern
279 841 443 906 Bethleem
476 840 653 922 nuncupari
676 839 815 918 censuit,
839 857 896 921 pro
920 857 979 903 usu
1002 839 1250 920 praedicationis
1266 840 1356 904 verbi

151 942 208 1006 dci
241 941 421 1024 hujusmodi
443 942 496 1023 pia
518 941 687 1021 largitione
710 939 853 1020 donavit,
876 940 1002 1022 ipsique
1025 941 1105 1006 civis
1129 946 1162 1003 et
1183 939 1282 1019 milae,
1299 941 1357 1005 ibi-

150 1041 226 1106 dem
255 1041 413 1123 quandam
443 1042 594 1124 capellam
626 1041 832 1106 inhonorem
856 1046 890 1105 et
911 1040 970 1105 sub
992 1041 1145 1106 vocabulo
1169 1040 1386 1106 Sanctorumt

150 1143 363 1209 Innocentum
386 1162 445 1226 pro
468 1144 544 1209 dicti
566 1145 669 1210 cultus
693 1150 862 1224 augmento
879 1145 1029 1209 canonice
1051 1142 1177 1208 fundari
1199 1142 1355 1219 fecerunt,

150 1263 192 1308 ac
222 1243 262 1308 de
285 1245 379 1310 bonis
402 1245 461 1309 sibi
485 1264 504 1309 a
530 1246 590 1310 dee
614 1245 737 1309 collatis
760 1262 818 1326 pro
834 1244 965 1309 duobus
988 1244 1168 1310 rectoribus
1189 1243 1290 1324 ipsius
1306 1262 1356 1307 ca·

151 1344 258 1426 pellae
290 1352 323 1410 et
352 1345 627 1428 praedicatoribus
660 1346 693 1409 iu
715 1345 799 1410 dicto
823 1346 955 1425 uulgari,
975 1346 1047 1427 jure
1070 1350 1257 1427 patronatus
1275 1344 1357 1424 eJus·

150 1445 227 1510 dem
257 1447 397 1528 capellae
430 1454 463 1511 et
493 1446 720 1528 praesentandi
750 1453 893 1512 rectores
923 1446 962 1511 ad
985 1447 1117 1511 eandam
1144 1446 1204 1510 sibi
1227 1445 1356 1525 suisque

151 1547 329 1612 heredibus
357 1549 390 1612 in
420 1554 611 1630 perpetuum
640 1553 822 1626 reservato,
852 1553 1076 1628 competenter
1100 1546 1301 1625 dotaverunt,
1325 1551 1358 1609 et

150 1650 241 1714 circa
267 1649 345 1715 haec
373 1649 525 1714 nonnulla
554 1648 755 1714 rationabilia
785 1655 817 1714 ct
848 1650 983 1714 honesta
1005 1649 1215 1714 ordinationis
1238 1653 1271 1711 et
1293 1653 1356 1710 sta·

152 1755 227 1814 tuta
250 1750 416 1831 perpetuis
438 1748 554 1813 futuris
577 1749 774 1829 temporibus
798 1749 1005 1828 observanda,
1028 1767 1065 1813 ac
1086 1747 1119 1812 id
1142 1748 1237 1813 etiam
1252 1746 1354 1819 bonae

148 1849 326 1915 memoriae
347 1849 480 1915 loannis
503 1850 734 1931 archiepiscopi
755 1851 904 1932 Pragens.
927 1869 964 1916 ac
985 1850 1122 1917 rectoris
1144 1849 1248 1914 dictae
1264 1865 1356 1929 paro-

149 1950 265 2016 chialis
296 1949 465 2027 ecclesiae
497 1951 551 2031 qui
575 1958 650 2015 tunc
678 1958 763 2031 erat,
792 1951 966 2017 accedente
998 1969 1170 2028 consensu,
1201 1950 1356 2021 feceruut,

148 2057 251 2133 prout
273 2052 306 2115 in
327 2051 519 2116 authenticis
542 2053 646 2117 literis
669 2052 743 2118 inde
766 2052 928 2133 confectis,
962 2051 1193 2133 archiepiscopi
1216 2056 1249 2115 et
1276 2049 1357 2113 mili·

151 2153 197 2218 tis
221 2153 457 2234 praedictorum
480 2154 593 2233 sigillis
615 2154 759 2233 munitis,
788 2154 911 2227 ,dicitur
938 2154 1065 2236 plenius
1087 2151 1252 2218 contineri.
1277 2148 1355 2213 Cum

150 2259 269 2331 autem,
292 2255 376 2319 sicut
404 2255 513 2319 eadem
536 2255 649 2336 petitio
680 2255 902 2336 subjungebat,
927 2256 988 2336 ipsi
1010 2252 1119 2319 fideles
1143 2253 1267 2317 iliarum
1282 2269 1353 2333 par·

152 2355 233 2418 tium
256 2354 296 2419 ad
310 2355 505 2436 praedictam
533 2355 685 2436 capellam
701 2373 849 2436 magnum
864 2361 978 2435 gerant
1000 2353 1180 2419 devotionis
1195 2352 1353 2431 affectum,

152 2454 369 2537 frequensque
385 2473 559 2520 concursus
581 2456 722 2537 ipsorum
738 2456 877 2522 fidelium
900 2457 1055 2522 habeatur
1077 2454 1281 2520 adeundam:
1298 2470 1356 2535 pro

154 2564 247 2636 parte
277 2556 356 2621 civis
386 2556 541 2637 praedicti
574 2557 665 2621 nobis
693 2557 753 2622 fuit
779 2558 942 2622 humihter
971 2557 1200 2639 supplicatum,
1234 2560 1270 2619 ut
1298 2571 1356 2634 pro

157 2657 301 2738 ampliori
329 2656 499 2722 devotione
533 2657 673 2737 ipsorum
696 2656 845 2738 fidelium,
869 2665 902 2723 at
924 2666 959 2722 ut
982 2657 1086 2722 cultus
1108 2658 1178 2738 ipsc
1201 2661 1356 2736 augeatur

166 2763 196 2820 at
216 2758 322 2838 vigeat
343 2757 517 2822 ferventius
540 2757 571 2821 in
595 2758 717 2838 capella
740 2765 921 2837 memorata,
944 2757 1123 2822 fundationi
1145 2762 1178 2821 et
1201 2755 1356 2820 dotatioui

163 2856 328 2935 praedictis
343 2856 442 2921 robur
457 2858 654 2938 apostolicae
671 2857 917 2924 confirmationis
934 2858 1073 2939 adJicere
1096 2857 1135 2922 de
1158 2855 1356 2936 benignitate

169 2957 331 3036 apostolica
359 2957 571 3038 dignaremur.

255 3057 319 3124 Nos
335 3059 442 3140 igitur,
466 3061 518 3140 qui
541 3059 581 3125 de
596 3061 780 3142 praemissis
803 3067 922 3125 certam
946 3060 1090 3126 notitiam
1113 3077 1177 3123 non
1192 3058 1354 3137 habemus,

171 3155 334 3238 hujusmodi
357 3160 642 3242 supplicationibus
665 3160 824 3238 inclinati,
847 3160 1056 3226 Fraternitati
1078 3159 1174 3235 Tuae,
1197 3157 1236 3223 de
1250 3157 1356 3238 quain

159 3255 213 3320 bis
236 3265 267 3325 et
294 3260 367 3325 aliis
396 3261 565 3341 specialem
600 3261 633 3325 in
655 3260 781 3325 domino
805 3260 951 3327 fiduciam
973 3261 1172 3338 obtinemus,
1197 3277 1255 3341 por
1280 3275 1356 3339 apo·

174 3358 268 3424 stolica
288 3361 410 3441 scripta
439 3360 638 3440 mandamus
668 3367 838 3442 quaterue,
872 3363 899 3426 si
921 3368 972 3427 est
993 3361 1053 3440 ita,
1083 3358 1300 3424 fundationum
1323 3365 1356 3423 et

174 3452 350 3526 demtionem
381 3460 576 3542 praedictas,
609 3467 641 3526 et
671 3480 889 3544 quaecumque
919 3461 992 3526 iude
1021 3466 1147 3540 secuta,
1182 3458 1357 3540 apostolica

173 3562 345 3627 aucusitare
379 3561 565 3627 confirmare
597 3580 768 3644 procureS,
800 3563 976 3644 supplendo
1009 3580 1120 3627 omnes
1151 3561 1304 3639 defectus
1327 3560 1355 3623 si

174 3655 217 3732 qui
237 3660 338 3727 forsan
362 3662 596 3727 intervenerint
622 3663 653 3725 in
670 3662 808 3743 eisdem3
831 3670 866 3729 et
888 3664 1101 3742 nihilomiuus,
1125 3663 1152 3727 si
1177 3660 1355 3744 hujusmodi

173 3757 426 3828 confirmationem
449 3782 507 3845 per
530 3771 561 3829 te
583 3762 652 3827 fieri
682 3764 860 3845 contingat,
892 3772 928 3828 ut
950 3764 1146 3846 praefertur,
1177 3762 1355 3828 rectoribus

173 3849 259 3931 ipsius
279 3864 419 3943 capellae
442 3870 473 3928 et
496 3864 620 3928 clericis
643 3865 807 3946 perpetuis
830 3864 1025 3931 beneficiatis
1048 3866 1081 3929 in
1104 3864 1232 3943 eadem,
1262 3881 1354 3944 prae·

174 3961 297 4028 Stutibus
313 3971 346 4030 et
368 3966 516 4046 posteris,
541 3971 576 4029 ut
597 3965 630 4027 in
647 3964 811 4046 praedicta
834 3966 955 4046 capella
977 3968 1091 4030 missas
1115 3974 1148 4030 et
1170 3964 1233 4029 nlia
1248 3964 1355 4027 diviua

175 4050 261 4158 dificia
284 4064 399 4129 diurna
427 4067 547 4146 pariter
576 4073 608 4129 et
636 4065 761 4146 publice
789 4065 967 4145 celebrare,
990 4067 1110 4147 absque
1140 4072 1245 4129 tamen
1261 4082 1354 4145 prae-

175 4154 273 4229 llldicio
296 4171 329 4230 et
351 4166 438 4231 salvo
459 4166 531 4246 jure
553 4165 654 4246 ipsius
678 4165 867 4246 parochialis
890 4167 1054 4244 ecclesiae,
1089 4165 1189 4229 libere
1213 4170 1246 4228 et
1268 4164 1353 4228 licite

178 4252 297 4343 ltleant
325 4265 436 4332 eadem
460 4267 651 4330 auctoritate
674 4266 833 4330 licentiam
862 4266 1024 4347 largiaris,
1054 4265 1238 4346 fundatione
1261 4283 1354 4346 prae·

181 4347 248 4426 dicta
276 4373 306 4431 et
333 4367 403 4432 aliis
437 4367 605 4430 contrariis
635 4384 697 4431 uon
727 4366 928 4431 obstantibus
951 4366 1200 4447 quibuscunque.
1236 4365 1352 4428 Datum

182 4447 273 4544 Lucae,
293 4466 369 4531 Idib.
392 4466 481 4547 Maii,
506 4467 709 4547 pontificatus
733 4468 834 4532 nostri
857 4486 939 4533 anno
962 4466 1111 4532 sacundo.

1101 4565 1149 4619 Ra
1171 4564 1254 4633 gratis

1025 4654 1046 4719 J
1052 4671 1138 4718 oan.
1168 4654 1311 4734 Asung.
