<?xml version="1.0" encoding="UTF-8"?>
<!DOCTYPE html PUBLIC "-//W3C//DTD XHTML 1.0 Transitional//EN"
    "http://www.w3.org/TR/xhtml1/DTD/xhtml1-transitional.dtd">
<html xmlns="http://www.w3.org/1999/xhtml" xml:lang="en" lang="en">
 <head>
  <title>
</title>
<meta http-equiv="Content-Type" content="text/html;charset=utf-8" />
  <meta name='ocr-system' content='tesseract 3.04.00' />
  <meta name='ocr-capabilities' content='ocr_page ocr_carea ocr_par ocr_line ocrx_word'/>
</head>
<body>
  <div class='ocr_page' id='page_1' title='image "./documentamagjoa00palagoog_0057.png"; bbox 0 0 2992 5258; ppageno 0'>
   <div class='ocr_carea' id='block_1_1' title="bbox 131 396 972 476">
    <p class='ocr_par' dir='ltr' id='par_1_1' title="bbox 131 396 972 476">
     <span class='ocr_line' id='line_1_1' title="bbox 131 396 972 476; baseline 0.001 -24"><span class='ocrx_word' id='word_1_1' title='bbox 131 473 133 476; x_wconf 10' lang='lat' dir='ltr'>y</span> <span class='ocrx_word' id='word_1_2' title='bbox 239 402 281 468; x_wconf 85' lang='grc'><strong>36</strong></span> <span class='ocrx_word' id='word_1_3' title='bbox 621 468 624 474; x_wconf 22' lang='lat'><em>4</em></span> <span class='ocrx_word' id='word_1_4' title='bbox 699 397 839 467; x_wconf 79' lang='lat' dir='ltr'><strong>Epistulae</strong></span> <span class='ocrx_word' id='word_1_5' title='bbox 856 396 972 466; x_wconf 85' lang='lat' dir='ltr'><strong>scriptae</strong></span> 
     </span>
    </p>
   </div>
   <div class='ocr_carea' id='block_1_2' title="bbox 171 594 1461 3093">
    <p class='ocr_par' dir='ltr' id='par_1_2' title="bbox 171 594 1461 3093">
     <span class='ocr_line' id='line_1_2' title="bbox 239 594 1431 668; baseline -0.001 -13"><span class='ocrx_word' id='word_1_6' title='bbox 239 615 272 655; x_wconf 91' lang='lat' dir='ltr'><strong>ac</strong></span> <span class='ocrx_word' id='word_1_7' title='bbox 296 600 414 655; x_wconf 88' lang='lat' dir='ltr'><strong>nationis</strong></span> <span class='ocrx_word' id='word_1_8' title='bbox 439 597 481 654; x_wconf 89' lang='lat' dir='ltr'><strong>rel</strong></span> <span class='ocrx_word' id='word_1_9' title='bbox 505 598 609 668; x_wconf 90' lang='lat' dir='ltr'><strong>stirpis;</strong></span> <span class='ocrx_word' id='word_1_10' title='bbox 639 600 719 655; x_wconf 90' lang='lat' dir='ltr'><strong>tertio</strong></span> <span class='ocrx_word' id='word_1_11' title='bbox 745 599 851 654; x_wconf 88' lang='lat' dir='ltr'><strong>demum</strong></span> <span class='ocrx_word' id='word_1_12' title='bbox 871 598 1029 668; x_wconf 76' lang='lat' dir='ltr'>perpendite</span> <span class='ocrx_word' id='word_1_13' title='bbox 1049 597 1221 667; x_wconf 76' lang='lat' dir='ltr'><strong>ignominiam</strong></span> <span class='ocrx_word' id='word_1_14' title='bbox 1243 602 1271 654; x_wconf 92' lang='lat' dir='ltr'><strong>et</strong></span> <span class='ocrx_word' id='word_1_15' title='bbox 1293 594 1431 668; x_wconf 85' lang='lat' dir='ltr'><strong>injuriam,</strong></span> 
     </span>
     <span class='ocr_line' id='line_1_3' title="bbox 240 682 1432 753; baseline -0.002 -14"><span class='ocrx_word' id='word_1_16' title='bbox 240 698 309 753; x_wconf 85' lang='lat' dir='ltr'><strong>quae</strong></span> <span class='ocrx_word' id='word_1_17' title='bbox 327 683 401 739; x_wconf 85' lang='lat' dir='ltr'><strong>vobis</strong></span> <span class='ocrx_word' id='word_1_18' title='bbox 425 684 528 753; x_wconf 88' lang='lat' dir='ltr'><strong>injuste</strong></span> <span class='ocrx_word' id='word_1_19' title='bbox 548 683 673 739; x_wconf 81' lang='lat' dir='ltr'><strong>infertur.</strong></span> <span class='ocrx_word' id='word_1_20' title='bbox 707 682 810 751; x_wconf 79' lang='lat' dir='ltr'><strong>Quarto</strong></span> <span class='ocrx_word' id='word_1_21' title='bbox 836 683 995 753; x_wconf 79' lang='lat' dir='ltr'><strong>perpendite</strong></span> <span class='ocrx_word' id='word_1_22' title='bbox 1017 689 1045 738; x_wconf 92' lang='lat' dir='ltr'><strong>et</strong></span> <span class='ocrx_word' id='word_1_23' title='bbox 1067 699 1153 752; x_wconf 84' lang='lat' dir='ltr'><strong>aequo</strong></span> <span class='ocrx_word' id='word_1_24' title='bbox 1175 684 1265 741; x_wconf 89' lang='lat' dir='ltr'><strong>auimo</strong></span> <span class='ocrx_word' id='word_1_25' title='bbox 1290 683 1432 749; x_wconf 84' lang='lat' dir='ltr'><strong>sustinete,</strong></span> 
     </span>
     <span class='ocr_line' id='line_1_4' title="bbox 240 766 1431 837; baseline -0.003 -14"><span class='ocrx_word' id='word_1_26' title='bbox 240 768 312 837; x_wconf 89' lang='lat' dir='ltr'><strong>quod</strong></span> <span class='ocrx_word' id='word_1_27' title='bbox 335 767 458 824; x_wconf 88' lang='lat' dir='ltr'><strong>diabolus</strong></span> <span class='ocrx_word' id='word_1_28' title='bbox 485 767 613 823; x_wconf 83' lang='lat' dir='ltr'><strong>adversus</strong></span> <span class='ocrx_word' id='word_1_29' title='bbox 634 783 681 823; x_wconf 81' lang='lat' dir='ltr'><strong>vos</strong></span> <span class='ocrx_word' id='word_1_30' title='bbox 707 767 772 821; x_wconf 82' lang='lat' dir='ltr'><strong>furit</strong></span> <span class='ocrx_word' id='word_1_31' title='bbox 797 775 825 822; x_wconf 90' lang='lat' dir='ltr'><strong>et</strong></span> <span class='ocrx_word' id='word_1_32' title='bbox 845 768 1028 823; x_wconf 74' lang='lat' dir='ltr'><strong>Antichristus</strong></span> <span class='ocrx_word' id='word_1_33' title='bbox 1052 769 1181 837; x_wconf 79' lang='lat' dir='ltr'><strong>ringitnr3</strong></span> <span class='ocrx_word' id='word_1_34' title='bbox 1208 774 1327 822; x_wconf 87' lang='lat' dir='ltr'><strong>attamen</strong></span> <span class='ocrx_word' id='word_1_35' title='bbox 1347 766 1431 820; x_wconf 83' lang='lat' dir='ltr'><strong>veluti</strong></span> 
     </span>
     <span class='ocr_line' id='line_1_5' title="bbox 240 848 1423 921; baseline -0.003 -14"><span class='ocrx_word' id='word_1_36' title='bbox 240 853 314 907; x_wconf 86' lang='lat' dir='ltr'><strong>canis</strong></span> <span class='ocrx_word' id='word_1_37' title='bbox 332 858 429 907; x_wconf 83' lang='lat' dir='ltr'><strong>catena</strong></span> <span class='ocrx_word' id='word_1_38' title='bbox 445 851 572 921; x_wconf 82' lang='lat' dir='ltr'><strong>alligatus</strong></span> <span class='ocrx_word' id='word_1_39' title='bbox 589 850 656 906; x_wconf 92' lang='lat' dir='ltr'><strong>nihil</strong></span> <span class='ocrx_word' id='word_1_40' title='bbox 674 851 748 906; x_wconf 85' lang='lat' dir='ltr'><strong>vobis</strong></span> <span class='ocrx_word' id='word_1_41' title='bbox 766 850 881 914; x_wconf 84' lang='lat' dir='ltr'><strong>nocebit,</strong></span> <span class='ocrx_word' id='word_1_42' title='bbox 900 851 923 905; x_wconf 92' lang='lat' dir='ltr'><strong>si</strong></span> <span class='ocrx_word' id='word_1_43' title='bbox 941 851 1061 906; x_wconf 85' lang='lat' dir='ltr'><strong>veritatis</strong></span> <span class='ocrx_word' id='word_1_44' title='bbox 1079 851 1187 907; x_wconf 83' lang='lat' dir='ltr'><strong>divinae</strong></span> <span class='ocrx_word' id='word_1_45' title='bbox 1205 857 1327 906; x_wconf 89' lang='lat' dir='ltr'><strong>amantes</strong></span> <span class='ocrx_word' id='word_1_46' title='bbox 1345 848 1423 904; x_wconf 91' lang='lat' dir='ltr'><strong>eritis</strong></span> 
     </span>
     <span class='ocr_line' id='line_1_6' title="bbox 239 931 1431 1005; baseline -0.003 -15"><span class='ocrx_word' id='word_1_47' title='bbox 239 936 283 990; x_wconf 85' lang='lat' dir='ltr'><strong>En</strong></span> <span class='ocrx_word' id='word_1_48' title='bbox 309 935 439 991; x_wconf 86' lang='lat' dir='ltr'><strong>adsersus</strong></span> <span class='ocrx_word' id='word_1_49' title='bbox 466 952 509 990; x_wconf 90' lang='lat' dir='ltr'><strong>me</strong></span> <span class='ocrx_word' id='word_1_50' title='bbox 531 935 589 1004; x_wconf 91' lang='lat' dir='ltr'><strong>jam</strong></span> <span class='ocrx_word' id='word_1_51' title='bbox 616 951 665 1005; x_wconf 88' lang='lat' dir='ltr'><strong>per</strong></span> <span class='ocrx_word' id='word_1_52' title='bbox 690 935 794 1004; x_wconf 89' lang='lat' dir='ltr'><strong>aliquot</strong></span> <span class='ocrx_word' id='word_1_53' title='bbox 816 950 901 991; x_wconf 85' lang='lat' dir='ltr'><strong>nnnos</strong></span> <span class='ocrx_word' id='word_1_54' title='bbox 927 934 1049 1003; x_wconf 81' lang='lat' dir='ltr'><strong>furebat,</strong></span> <span class='ocrx_word' id='word_1_55' title='bbox 1074 935 1189 990; x_wconf 90' lang='lat' dir='ltr'><strong>necdum</strong></span> <span class='ocrx_word' id='word_1_56' title='bbox 1219 934 1284 989; x_wconf 91' lang='lat' dir='ltr'><strong>mihi</strong></span> <span class='ocrx_word' id='word_1_57' title='bbox 1314 948 1349 987; x_wconf 95' lang='lat' dir='ltr'><strong>ne</strong></span> <span class='ocrx_word' id='word_1_58' title='bbox 1375 931 1431 1002; x_wconf 93' lang='lat' dir='ltr'><strong>pilo</strong></span> 
     </span>
     <span class='ocr_line' id='line_1_7' title="bbox 240 1017 1430 1089; baseline -0.003 -14"><span class='ocrx_word' id='word_1_59' title='bbox 240 1020 347 1089; x_wconf 92' lang='lat' dir='ltr'><strong>quidem</strong></span> <span class='ocrx_word' id='word_1_60' title='bbox 373 1021 478 1088; x_wconf 85' lang='lat' dir='ltr'><strong>nocuit,</strong></span> <span class='ocrx_word' id='word_1_61' title='bbox 507 1018 555 1075; x_wconf 89' lang='lat' dir='ltr'><strong>sed</strong></span> <span class='ocrx_word' id='word_1_62' title='bbox 584 1034 690 1089; x_wconf 83' lang='lat' dir='ltr'><strong>semper</strong></span> <span class='ocrx_word' id='word_1_63' title='bbox 715 1019 780 1074; x_wconf 92' lang='lat' dir='ltr'><strong>mihi</strong></span> <span class='ocrx_word' id='word_1_64' title='bbox 809 1018 936 1087; x_wconf 59' lang='lat' dir='ltr'><strong>madium</strong></span> <span class='ocrx_word' id='word_1_65' title='bbox 954 1026 983 1073; x_wconf 88' lang='lat' dir='ltr'><strong>et</strong></span> <span class='ocrx_word' id='word_1_66' title='bbox 1011 1019 1141 1073; x_wconf 76' lang='lat' dir='ltr'><strong>laetitiam</strong></span> <span class='ocrx_word' id='word_1_67' title='bbox 1166 1018 1293 1086; x_wconf 76' lang='lat' dir='ltr'><strong>adauget</strong></span> <span class='ocrx_word' id='word_1_68' title='bbox 1328 1017 1430 1071; x_wconf 87' lang='lat' dir='ltr'><strong>Scitote</strong></span> 
     </span>
     <span class='ocr_line' id='line_1_8' title="bbox 239 1101 1431 1173; baseline -0.004 -15"><span class='ocrx_word' id='word_1_69' title='bbox 239 1120 357 1173; x_wconf 86' lang='lat' dir='ltr'><strong>quoque,</strong></span> <span class='ocrx_word' id='word_1_70' title='bbox 386 1105 496 1173; x_wconf 89' lang='lat' dir='ltr'><strong>ejurare</strong></span> <span class='ocrx_word' id='word_1_71' title='bbox 513 1118 573 1158; x_wconf 87' lang='lat' dir='ltr'><strong>esse</strong></span> <span class='ocrx_word' id='word_1_72' title='bbox 594 1103 650 1170; x_wconf 90' lang='lat' dir='ltr'><strong>rei,</strong></span> <span class='ocrx_word' id='word_1_73' title='bbox 675 1103 718 1157; x_wconf 90' lang='lat' dir='ltr'><strong>cui</strong></span> <span class='ocrx_word' id='word_1_74' title='bbox 742 1102 876 1169; x_wconf 88' lang='lat' dir='ltr'><strong>credatur,</strong></span> <span class='ocrx_word' id='word_1_75' title='bbox 900 1103 1073 1171; x_wconf 90' lang='lat' dir='ltr'><strong>renunciare;</strong></span> <span class='ocrx_word' id='word_1_76' title='bbox 1098 1103 1194 1171; x_wconf 82' lang='lat' dir='ltr'><strong>itaque</strong></span> <span class='ocrx_word' id='word_1_77' title='bbox 1211 1103 1258 1171; x_wconf 92' lang='lat' dir='ltr'><strong>qui</strong></span> <span class='ocrx_word' id='word_1_78' title='bbox 1281 1102 1384 1171; x_wconf 90' lang='lat' dir='ltr'><strong>ejurat,</strong></span> <span class='ocrx_word' id='word_1_79' title='bbox 1407 1101 1431 1153; x_wconf 92' lang='lat' dir='ltr'><strong>is</strong></span> 
     </span>
     <span class='ocr_line' id='line_1_9' title="bbox 171 1184 1431 1264; baseline -0.004 -21"><span class='ocrx_word' id='word_1_80' title='bbox 171 1261 172 1264; x_wconf 7' lang='grc' dir='ltr'><strong>Ἴ</strong></span> <span class='ocrx_word' id='word_1_81' title='bbox 240 1195 288 1244; x_wconf 90' lang='lat' dir='ltr'><strong>aut</strong></span> <span class='ocrx_word' id='word_1_82' title='bbox 312 1187 376 1244; x_wconf 88' lang='lat' dir='ltr'><strong>fidei</strong></span> <span class='ocrx_word' id='word_1_83' title='bbox 403 1203 483 1242; x_wconf 85' lang='lat' dir='ltr'><strong>verae</strong></span> <span class='ocrx_word' id='word_1_84' title='bbox 505 1188 659 1256; x_wconf 87' lang='lat' dir='ltr'><strong>renunciat,</strong></span> <span class='ocrx_word' id='word_1_85' title='bbox 681 1203 761 1256; x_wconf 85' lang='lat' dir='ltr'><strong>quam</strong></span> <span class='ocrx_word' id='word_1_86' title='bbox 787 1188 885 1255; x_wconf 88' lang='lat' dir='ltr'><strong>tenuit,</strong></span> <span class='ocrx_word' id='word_1_87' title='bbox 917 1194 965 1242; x_wconf 89' lang='lat' dir='ltr'><strong>aut</strong></span> <span class='ocrx_word' id='word_1_88' title='bbox 993 1187 1099 1241; x_wconf 89' lang='lat' dir='ltr'><strong>haeresi</strong></span> <span class='ocrx_word' id='word_1_89' title='bbox 1125 1193 1154 1242; x_wconf 92' lang='lat' dir='ltr'><strong>et</strong></span> <span class='ocrx_word' id='word_1_90' title='bbox 1178 1187 1281 1254; x_wconf 89' lang='lat' dir='ltr'><strong>errori;</strong></span> <span class='ocrx_word' id='word_1_91' title='bbox 1308 1184 1431 1254; x_wconf 17' lang='lat' dir='ltr'><strong>solutari</strong></span> 
     </span>
     <span class='ocr_line' id='line_1_10' title="bbox 239 1268 1461 1341; baseline -0.007 -13"><span class='ocrx_word' id='word_1_92' title='bbox 239 1273 300 1341; x_wconf 86' lang='lat' dir='ltr'><strong>quis</strong></span> <span class='ocrx_word' id='word_1_93' title='bbox 326 1273 362 1328; x_wconf 90' lang='lat' dir='ltr'><strong>sit</strong></span> <span class='ocrx_word' id='word_1_94' title='bbox 378 1272 547 1327; x_wconf 83' lang='lat' dir='ltr'><strong>Christianus</strong></span> <span class='ocrx_word' id='word_1_95' title='bbox 573 1276 601 1327; x_wconf 94' lang='lat' dir='ltr'><strong>et</strong></span> <span class='ocrx_word' id='word_1_96' title='bbox 626 1277 700 1326; x_wconf 90' lang='lat' dir='ltr'><strong>metu</strong></span> <span class='ocrx_word' id='word_1_97' title='bbox 722 1272 765 1326; x_wconf 81' lang='lat' dir='ltr'><strong>vel</strong></span> <span class='ocrx_word' id='word_1_98' title='bbox 790 1288 808 1325; x_wconf 90' lang='lat' dir='ltr'><strong>a</strong></span> <span class='ocrx_word' id='word_1_99' title='bbox 829 1271 937 1326; x_wconf 91' lang='lat' dir='ltr'><strong>diabolo</strong></span> <span class='ocrx_word' id='word_1_100' title='bbox 960 1271 1087 1326; x_wconf 87' lang='lat' dir='ltr'><strong>seductus</strong></span> <span class='ocrx_word' id='word_1_101' title='bbox 1110 1270 1223 1325; x_wconf 77' lang='lat' dir='ltr'><strong>iudaeis</strong></span> <span class='ocrx_word' id='word_1_102' title='bbox 1249 1269 1292 1324; x_wconf 84' lang='lat' dir='ltr'><strong>rel</strong></span> <span class='ocrx_word' id='word_1_103' title='bbox 1317 1268 1431 1339; x_wconf 82' lang='lat' dir='ltr'><strong>paganis</strong></span> <span class='ocrx_word' id='word_1_104' title='bbox 1458 1281 1461 1286; x_wconf 91' lang='lat'>·</span> 
     </span>
     <span class='ocr_line' id='line_1_11' title="bbox 240 1351 1430 1424; baseline -0.006 -13"><span class='ocrx_word' id='word_1_105' title='bbox 240 1373 270 1411; x_wconf 93' lang='lat' dir='ltr'><strong>se</strong></span> <span class='ocrx_word' id='word_1_106' title='bbox 294 1356 444 1411; x_wconf 85' lang='lat' dir='ltr'><strong>immisceat</strong></span> <span class='ocrx_word' id='word_1_107' title='bbox 468 1370 501 1410; x_wconf 90' lang='lat' dir='ltr'><strong>ac</strong></span> <span class='ocrx_word' id='word_1_108' title='bbox 524 1354 608 1424; x_wconf 89' lang='lat' dir='ltr'><strong>juret,</strong></span> <span class='ocrx_word' id='word_1_109' title='bbox 635 1355 708 1410; x_wconf 90' lang='lat' dir='ltr'><strong>nolle</strong></span> <span class='ocrx_word' id='word_1_110' title='bbox 734 1370 764 1410; x_wconf 91' lang='lat' dir='ltr'><strong>se</strong></span> <span class='ocrx_word' id='word_1_111' title='bbox 790 1354 906 1424; x_wconf 91' lang='lat' dir='ltr'><strong>amplius</strong></span> <span class='ocrx_word' id='word_1_112' title='bbox 932 1370 992 1409; x_wconf 89' lang='lat' dir='ltr'><strong>eam</strong></span> <span class='ocrx_word' id='word_1_113' title='bbox 1009 1354 1090 1409; x_wconf 88' lang='lat' dir='ltr'><strong>fidem</strong></span> <span class='ocrx_word' id='word_1_114' title='bbox 1112 1361 1214 1410; x_wconf 84' lang='lat' dir='ltr'><strong>tenere.</strong></span> <span class='ocrx_word' id='word_1_115' title='bbox 1246 1357 1288 1408; x_wconf 82' lang='lat' dir='ltr'><strong>Ac</strong></span> <span class='ocrx_word' id='word_1_116' title='bbox 1305 1351 1430 1417; x_wconf 84' lang='lat' dir='ltr'><strong>vicissim,</strong></span> 
     </span>
     <span class='ocr_line' id='line_1_12' title="bbox 240 1437 1431 1509; baseline -0.005 -14"><span class='ocrx_word' id='word_1_117' title='bbox 240 1439 340 1509; x_wconf 89' lang='lat' dir='ltr'><strong>siquis</strong></span> <span class='ocrx_word' id='word_1_118' title='bbox 362 1439 497 1494; x_wconf 89' lang='lat' dir='ltr'><strong>haeresim</strong></span> <span class='ocrx_word' id='word_1_119' title='bbox 514 1444 620 1506; x_wconf 86' lang='lat' dir='ltr'><strong>teneat,</strong></span> <span class='ocrx_word' id='word_1_120' title='bbox 644 1439 761 1507; x_wconf 85' lang='lat' dir='ltr'><strong>exempli</strong></span> <span class='ocrx_word' id='word_1_121' title='bbox 777 1439 865 1507; x_wconf 60' lang='lat' dir='ltr'><strong>matio</strong></span> <span class='ocrx_word' id='word_1_122' title='bbox 888 1439 910 1493; x_wconf 91' lang='lat' dir='ltr'><strong>si</strong></span> <span class='ocrx_word' id='word_1_123' title='bbox 928 1437 1034 1501; x_wconf 90' lang='lat' dir='ltr'><strong>credat,</strong></span> <span class='ocrx_word' id='word_1_124' title='bbox 1061 1438 1196 1492; x_wconf 91' lang='lat' dir='ltr'><strong>dominum</strong></span> <span class='ocrx_word' id='word_1_125' title='bbox 1221 1437 1356 1492; x_wconf 87' lang='lat' dir='ltr'><strong>Christum</strong></span> <span class='ocrx_word' id='word_1_126' title='bbox 1378 1450 1431 1489; x_wconf 88' lang='lat' dir='ltr'><strong>non</strong></span> 
     </span>
     <span class='ocr_line' id='line_1_13' title="bbox 241 1519 1431 1592; baseline -0.004 -14"><span class='ocrx_word' id='word_1_127' title='bbox 241 1538 301 1578; x_wconf 89' lang='lat' dir='ltr'><strong>esse</strong></span> <span class='ocrx_word' id='word_1_128' title='bbox 319 1537 412 1577; x_wconf 87' lang='lat' dir='ltr'><strong>serum</strong></span> <span class='ocrx_word' id='word_1_129' title='bbox 429 1522 518 1592; x_wconf 88' lang='lat' dir='ltr'><strong>deum,</strong></span> <span class='ocrx_word' id='word_1_130' title='bbox 536 1521 565 1576; x_wconf 89' lang='lat' dir='ltr'><strong>id</strong></span> <span class='ocrx_word' id='word_1_131' title='bbox 583 1522 655 1591; x_wconf 88' lang='lat' dir='ltr'><strong>quod</strong></span> <span class='ocrx_word' id='word_1_132' title='bbox 672 1523 769 1578; x_wconf 76' lang='lat' dir='ltr'><strong>ludaei</strong></span> <span class='ocrx_word' id='word_1_133' title='bbox 787 1530 816 1578; x_wconf 89' lang='lat' dir='ltr'><strong>et</strong></span> <span class='ocrx_word' id='word_1_134' title='bbox 832 1523 931 1592; x_wconf 82' lang='lat' dir='ltr'><strong>pagani</strong></span> <span class='ocrx_word' id='word_1_135' title='bbox 948 1522 1074 1588; x_wconf 90' lang='lat' dir='ltr'><strong>credunt,</strong></span> <span class='ocrx_word' id='word_1_136' title='bbox 1097 1538 1128 1576; x_wconf 92' lang='lat' dir='ltr'><strong>ac</strong></span> <span class='ocrx_word' id='word_1_137' title='bbox 1145 1522 1244 1577; x_wconf 87' lang='lat' dir='ltr'><strong>deinde</strong></span> <span class='ocrx_word' id='word_1_138' title='bbox 1266 1522 1330 1576; x_wconf 90' lang='lat' dir='ltr'><strong>huic</strong></span> <span class='ocrx_word' id='word_1_139' title='bbox 1346 1519 1431 1575; x_wconf 86' lang='lat' dir='ltr'><strong>errori</strong></span> 
     </span>
     <span class='ocr_line' id='line_1_14' title="bbox 239 1602 1431 1676; baseline -0.005 -14"><span class='ocrx_word' id='word_1_140' title='bbox 239 1608 388 1676; x_wconf 82' lang='lat' dir='ltr'><strong>renunciet,</strong></span> <span class='ocrx_word' id='word_1_141' title='bbox 406 1612 463 1661; x_wconf 89' lang='lat' dir='ltr'><strong>tum</strong></span> <span class='ocrx_word' id='word_1_142' title='bbox 481 1621 544 1661; x_wconf 89' lang='lat' dir='ltr'><strong>vero</strong></span> <span class='ocrx_word' id='word_1_143' title='bbox 562 1607 684 1676; x_wconf 86' lang='lat' dir='ltr'><strong>ejurasse</strong></span> <span class='ocrx_word' id='word_1_144' title='bbox 701 1606 808 1662; x_wconf 89' lang='lat' dir='ltr'><strong>dicitnr.</strong></span> <span class='ocrx_word' id='word_1_145' title='bbox 843 1606 959 1661; x_wconf 86' lang='lat' dir='ltr'><strong>Proinde</strong></span> <span class='ocrx_word' id='word_1_146' title='bbox 980 1607 1089 1674; x_wconf 90' lang='lat' dir='ltr'><strong>scitote,</strong></span> <span class='ocrx_word' id='word_1_147' title='bbox 1115 1607 1138 1660; x_wconf 91' lang='lat' dir='ltr'><strong>si</strong></span> <span class='ocrx_word' id='word_1_148' title='bbox 1156 1607 1216 1674; x_wconf 85' lang='lat' dir='ltr'><strong>quis</strong></span> <span class='ocrx_word' id='word_1_149' title='bbox 1237 1611 1355 1660; x_wconf 68' lang='lat' dir='ltr'><strong>imnum</strong></span> <span class='ocrx_word' id='word_1_150' title='bbox 1373 1602 1431 1670; x_wconf 76' lang='lat' dir='ltr'><strong>eiu·</strong></span> 
     </span>
     <span class='ocr_line' id='line_1_15' title="bbox 239 1689 1430 1760; baseline -0.006 -13"><span class='ocrx_word' id='word_1_151' title='bbox 239 1693 315 1760; x_wconf 89' lang='lat' dir='ltr'><strong>rarit,</strong></span> <span class='ocrx_word' id='word_1_152' title='bbox 332 1689 404 1760; x_wconf 87' lang='lat' dir='ltr'><strong>quod</strong></span> <span class='ocrx_word' id='word_1_153' title='bbox 421 1691 461 1745; x_wconf 94' lang='lat' dir='ltr'><strong>illi</strong></span> <span class='ocrx_word' id='word_1_154' title='bbox 479 1691 507 1745; x_wconf 94' lang='lat' dir='ltr'><strong>in</strong></span> <span class='ocrx_word' id='word_1_155' title='bbox 524 1690 609 1745; x_wconf 90' lang='lat' dir='ltr'><strong>literis</strong></span> <span class='ocrx_word' id='word_1_156' title='bbox 628 1692 755 1760; x_wconf 88' lang='lat' dir='ltr'><strong>scribunt,</strong></span> <span class='ocrx_word' id='word_1_157' title='bbox 774 1691 942 1759; x_wconf 80' lang='lat' dir='ltr'><strong>ejuratorum</strong></span> <span class='ocrx_word' id='word_1_158' title='bbox 959 1704 1019 1745; x_wconf 91' lang='lat' dir='ltr'><strong>esse</strong></span> <span class='ocrx_word' id='word_1_159' title='bbox 1038 1705 1099 1745; x_wconf 90' lang='lat' dir='ltr'><strong>eum</strong></span> <span class='ocrx_word' id='word_1_160' title='bbox 1116 1696 1164 1745; x_wconf 91' lang='lat' dir='ltr'><strong>aut</strong></span> <span class='ocrx_word' id='word_1_161' title='bbox 1181 1689 1262 1744; x_wconf 85' lang='lat' dir='ltr'><strong>fidem</strong></span> <span class='ocrx_word' id='word_1_162' title='bbox 1278 1703 1370 1744; x_wconf 86' lang='lat' dir='ltr'><strong>veram</strong></span> <span class='ocrx_word' id='word_1_163' title='bbox 1387 1702 1430 1740; x_wconf 85' lang='lat' dir='ltr'><strong>se·</strong></span> 
     </span>
     <span class='ocr_line' id='line_1_16' title="bbox 240 1771 1432 1844; baseline -0.004 -14"><span class='ocrx_word' id='word_1_164' title='bbox 240 1777 409 1844; x_wconf 85' lang='lat' dir='ltr'><strong>ritatemque,</strong></span> <span class='ocrx_word' id='word_1_165' title='bbox 426 1781 474 1830; x_wconf 92' lang='lat' dir='ltr'><strong>ant</strong></span> <span class='ocrx_word' id='word_1_166' title='bbox 489 1775 624 1830; x_wconf 87' lang='lat' dir='ltr'><strong>haeresim</strong></span> <span class='ocrx_word' id='word_1_167' title='bbox 646 1790 832 1843; x_wconf 89' lang='lat' dir='ltr'><strong>erroremque;</strong></span> <span class='ocrx_word' id='word_1_168' title='bbox 858 1775 949 1843; x_wconf 89' lang='lat' dir='ltr'><strong>itaque</strong></span> <span class='ocrx_word' id='word_1_169' title='bbox 971 1781 1019 1828; x_wconf 89' lang='lat' dir='ltr'><strong>aut</strong></span> <span class='ocrx_word' id='word_1_170' title='bbox 1042 1780 1103 1842; x_wconf 92' lang='lat' dir='ltr'><strong>post</strong></span> <span class='ocrx_word' id='word_1_171' title='bbox 1128 1772 1306 1842; x_wconf 87' lang='lat' dir='ltr'><strong>ejurationem</strong></span> <span class='ocrx_word' id='word_1_172' title='bbox 1327 1771 1432 1827; x_wconf 89' lang='lat' dir='ltr'><strong>tenebit</strong></span> 
     </span>
     <span class='ocr_line' id='line_1_17' title="bbox 240 1855 1431 1926; baseline -0.007 -10"><span class='ocrx_word' id='word_1_173' title='bbox 240 1860 373 1916; x_wconf 87' lang='lat' dir='ltr'><strong>haeresim</strong></span> <span class='ocrx_word' id='word_1_174' title='bbox 391 1859 434 1914; x_wconf 86' lang='lat' dir='ltr'><strong>vel</strong></span> <span class='ocrx_word' id='word_1_175' title='bbox 452 1873 579 1926; x_wconf 90' lang='lat' dir='ltr'><strong>errorem,</strong></span> <span class='ocrx_word' id='word_1_176' title='bbox 597 1865 646 1912; x_wconf 90' lang='lat' dir='ltr'><strong>aut</strong></span> <span class='ocrx_word' id='word_1_177' title='bbox 662 1866 744 1914; x_wconf 90' lang='lat' dir='ltr'><strong>antea</strong></span> <span class='ocrx_word' id='word_1_178' title='bbox 760 1859 879 1914; x_wconf 87' lang='lat' dir='ltr'><strong>tenuisse</strong></span> <span class='ocrx_word' id='word_1_179' title='bbox 892 1858 1033 1925; x_wconf 82' lang='lat' dir='ltr'><strong>ridebitur,</strong></span> <span class='ocrx_word' id='word_1_180' title='bbox 1051 1871 1129 1926; x_wconf 89' lang='lat' dir='ltr'><strong>quem</strong></span> <span class='ocrx_word' id='word_1_181' title='bbox 1148 1856 1245 1926; x_wconf 85' lang='lat' dir='ltr'><strong>ejurat</strong></span> <span class='ocrx_word' id='word_1_182' title='bbox 1263 1856 1333 1911; x_wconf 88' lang='lat' dir='ltr'><strong>Hinc</strong></span> <span class='ocrx_word' id='word_1_183' title='bbox 1351 1855 1431 1924; x_wconf 78' lang='lat' dir='ltr'><strong>igitur</strong></span> 
     </span>
     <span class='ocr_line' id='line_1_18' title="bbox 240 1939 1430 2013; baseline -0.006 -14"><span class='ocrx_word' id='word_1_184' title='bbox 240 1943 391 2013; x_wconf 76' lang='lat' dir='ltr'><strong>intelligite,</strong></span> <span class='ocrx_word' id='word_1_185' title='bbox 405 1942 529 2011; x_wconf 87' lang='lat' dir='ltr'><strong>judicare</strong></span> <span class='ocrx_word' id='word_1_186' title='bbox 547 1957 593 1997; x_wconf 91' lang='lat' dir='ltr'><strong>eos</strong></span> <span class='ocrx_word' id='word_1_187' title='bbox 611 1943 639 1997; x_wconf 93' lang='lat' dir='ltr'><strong>in</strong></span> <span class='ocrx_word' id='word_1_188' title='bbox 650 1941 737 1998; x_wconf 89' lang='lat' dir='ltr'><strong>literis</strong></span> <span class='ocrx_word' id='word_1_189' title='bbox 754 1958 801 1998; x_wconf 80' lang='lat' dir='ltr'><strong>sos</strong></span> <span class='ocrx_word' id='word_1_190' title='bbox 814 1942 966 1997; x_wconf 88' lang='lat' dir='ltr'><strong>haereticos</strong></span> <span class='ocrx_word' id='word_1_191' title='bbox 983 1956 1016 1995; x_wconf 92' lang='lat' dir='ltr'><strong>ac</strong></span> <span class='ocrx_word' id='word_1_192' title='bbox 1027 1941 1175 2010; x_wconf 88' lang='lat' dir='ltr'><strong>postulare,</strong></span> <span class='ocrx_word' id='word_1_193' title='bbox 1193 1947 1224 1994; x_wconf 92' lang='lat' dir='ltr'><strong>ut</strong></span> <span class='ocrx_word' id='word_1_194' title='bbox 1241 1939 1355 2008; x_wconf 90' lang='lat' dir='ltr'><strong>ejuretis</strong></span> <span class='ocrx_word' id='word_1_195' title='bbox 1366 1939 1430 1993; x_wconf 90' lang='lat' dir='ltr'><strong>hae·</strong></span> 
     </span>
     <span class='ocr_line' id='line_1_19' title="bbox 241 2021 1431 2096; baseline -0.003 -16"><span class='ocrx_word' id='word_1_196' title='bbox 241 2028 331 2096; x_wconf 82' lang='lat' dir='ltr'><strong>resim,</strong></span> <span class='ocrx_word' id='word_1_197' title='bbox 348 2041 428 2095; x_wconf 91' lang='lat' dir='ltr'><strong>quam</strong></span> <span class='ocrx_word' id='word_1_198' title='bbox 445 2041 492 2080; x_wconf 82' lang='lat' dir='ltr'><strong>sos</strong></span> <span class='ocrx_word' id='word_1_199' title='bbox 509 2030 603 2079; x_wconf 86' lang='lat' dir='ltr'><strong>tenere</strong></span> <span class='ocrx_word' id='word_1_200' title='bbox 620 2025 772 2093; x_wconf 84' lang='lat' dir='ltr'><strong>opinantur.</strong></span> <span class='ocrx_word' id='word_1_201' title='bbox 790 2025 833 2079; x_wconf 90' lang='lat' dir='ltr'><strong>Ex</strong></span> <span class='ocrx_word' id='word_1_202' title='bbox 850 2041 903 2093; x_wconf 89' lang='lat' dir='ltr'><strong>quo</strong></span> <span class='ocrx_word' id='word_1_203' title='bbox 921 2031 1047 2094; x_wconf 89' lang='lat' dir='ltr'><strong>apparet,</strong></span> <span class='ocrx_word' id='word_1_204' title='bbox 1073 2025 1193 2092; x_wconf 80' lang='lat' dir='ltr'><strong>quemvis</strong></span> <span class='ocrx_word' id='word_1_205' title='bbox 1210 2029 1328 2078; x_wconf 80' lang='lat' dir='ltr'><strong>vestrum</strong></span> <span class='ocrx_word' id='word_1_206' title='bbox 1345 2021 1431 2076; x_wconf 88' lang='lat' dir='ltr'><strong>filium</strong></span> 
     </span>
     <span class='ocr_line' id='line_1_20' title="bbox 242 2106 1430 2189; baseline -0.005 -24"><span class='ocrx_word' id='word_1_207' title='bbox 242 2112 284 2166; x_wconf 82' lang='lat' dir='ltr'><strong>sel</strong></span> <span class='ocrx_word' id='word_1_208' title='bbox 301 2112 425 2179; x_wconf 87' lang='lat' dir='ltr'><strong>amicum,</strong></span> <span class='ocrx_word' id='word_1_209' title='bbox 443 2111 466 2166; x_wconf 93' lang='lat' dir='ltr'><strong>si</strong></span> <span class='ocrx_word' id='word_1_210' title='bbox 483 2110 543 2178; x_wconf 86' lang='lat' dir='ltr'><strong>quis</strong></span> <span class='ocrx_word' id='word_1_211' title='bbox 560 2115 679 2164; x_wconf 72' lang='lat' dir='ltr'><strong>veebum</strong></span> <span class='ocrx_word' id='word_1_212' title='bbox 696 2109 819 2178; x_wconf 88' lang='lat' dir='ltr'><strong>ejurarit,</strong></span> <span class='ocrx_word' id='word_1_213' title='bbox 837 2109 999 2189; x_wconf 79' lang='lat' dir='ltr'><strong>contumelia</strong></span> <span class='ocrx_word' id='word_1_214' title='bbox 1016 2108 1088 2163; x_wconf 84' lang='lat' dir='ltr'><strong>silici</strong></span> <span class='ocrx_word' id='word_1_215' title='bbox 1105 2124 1194 2178; x_wconf 89' lang='lat' dir='ltr'><strong>posse,</strong></span> <span class='ocrx_word' id='word_1_216' title='bbox 1212 2107 1283 2176; x_wconf 91' lang='lat' dir='ltr'><strong>quod</strong></span> <span class='ocrx_word' id='word_1_217' title='bbox 1293 2113 1371 2175; x_wconf 79' lang='lat' dir='ltr'><strong>patre</strong></span> <span class='ocrx_word' id='word_1_218' title='bbox 1388 2106 1430 2159; x_wconf 84' lang='lat' dir='ltr'><strong>rel</strong></span> 
     </span>
     <span class='ocr_line' id='line_1_21' title="bbox 240 2191 1431 2264; baseline -0.004 -14"><span class='ocrx_word' id='word_1_219' title='bbox 240 2197 327 2250; x_wconf 91' lang='lat' dir='ltr'><strong>amico</strong></span> <span class='ocrx_word' id='word_1_220' title='bbox 343 2195 480 2251; x_wconf 89' lang='lat' dir='ltr'><strong>haeretico</strong></span> <span class='ocrx_word' id='word_1_221' title='bbox 498 2209 564 2249; x_wconf 91' lang='lat' dir='ltr'><strong>usus</strong></span> <span class='ocrx_word' id='word_1_222' title='bbox 580 2195 629 2262; x_wconf 90' lang='lat' dir='ltr'><strong>sit;</strong></span> <span class='ocrx_word' id='word_1_223' title='bbox 655 2210 735 2263; x_wconf 92' lang='lat' dir='ltr'><strong>porro</strong></span> <span class='ocrx_word' id='word_1_224' title='bbox 752 2193 955 2264; x_wconf 87' lang='lat' dir='ltr'><strong>hincapparet,</strong></span> <span class='ocrx_word' id='word_1_225' title='bbox 973 2195 1130 2262; x_wconf 87' lang='lat' dir='ltr'><strong>unicuique,</strong></span> <span class='ocrx_word' id='word_1_226' title='bbox 1153 2194 1198 2262; x_wconf 83' lang='lat' dir='ltr'><strong>qiri</strong></span> <span class='ocrx_word' id='word_1_227' title='bbox 1216 2193 1344 2260; x_wconf 86' lang='lat' dir='ltr'><strong>ejurarit,</strong></span> <span class='ocrx_word' id='word_1_228' title='bbox 1369 2191 1431 2258; x_wconf 91' lang='lat' dir='ltr'><strong>jure</strong></span> 
     </span>
     <span class='ocr_line' id='line_1_22' title="bbox 240 2277 1430 2349; baseline -0.006 -14"><span class='ocrx_word' id='word_1_229' title='bbox 240 2295 320 2349; x_wconf 92' lang='lat' dir='ltr'><strong>posse</strong></span> <span class='ocrx_word' id='word_1_230' title='bbox 338 2280 420 2335; x_wconf 83' lang='lat' dir='ltr'><strong>alium</strong></span> <span class='ocrx_word' id='word_1_231' title='bbox 437 2279 589 2347; x_wconf 88' lang='lat' dir='ltr'><strong>quempiam</strong></span> <span class='ocrx_word' id='word_1_232' title='bbox 606 2279 708 2334; x_wconf 90' lang='lat' dir='ltr'><strong>dicere:</strong></span> <span class='ocrx_word' id='word_1_233' title='bbox 735 2279 777 2334; x_wconf 89' lang='lat' dir='ltr'><strong>Tu</strong></span> <span class='ocrx_word' id='word_1_234' title='bbox 795 2279 908 2348; x_wconf 85' lang='lat' dir='ltr'><strong>ejurasti</strong></span> <span class='ocrx_word' id='word_1_235' title='bbox 925 2278 1068 2347; x_wconf 89' lang='lat' dir='ltr'><strong>haeresim,</strong></span> <span class='ocrx_word' id='word_1_236' title='bbox 1091 2293 1171 2346; x_wconf 89' lang='lat' dir='ltr'><strong>quam</strong></span> <span class='ocrx_word' id='word_1_237' title='bbox 1189 2277 1314 2342; x_wconf 89' lang='lat' dir='ltr'><strong>tenuisti,</strong></span> <span class='ocrx_word' id='word_1_238' title='bbox 1344 2289 1430 2343; x_wconf 89' lang='lat' dir='ltr'><strong>neque</strong></span> 
     </span>
     <span class='ocr_line' id='line_1_23' title="bbox 240 2359 1432 2433; baseline -0.003 -16"><span class='ocrx_word' id='word_1_239' title='bbox 240 2380 283 2418; x_wconf 91' lang='lat' dir='ltr'><strong>me</strong></span> <span class='ocrx_word' id='word_1_240' title='bbox 301 2363 398 2432; x_wconf 77' lang='lat' dir='ltr'><strong>dignus</strong></span> <span class='ocrx_word' id='word_1_241' title='bbox 416 2379 454 2419; x_wconf 88' lang='lat' dir='ltr'><strong>es.</strong></span> <span class='ocrx_word' id='word_1_242' title='bbox 487 2363 608 2418; x_wconf 89' lang='lat' dir='ltr'><strong>Tertium</strong></span> <span class='ocrx_word' id='word_1_243' title='bbox 625 2364 688 2418; x_wconf 88' lang='lat' dir='ltr'><strong>hinc</strong></span> <span class='ocrx_word' id='word_1_244' title='bbox 704 2363 864 2432; x_wconf 80' lang='lat' dir='ltr'><strong>intelligitis,</strong></span> <span class='ocrx_word' id='word_1_245' title='bbox 889 2364 912 2418; x_wconf 93' lang='lat' dir='ltr'><strong>si</strong></span> <span class='ocrx_word' id='word_1_246' title='bbox 930 2364 991 2432; x_wconf 88' lang='lat' dir='ltr'><strong>quis</strong></span> <span class='ocrx_word' id='word_1_247' title='bbox 1009 2364 1122 2433; x_wconf 88' lang='lat' dir='ltr'><strong>ejurarit</strong></span> <span class='ocrx_word' id='word_1_248' title='bbox 1139 2369 1167 2418; x_wconf 93' lang='lat' dir='ltr'><strong>et</strong></span> <span class='ocrx_word' id='word_1_249' title='bbox 1184 2363 1272 2417; x_wconf 88' lang='lat' dir='ltr'><strong>animo</strong></span> <span class='ocrx_word' id='word_1_250' title='bbox 1290 2359 1432 2417; x_wconf 87' lang='lat' dir='ltr'><strong>retinuerit</strong></span> 
     </span>
     <span class='ocr_line' id='line_1_24' title="bbox 241 2446 1431 2517; baseline -0.002 -16"><span class='ocrx_word' id='word_1_251' title='bbox 241 2448 390 2515; x_wconf 82' lang='lat' dir='ltr'><strong>veritatem,</strong></span> <span class='ocrx_word' id='word_1_252' title='bbox 407 2463 488 2516; x_wconf 87' lang='lat' dir='ltr'><strong>quam</strong></span> <span class='ocrx_word' id='word_1_253' title='bbox 505 2447 626 2516; x_wconf 87' lang='lat' dir='ltr'><strong>ejurarit,</strong></span> <span class='ocrx_word' id='word_1_254' title='bbox 645 2447 715 2517; x_wconf 88' lang='lat' dir='ltr'><strong>quod</strong></span> <span class='ocrx_word' id='word_1_255' title='bbox 733 2448 773 2502; x_wconf 93' lang='lat' dir='ltr'><strong>illi</strong></span> <span class='ocrx_word' id='word_1_256' title='bbox 788 2447 894 2516; x_wconf 89' lang='lat' dir='ltr'><strong>jubent,</strong></span> <span class='ocrx_word' id='word_1_257' title='bbox 911 2449 1050 2517; x_wconf 89' lang='lat' dir='ltr'><strong>perjurum</strong></span> <span class='ocrx_word' id='word_1_258' title='bbox 1068 2448 1185 2502; x_wconf 72' lang='lat' dir='ltr'><strong>lunarum</strong></span> <span class='ocrx_word' id='word_1_259' title='bbox 1205 2462 1272 2502; x_wconf 89' lang='lat' dir='ltr'><strong>esse.</strong></span> <span class='ocrx_word' id='word_1_260' title='bbox 1296 2446 1369 2513; x_wconf 75' lang='lat' dir='ltr'><strong>Quas</strong></span> <span class='ocrx_word' id='word_1_261' title='bbox 1387 2460 1431 2499; x_wconf 89' lang='lat' dir='ltr'><strong>res</strong></span> 
     </span>
     <span class='ocr_line' id='line_1_25' title="bbox 241 2529 1431 2602; baseline -0.003 -16"><span class='ocrx_word' id='word_1_262' title='bbox 241 2532 447 2601; x_wconf 87' lang='lat' dir='ltr'><strong>perpendentes,</strong></span> <span class='ocrx_word' id='word_1_263' title='bbox 466 2533 606 2588; x_wconf 85' lang='lat' dir='ltr'><strong>veritatem</strong></span> <span class='ocrx_word' id='word_1_264' title='bbox 622 2538 651 2586; x_wconf 92' lang='lat' dir='ltr'><strong>et</strong></span> <span class='ocrx_word' id='word_1_265' title='bbox 667 2531 776 2586; x_wconf 89' lang='lat' dir='ltr'><strong>landem</strong></span> <span class='ocrx_word' id='word_1_266' title='bbox 793 2532 837 2587; x_wconf 91' lang='lat' dir='ltr'><strong>dei</strong></span> <span class='ocrx_word' id='word_1_267' title='bbox 854 2532 1054 2601; x_wconf 81' lang='lat' dir='ltr'><strong>praeferentes,</strong></span> <span class='ocrx_word' id='word_1_268' title='bbox 1072 2533 1156 2602; x_wconf 91' lang='lat' dir='ltr'><strong>probe</strong></span> <span class='ocrx_word' id='word_1_269' title='bbox 1179 2532 1299 2586; x_wconf 77' lang='lat' dir='ltr'><strong>viventes</strong></span> <span class='ocrx_word' id='word_1_270' title='bbox 1317 2530 1345 2584; x_wconf 89' lang='lat' dir='ltr'><strong>in</strong></span> <span class='ocrx_word' id='word_1_271' title='bbox 1362 2529 1431 2583; x_wconf 91' lang='lat' dir='ltr'><strong>cari·</strong></span> 
     </span>
     <span class='ocr_line' id='line_1_26' title="bbox 241 2616 1431 2685; baseline -0.003 -14"><span class='ocrx_word' id='word_1_272' title='bbox 241 2624 297 2672; x_wconf 89' lang='lat' dir='ltr'><strong>tate</strong></span> <span class='ocrx_word' id='word_1_273' title='bbox 314 2617 473 2671; x_wconf 87' lang='lat' dir='ltr'><strong>resistamus</strong></span> <span class='ocrx_word' id='word_1_274' title='bbox 490 2631 575 2685; x_wconf 90' lang='lat' dir='ltr'><strong>nsque</strong></span> <span class='ocrx_word' id='word_1_275' title='bbox 592 2616 726 2671; x_wconf 90' lang='lat' dir='ltr'><strong>adfinem</strong></span> <span class='ocrx_word' id='word_1_276' title='bbox 744 2616 904 2671; x_wconf 84' lang='lat' dir='ltr'><strong>Antichristi</strong></span> <span class='ocrx_word' id='word_1_277' title='bbox 920 2616 1074 2684; x_wconf 89' lang='lat' dir='ltr'><strong>mendacio,</strong></span> <span class='ocrx_word' id='word_1_278' title='bbox 1097 2616 1231 2670; x_wconf 85' lang='lat' dir='ltr'><strong>salvatore</strong></span> <span class='ocrx_word' id='word_1_279' title='bbox 1248 2616 1431 2683; x_wconf 89' lang='lat' dir='ltr'><strong>omnipotente</strong></span> 
     </span>
     <span class='ocr_line' id='line_1_27' title="bbox 220 2689 1432 2770; baseline -0.001 -16"><span class='ocrx_word' id='word_1_280' title='bbox 220 2707 349 2756; x_wconf 73' lang='lat' dir='ltr'><strong>&#39;utentes</strong></span> <span class='ocrx_word' id='word_1_281' title='bbox 365 2699 504 2770; x_wconf 84' lang='lat' dir='ltr'><strong>adjutore,</strong></span> <span class='ocrx_word' id='word_1_282' title='bbox 529 2716 609 2769; x_wconf 86' lang='lat' dir='ltr'><strong>quem</strong></span> <span class='ocrx_word' id='word_1_283' title='bbox 626 2715 704 2755; x_wconf 87' lang='lat' dir='ltr'><strong>nemo</strong></span> <span class='ocrx_word' id='word_1_284' title='bbox 721 2706 812 2769; x_wconf 91' lang='lat' dir='ltr'><strong>potest</strong></span> <span class='ocrx_word' id='word_1_285' title='bbox 834 2700 940 2755; x_wconf 84' lang='lat' dir='ltr'><strong>vincere</strong></span> <span class='ocrx_word' id='word_1_286' title='bbox 963 2700 1061 2769; x_wconf 86' lang='lat' dir='ltr'><strong>quique</strong></span> <span class='ocrx_word' id='word_1_287' title='bbox 1085 2689 1229 2768; x_wconf 88' lang='lat' dir='ltr'><strong>numquam</strong></span> <span class='ocrx_word' id='word_1_288' title='bbox 1247 2715 1296 2754; x_wconf 91' lang='lat' dir='ltr'><strong>nos</strong></span> <span class='ocrx_word' id='word_1_289' title='bbox 1314 2698 1432 2765; x_wconf 87' lang='lat' dir='ltr'><strong>deseret,</strong></span> 
     </span>
     <span class='ocr_line' id='line_1_28' title="bbox 230 2781 1431 2854; baseline -0.003 -14"><span class='ocrx_word' id='word_1_290' title='bbox 230 2784 385 2850; x_wconf 79' lang='lat' dir='ltr'><strong>‘dummodo</strong></span> <span class='ocrx_word' id='word_1_291' title='bbox 401 2785 452 2854; x_wconf 91' lang='lat' dir='ltr'><strong>ipsi</strong></span> <span class='ocrx_word' id='word_1_292' title='bbox 470 2799 532 2839; x_wconf 93' lang='lat' dir='ltr'><strong>eum</strong></span> <span class='ocrx_word' id='word_1_293' title='bbox 544 2801 597 2840; x_wconf 91' lang='lat' dir='ltr'><strong>non</strong></span> <span class='ocrx_word' id='word_1_294' title='bbox 614 2784 780 2853; x_wconf 91' lang='lat' dir='ltr'><strong>deseramus,</strong></span> <span class='ocrx_word' id='word_1_295' title='bbox 798 2784 926 2853; x_wconf 80' lang='lat' dir='ltr'><strong>dabitque</strong></span> <span class='ocrx_word' id='word_1_296' title='bbox 938 2784 1015 2839; x_wconf 93' lang='lat' dir='ltr'><strong>nobis</strong></span> <span class='ocrx_word' id='word_1_297' title='bbox 1027 2790 1167 2839; x_wconf 87' lang='lat' dir='ltr'><strong>aeternum</strong></span> <span class='ocrx_word' id='word_1_298' title='bbox 1184 2785 1341 2852; x_wconf 88' lang='lat' dir='ltr'><strong>praemium,</strong></span> <span class='ocrx_word' id='word_1_299' title='bbox 1359 2781 1431 2851; x_wconf 86' lang='lat' dir='ltr'><strong>quod</strong></span> 
     </span>
     <span class='ocr_line' id='line_1_29' title="bbox 242 2868 1432 2937; baseline -0.002 -15"><span class='ocrx_word' id='word_1_300' title='bbox 242 2875 284 2923; x_wconf 90' lang='lat' dir='ltr'><strong>est</strong></span> <span class='ocrx_word' id='word_1_301' title='bbox 301 2869 408 2923; x_wconf 89' lang='lat' dir='ltr'><strong>satiatio</strong></span> <span class='ocrx_word' id='word_1_302' title='bbox 425 2869 580 2937; x_wconf 85' lang='lat' dir='ltr'><strong>voluntatis,</strong></span> <span class='ocrx_word' id='word_1_303' title='bbox 596 2869 721 2937; x_wconf 88' lang='lat' dir='ltr'><strong>rationis,</strong></span> <span class='ocrx_word' id='word_1_304' title='bbox 748 2868 893 2923; x_wconf 89' lang='lat' dir='ltr'><strong>memoriae</strong></span> <span class='ocrx_word' id='word_1_305' title='bbox 911 2875 939 2922; x_wconf 90' lang='lat' dir='ltr'><strong>et</strong></span> <span class='ocrx_word' id='word_1_306' title='bbox 956 2868 1072 2923; x_wconf 88' lang='lat' dir='ltr'><strong>omnium</strong></span> <span class='ocrx_word' id='word_1_307' title='bbox 1091 2868 1210 2936; x_wconf 88' lang='lat' dir='ltr'><strong>corporis</strong></span> <span class='ocrx_word' id='word_1_308' title='bbox 1228 2884 1354 2922; x_wconf 88' lang='lat' dir='ltr'><strong>sensuum</strong></span> <span class='ocrx_word' id='word_1_309' title='bbox 1374 2869 1432 2921; x_wconf 91' lang='lat' dir='ltr'><strong>sine</strong></span> 
     </span>
     <span class='ocr_line' id='line_1_30' title="bbox 242 2952 1432 3024; baseline 0 -18"><span class='ocrx_word' id='word_1_310' title='bbox 242 2952 340 3022; x_wconf 86' lang='lat' dir='ltr'><strong>inopia.</strong></span> <span class='ocrx_word' id='word_1_311' title='bbox 367 2953 442 3008; x_wconf 87' lang='lat' dir='ltr'><strong>Haec</strong></span> <span class='ocrx_word' id='word_1_312' title='bbox 459 2954 534 3009; x_wconf 85' lang='lat' dir='ltr'><strong>vobis</strong></span> <span class='ocrx_word' id='word_1_313' title='bbox 552 2953 645 3022; x_wconf 88' lang='lat' dir='ltr'><strong>scripsi</strong></span> <span class='ocrx_word' id='word_1_314' title='bbox 663 2953 763 3024; x_wconf 89' lang='lat' dir='ltr'><strong>(neque</strong></span> <span class='ocrx_word' id='word_1_315' title='bbox 782 2955 852 3008; x_wconf 87' lang='lat' dir='ltr'><strong>enim</strong></span> <span class='ocrx_word' id='word_1_316' title='bbox 870 2953 1007 3007; x_wconf 89' lang='lat' dir='ltr'><strong>commode</strong></span> <span class='ocrx_word' id='word_1_317' title='bbox 1024 2952 1060 3006; x_wconf 91' lang='lat' dir='ltr'><strong>ad</strong></span> <span class='ocrx_word' id='word_1_318' title='bbox 1078 2969 1123 3006; x_wconf 87' lang='lat' dir='ltr'><strong>vos</strong></span> <span class='ocrx_word' id='word_1_319' title='bbox 1142 2968 1249 3020; x_wconf 88' lang='lat' dir='ltr'><strong>possum</strong></span> <span class='ocrx_word' id='word_1_320' title='bbox 1268 2953 1379 3018; x_wconf 86' lang='lat' dir='ltr'><strong>venire),</strong></span> <span class='ocrx_word' id='word_1_321' title='bbox 1398 2968 1432 3006; x_wconf 91' lang='lat' dir='ltr'><strong>ne</strong></span> 
     </span>
     <span class='ocr_line' id='line_1_31' title="bbox 242 3036 1207 3093; baseline 0 -4"><span class='ocrx_word' id='word_1_322' title='bbox 242 3036 396 3091; x_wconf 88' lang='lat' dir='ltr'><strong>sacerdotes</strong></span> <span class='ocrx_word' id='word_1_323' title='bbox 414 3052 492 3092; x_wconf 86' lang='lat' dir='ltr'><strong>saera</strong></span> <span class='ocrx_word' id='word_1_324' title='bbox 508 3038 661 3093; x_wconf 90' lang='lat' dir='ltr'><strong>inhibentes</strong></span> <span class='ocrx_word' id='word_1_325' title='bbox 679 3045 784 3093; x_wconf 85' lang='lat' dir='ltr'><strong>vestrae</strong></span> <span class='ocrx_word' id='word_1_326' title='bbox 801 3038 932 3093; x_wconf 81' lang='lat' dir='ltr'><strong>voluntati</strong></span> <span class='ocrx_word' id='word_1_327' title='bbox 951 3037 1077 3091; x_wconf 80' lang='lat' dir='ltr'><strong>officiant.</strong></span> <span class='ocrx_word' id='word_1_328' title='bbox 1113 3039 1207 3090; x_wconf 80' lang='lat' dir='ltr'><strong>Amen.</strong></span> 
     </span>
    </p>
   </div>
   <div class='ocr_carea' id='block_1_3' title="bbox 682 3318 991 3595">
    <p class='ocr_par' dir='ltr' id='par_1_3' title="bbox 682 3318 991 3595">
     <span class='ocr_line' id='line_1_32' title="bbox 807 3318 863 3396; baseline 0.054 -4"><span class='ocrx_word' id='word_1_329' title='bbox 807 3318 863 3396; x_wconf 79' lang='lat'><strong>17.</strong></span> 
     </span>
     <span class='ocr_line' id='line_1_33' title="bbox 682 3508 991 3595; baseline -0.003 -2"><span class='ocrx_word' id='word_1_330' title='bbox 682 3508 991 3595; x_wconf 83' lang='lat' dir='ltr'><strong>Eisdem.</strong></span> 
     </span>
    </p>
   </div>
   <div class='ocr_carea' id='block_1_4' title="bbox 244 3707 1433 4018">
    <p class='ocr_par' dir='ltr' id='par_1_4' title="bbox 246 3707 1433 3780">
     <span class='ocr_line' id='line_1_34' title="bbox 246 3707 1433 3780; baseline 0.002 -18"><span class='ocrx_word' id='word_1_331' title='bbox 246 3707 411 3762; x_wconf 66' lang='lat' dir='ltr'><strong>cohortatur</strong></span> <span class='ocrx_word' id='word_1_332' title='bbox 428 3709 594 3778; x_wconf 73' lang='lat' dir='ltr'><strong>Propensee,</strong></span> <span class='ocrx_word' id='word_1_333' title='bbox 612 3716 642 3762; x_wconf 82' lang='lat' dir='ltr'><strong>at</strong></span> <span class='ocrx_word' id='word_1_334' title='bbox 662 3708 763 3764; x_wconf 73' lang='lat' dir='ltr'><strong>Christi</strong></span> <span class='ocrx_word' id='word_1_335' title='bbox 780 3711 941 3780; x_wconf 70' lang='lat' dir='ltr'><strong>exemplum,</strong></span> <span class='ocrx_word' id='word_1_336' title='bbox 958 3712 1007 3777; x_wconf 81' lang='lat' dir='ltr'><strong>qai</strong></span> <span class='ocrx_word' id='word_1_337' title='bbox 1021 3712 1080 3778; x_wconf 84' lang='lat' dir='ltr'><strong>ipsc</strong></span> <span class='ocrx_word' id='word_1_338' title='bbox 1097 3725 1201 3777; x_wconf 74' lang='lat' dir='ltr'><strong>piloque</strong></span> <span class='ocrx_word' id='word_1_339' title='bbox 1216 3712 1433 3778; x_wconf 80' lang='lat' dir='ltr'><strong>persecutionem</strong></span> 
     </span>
    </p>

    <p class='ocr_par' dir='ltr' id='par_1_5' title="bbox 244 3794 1433 3863">
     <span class='ocr_line' id='line_1_35' title="bbox 244 3794 1433 3863; baseline 0 -18"><span class='ocrx_word' id='word_1_340' title='bbox 244 3801 269 3845; x_wconf 84' lang='lat' dir='ltr'><strong>ct</strong></span> <span class='ocrx_word' id='word_1_341' title='bbox 286 3794 400 3846; x_wconf 77' lang='lat' dir='ltr'><strong>moriem</strong></span> <span class='ocrx_word' id='word_1_342' title='bbox 417 3794 546 3856; x_wconf 83' lang='lat' dir='ltr'><strong>subierit,</strong></span> <span class='ocrx_word' id='word_1_343' title='bbox 574 3794 749 3863; x_wconf 70' lang='lat' dir='ltr'><strong>respicientes</strong></span> <span class='ocrx_word' id='word_1_344' title='bbox 771 3795 845 3857; x_wconf 83' lang='lat' dir='ltr'><strong>„sint</strong></span> <span class='ocrx_word' id='word_1_345' title='bbox 867 3797 898 3847; x_wconf 83' lang='lat' dir='ltr'><strong>in</strong></span> <span class='ocrx_word' id='word_1_346' title='bbox 921 3796 1020 3862; x_wconf 74' lang='lat' dir='ltr'><strong>opsita</strong></span> <span class='ocrx_word' id='word_1_347' title='bbox 1043 3796 1158 3847; x_wconf 72' lang='lat' dir='ltr'><strong>veritate</strong></span> <span class='ocrx_word' id='word_1_348' title='bbox 1175 3801 1345 3854; x_wconf 77' lang='lat' dir='ltr'><strong>comtuatee,</strong></span> <span class='ocrx_word' id='word_1_349' title='bbox 1368 3811 1433 3845; x_wconf 81' lang='lat' dir='ltr'><strong>nene</strong></span> 
     </span>
    </p>

    <p class='ocr_par' dir='ltr' id='par_1_6' title="bbox 244 3878 1433 4018">
     <span class='ocr_line' id='line_1_36' title="bbox 244 3878 1433 3948; baseline 0 -19"><span class='ocrx_word' id='word_1_350' title='bbox 244 3878 390 3930; x_wconf 84' lang='lat' dir='ltr'><strong>citationes</strong></span> <span class='ocrx_word' id='word_1_351' title='bbox 406 3878 481 3931; x_wconf 76' lang='lat' dir='ltr'><strong>sallus</strong></span> <span class='ocrx_word' id='word_1_352' title='bbox 497 3887 620 3930; x_wconf 76' lang='lat' dir='ltr'><strong>metuant</strong></span> <span class='ocrx_word' id='word_1_353' title='bbox 638 3888 689 3932; x_wconf 82' lang='lat' dir='ltr'><strong>cat</strong></span> <span class='ocrx_word' id='word_1_354' title='bbox 706 3880 798 3933; x_wconf 77' lang='lat' dir='ltr'><strong>mitesce</strong></span> <span class='ocrx_word' id='word_1_355' title='bbox 815 3896 897 3948; x_wconf 80' lang='lat' dir='ltr'><strong>quam</strong></span> <span class='ocrx_word' id='word_1_356' title='bbox 916 3889 1001 3932; x_wconf 71' lang='lat' dir='ltr'><strong>caetea</strong></span> <span class='ocrx_word' id='word_1_357' title='bbox 1022 3880 1056 3932; x_wconf 84' lang='lat' dir='ltr'><strong>ob</strong></span> <span class='ocrx_word' id='word_1_358' title='bbox 1074 3879 1196 3933; x_wconf 76' lang='lat' dir='ltr'><strong>medates</strong></span> <span class='ocrx_word' id='word_1_359' title='bbox 1214 3880 1305 3931; x_wconf 77' lang='lat' dir='ltr'><strong>misene</strong></span> <span class='ocrx_word' id='word_1_360' title='bbox 1321 3878 1433 3930; x_wconf 73' lang='lat' dir='ltr'><strong>evertam</strong></span> 
     </span>
     <span class='ocr_line' id='line_1_37' title="bbox 724 3956 1366 4018; baseline -0.003 -1"><span class='ocrx_word' id='word_1_361' title='bbox 724 3962 769 4017; x_wconf 78' lang='lat' dir='ltr'><strong>dei</strong></span> <span class='ocrx_word' id='word_1_362' title='bbox 787 3964 936 4018; x_wconf 80' lang='lat' dir='ltr'><strong>audiant.“</strong></span> <span class='ocrx_word' id='word_1_363' title='bbox 1363 3956 1366 3959; x_wconf 43' lang='lat'>¹</span> 
     </span>
    </p>
   </div>
   <div class='ocr_carea' id='block_1_5' title="bbox 789 4131 886 4199">
    <p class='ocr_par' dir='ltr' id='par_1_7' title="bbox 789 4131 886 4199">
     <span class='ocr_line' id='line_1_38' title="bbox 789 4131 886 4199; baseline 0.01 -15"><span class='ocrx_word' id='word_1_364' title='bbox 789 4131 886 4199; x_wconf 80' lang='lat'>(1412.)</span> 
     </span>
    </p>
   </div>
   <div class='ocr_carea' id='block_1_6' title="bbox 244 4301 1434 4681">
    <p class='ocr_par' dir='ltr' id='par_1_8' title="bbox 244 4301 1434 4681">
     <span class='ocr_line' id='line_1_39' title="bbox 342 4301 1433 4380; baseline 0.003 -17"><span class='ocrx_word' id='word_1_365' title='bbox 342 4303 487 4378; x_wconf 78' lang='lat' dir='ltr'><strong>Magister</strong></span> <span class='ocrx_word' id='word_1_366' title='bbox 507 4304 637 4364; x_wconf 80' lang='lat' dir='ltr'><strong>loannes</strong></span> <span class='ocrx_word' id='word_1_367' title='bbox 653 4301 724 4375; x_wconf 88' lang='lat' dir='ltr'><strong>llus,</strong></span> <span class='ocrx_word' id='word_1_368' title='bbox 747 4318 849 4364; x_wconf 86' lang='lat' dir='ltr'><strong>servus</strong></span> <span class='ocrx_word' id='word_1_369' title='bbox 870 4303 900 4363; x_wconf 90' lang='lat' dir='ltr'><strong>in</strong></span> <span class='ocrx_word' id='word_1_370' title='bbox 923 4319 976 4377; x_wconf 90' lang='lat' dir='ltr'><strong>spe</strong></span> <span class='ocrx_word' id='word_1_371' title='bbox 992 4303 1064 4366; x_wconf 79' lang='lat' dir='ltr'><strong>iesu</strong></span> <span class='ocrx_word' id='word_1_372' title='bbox 1079 4303 1196 4375; x_wconf 84' lang='lat' dir='ltr'><strong>Christi,</strong></span> <span class='ocrx_word' id='word_1_373' title='bbox 1219 4304 1361 4376; x_wconf 74' lang='lat' dir='ltr'><strong>omnibus</strong></span> <span class='ocrx_word' id='word_1_374' title='bbox 1384 4304 1433 4380; x_wconf 91' lang='lat' dir='ltr'><strong>qui</strong></span> 
     </span>
     <span class='ocr_line' id='line_1_40' title="bbox 244 4401 1432 4478; baseline 0.001 -15"><span class='ocrx_word' id='word_1_375' title='bbox 244 4402 369 4476; x_wconf 79' lang='lat' dir='ltr'><strong>diligunt</strong></span> <span class='ocrx_word' id='word_1_376' title='bbox 390 4404 483 4475; x_wconf 86' lang='lat' dir='ltr'><strong>deum,</strong></span> <span class='ocrx_word' id='word_1_377' title='bbox 512 4404 650 4478; x_wconf 82' lang='lat' dir='ltr'><strong>illiusque</strong></span> <span class='ocrx_word' id='word_1_378' title='bbox 671 4403 765 4478; x_wconf 78' lang='lat' dir='ltr'><strong>legem</strong></span> <span class='ocrx_word' id='word_1_379' title='bbox 787 4401 970 4478; x_wconf 87' lang='lat' dir='ltr'><strong>confitentur,</strong></span> <span class='ocrx_word' id='word_1_380' title='bbox 995 4410 1201 4477; x_wconf 82' lang='lat' dir='ltr'><strong>exspectantes</strong></span> <span class='ocrx_word' id='word_1_381' title='bbox 1225 4407 1432 4466; x_wconf 88' lang='lat' dir='ltr'><strong>revelationem</strong></span> 
     </span>
     <span class='ocr_line' id='line_1_41' title="bbox 244 4504 1434 4581; baseline 0.003 -19"><span class='ocrx_word' id='word_1_382' title='bbox 244 4504 412 4577; x_wconf 85' lang='lat' dir='ltr'><strong>salvatoris,</strong></span> <span class='ocrx_word' id='word_1_383' title='bbox 442 4523 506 4566; x_wconf 89' lang='lat' dir='ltr'><strong>cum</strong></span> <span class='ocrx_word' id='word_1_384' title='bbox 529 4522 585 4580; x_wconf 90' lang='lat' dir='ltr'><strong>quo</strong></span> <span class='ocrx_word' id='word_1_385' title='bbox 607 4506 705 4566; x_wconf 82' lang='lat' dir='ltr'><strong>vivere</strong></span> <span class='ocrx_word' id='word_1_386' title='bbox 726 4505 757 4564; x_wconf 94' lang='lat' dir='ltr'><strong>in</strong></span> <span class='ocrx_word' id='word_1_387' title='bbox 779 4511 929 4566; x_wconf 86' lang='lat' dir='ltr'><strong>aeternum</strong></span> <span class='ocrx_word' id='word_1_388' title='bbox 951 4505 1132 4578; x_wconf 88' lang='lat' dir='ltr'><strong>desiderant,</strong></span> <span class='ocrx_word' id='word_1_389' title='bbox 1161 4507 1256 4581; x_wconf 78' lang='lat' dir='ltr'><strong>gratis</strong></span> <span class='ocrx_word' id='word_1_390' title='bbox 1284 4513 1315 4568; x_wconf 90' lang='lat' dir='ltr'><strong>et</strong></span> <span class='ocrx_word' id='word_1_391' title='bbox 1335 4524 1394 4580; x_wconf 85' lang='lat' dir='ltr'><strong>pax</strong></span> <span class='ocrx_word' id='word_1_392' title='bbox 1415 4524 1434 4566; x_wconf 90' lang='lat' dir='ltr'><strong>a</strong></span> 
     </span>
     <span class='ocr_line' id='line_1_42' title="bbox 245 4602 1431 4681; baseline 0.007 -19"><span class='ocrx_word' id='word_1_393' title='bbox 245 4602 299 4662; x_wconf 87' lang='lat' dir='ltr'><strong>deo</strong></span> <span class='ocrx_word' id='word_1_394' title='bbox 322 4611 406 4678; x_wconf 91' lang='lat' dir='ltr'><strong>patre</strong></span> <span class='ocrx_word' id='word_1_395' title='bbox 428 4612 459 4666; x_wconf 92' lang='lat' dir='ltr'><strong>et</strong></span> <span class='ocrx_word' id='word_1_396' title='bbox 480 4607 596 4667; x_wconf 89' lang='lat' dir='ltr'><strong>domino</strong></span> <span class='ocrx_word' id='word_1_397' title='bbox 618 4606 690 4666; x_wconf 88' lang='lat' dir='ltr'><strong>Jesu</strong></span> <span class='ocrx_word' id='word_1_398' title='bbox 713 4605 839 4679; x_wconf 80' lang='lat' dir='ltr'><strong>Christo,</strong></span> <span class='ocrx_word' id='word_1_399' title='bbox 861 4607 909 4679; x_wconf 89' lang='lat' dir='ltr'><strong>qui</strong></span> <span class='ocrx_word' id='word_1_400' title='bbox 932 4623 965 4667; x_wconf 90' lang='lat' dir='ltr'><strong>sc</strong></span> <span class='ocrx_word' id='word_1_401' title='bbox 987 4606 1067 4669; x_wconf 90' lang='lat' dir='ltr'><strong>dedit</strong></span> <span class='ocrx_word' id='word_1_402' title='bbox 1087 4609 1231 4669; x_wconf 70' lang='lat' dir='ltr'><strong>dctimam</strong></span> <span class='ocrx_word' id='word_1_403' title='bbox 1253 4622 1308 4680; x_wconf 89' lang='lat' dir='ltr'><strong>pro</strong></span> <span class='ocrx_word' id='word_1_404' title='bbox 1330 4624 1431 4681; x_wconf 87' lang='lat' dir='ltr'><strong>pecca·</strong></span> 
     </span>
    </p>
   </div>
   <div class='ocr_carea' id='block_1_7' title="bbox 0 0 1505 5258">
    <p class='ocr_par' dir='ltr' id='par_1_9' title="bbox 0 0 1505 5258">
     <span class='ocr_line' id='line_1_43' title="bbox 0 0 1505 5258; baseline 0 0"><span class='ocrx_word' id='word_1_405' title='bbox 0 0 1505 5258; x_wconf 95' lang='lat' dir='ltr'><strong> </strong></span> 
     </span>
    </p>
   </div>
  </div>
 </body>
</html>
