2992 5258
150 425 210 490 680
390 419 592 475 Conuoversiae
609 416 644 472 da
661 415 791 484 religione
808 415 836 469 in
853 414 998 470 Bohemia:
1017 413 1092 471 141&

150 643 257 705 qnare,
279 623 336 688 sed
359 602 532 705 requiritur
553 639 612 704 pro
634 621 680 688 eis
703 618 888 685 satisfacere
906 617 998 700 juxta
1021 633 1117 699 posse
1138 617 1337 702 poenitentia,

151 733 183 789 et
204 725 251 789 eis
272 725 304 788 iu
327 731 492 789 aeternnm
514 722 634 788 aditum
656 738 719 786 non
742 719 908 802 praebere.

251 822 486 890 lattiniani
509 822 647 904 ungendi
671 826 746 887 sunt
767 821 837 888 oleo
854 826 1015 886 extremae
1036 819 1197 885 unctionis
1218 827 1253 886 et
1275 839 1338 887 ora-

151 926 289 992 tionibus
311 923 511 990 sacerdotnm
532 923 594 988 deo
616 919 852 989 reconeihandi.
875 920 964 986 Haec
985 919 1069 984 enim
1091 925 1143 985 est
1163 921 1339 1004 proprietas

149 1027 274 1109 septimi
298 1025 496 1105 sacramenti,
528 1030 561 1091 et
586 1023 638 1089 hic
672 1023 753 1088 ritus
775 1022 815 1088 ab
844 1021 998 1105 apostolis
1029 1018 1198 1087 derivatus
1228 1028 1263 1087 et
1289 1039 1341 1103 per

151 1127 340 1210 primitivam
362 1126 527 1192 ecelesiam
550 1123 763 1191 confirmatus.

252 1231 298 1292 13.
320 1228 358 1294 lt.
375 1225 566 1310 praepositis
589 1224 656 1290 sive
670 1223 891 1307 spiritualibus
904 1223 971 1287 sive
986 1221 1229 1305 temporalibus,
1252 1222 1340 1287 etiam

50 1351 57 1365 ·
150 1327 239 1393 malis
258 1334 291 1394 et
302 1326 453 1409 dyscolis,
477 1333 528 1392 est
548 1326 580 1390 iu
604 1326 679 1391 solis
702 1325 798 1390 licitis
820 1330 853 1391 et
873 1323 1018 1390 honestis
1041 1320 1269 1404 obediendum,
1290 1323 1340 1388 sed

151 1431 182 1493 in
204 1429 323 1495 illicitis
345 1428 509 1493 caritative
532 1432 565 1490 et
587 1425 819 1492 rationabiliter
840 1423 1067 1490 resistendum.
1090 1423 1243 1503 Quamvis
1263 1424 1340 1490 euim

150 1530 234 1594 omni
261 1529 378 1594 homiui
401 1526 611 1593 obediendum
639 1533 689 1592 est
729 1544 768 1590 er
790 1525 933 1605 caritate,
963 1524 1157 1606 praepositis
1178 1530 1286 1591 1111111
1307 1543 1340 1590 cx

151 1630 284 1694 caritate
306 1636 340 1693 ct
361 1628 554 1694 necessitate
577 1632 627 1692 est
648 1626 866 1691 obediendum.

230 1733 297 1813 14.
318 1728 356 1793 11.
372 1727 652 1795 constitutionibus
675 1727 828 1793 ecelesiae
844 1732 877 1792 ct
889 1725 1071 1808 praeceptis
1092 1725 1338 1804 rationabilibus,

152 1830 384 1895 ruannductivis
396 1830 436 1895 ad
457 1830 560 1910 legem
576 1826 694 1894 Christi
717 1834 750 1894 et
772 1828 874 1909 legem
895 1826 1143 1893 deiuullateuus
1157 1825 1339 1911 impugnan-

152 1931 244 2011 tibus,
257 1948 317 1996 nec
332 1947 436 1995 mores
448 1930 518 2013 pios
532 1929 788 2011 impedientibus,
807 1933 857 1994 est
872 1946 911 1992 ex
927 1927 1109 1993 testimonio
1121 1944 1233 1995 sacrae
1248 1926 1340 2010 scrip

154 2040 245 2096 turae
270 2029 489 2095 obediendum.

255 2133 302 2195 15.
323 2130 362 2196 lt.
384 2129 468 2212 qnod
491 2128 584 2195 dictis
607 2134 788 2194 sanctornm
811 2127 976 2195 doctorum
997 2128 1178 2210 primitivae
1193 2129 1341 2197 ecelesiae

152 2233 184 2296 iu
206 2249 297 2296 sacra
323 2231 481 2312 scriptura
509 2230 710 2312 pertinenter
739 2228 880 2295 fundatis
903 2234 953 2294 est
975 2226 1114 2295 fideliter
1135 2229 1339 2298 insistendum

153 2338 186 2396 ct
214 2332 366 2396 doctrinis
396 2349 504 2396 eorum
530 2329 767 2410 immorandum,
797 2348 857 2396 nec
878 2330 917 2396 ah
949 2329 995 2395 eis
1017 2349 1057 2395 ex
1083 2330 1146 2397 levi
1169 2348 1266 2397 musa
1290 2340 1341 2397 ant

153 2432 387 2513 praesumtione
410 2430 458 2495 vel
479 2431 599 2496 malitia
620 2429 850 2496 declinandum.

255 2535 305 2597 16.
328 2532 366 2597 lt.
390 2548 500 2595 omnes
521 2530 722 2610 cerimoniae,
744 2530 993 2597 consuetudines
1024 2535 1057 2597 et
1083 2532 1167 2597 ritus
1188 2531 1336 2601 eccesiae

154 2631 256 2711 legem
272 2631 323 2697 dei
344 2630 531 2712 adjuvantes
553 2631 603 2695 vel
618 2631 784 2696 ecclesiam
810 2632 1009 2713 decorantes
1031 2629 1166 2715 piosque
1186 2634 1339 2700 marmio

152 2730 270 2796 Christi
292 2729 437 2796 fidelibus
458 2738 691 2812 promoventes,
713 2739 789 2799 suut
803 2732 1021 2800 observandae
1043 2739 1076 2801 et
1088 2733 1290 2815 observandi,
1309 2740 1339 2800 et

153 2833 212 2897 hoe
234 2851 291 2914 pro
314 2850 449 2915 semper,
480 2833 507 2897 si
528 2849 587 2914 pro
610 2837 686 2898 tune
714 2833 800 2899 ahud
821 2834 934 2900 mehus
966 2835 1082 2903 bonnm
1111 2852 1175 2903 non
1198 2841 1339 2903 occurrat

156 2931 340 2998 laciendum.

254 3033 301 3098 17.
324 3033 362 3098 It.
396 3022 653 3100 consecrationes
681 3053 833 3117 aquarum
863 3034 905 3101 ad
934 3037 1125 3121 baptismum
1153 3038 1342 3120 aliarumque

153 3152 259 3198 rernm
281 3133 520 3201 benedictiones
542 3152 630 3200 more
652 3135 832 3218 primitivae
855 3136 1008 3204 eeclesiae
1031 3140 1185 3206 asanctis
1200 3139 1343 3207 ohserva-

153 3241 205 3300 tae
231 3240 263 3299 et
284 3234 504 3316 perductores
530 3240 725 3317 approbatae
750 3234 820 3301 fieri
834 3244 970 3319 possunt
986 3239 1145 3320 legitime:
1168 3238 1227 3307 sed
1242 3245 1341 3306 111111

155 3335 185 3399 in
208 3337 254 3400 eis
279 3352 343 3399 anon
372 3340 546 3417 reponatur
579 3351 653 3417 spes
681 3335 801 3415 salutis,
833 3345 906 3405 eta
934 3338 1025 3404 malis
1048 3358 1087 3405 ex
1116 3341 1163 3407 eis
1192 3341 1343 3409 secuturis

155 3434 324 3517 diligenter
350 3434 524 3500 cavendnm
547 3442 604 3500 est.

255 3535 363 3601 18.Ι1.
386 3535 553 3618 dispositio
575 3536 700 3616 missae,
727 3538 900 3603 secuudum
929 3541 1191 3610 vestimentorum
1212 3542 1343 3618 habitus

154 3653 229 3700 nsns
251 3641 284 3702 et
304 3641 403 3716 actus,
426 3635 494 3702 sinc
516 3637 647 3718 speciali
668 3643 702 3702 11
723 3655 836 3720 magua
857 3642 1050 3708 necessitate
1071 3661 1135 3708 nou
1158 3650 1211 3710 est
1232 3645 1266 3711 iu
1293 3641 1343 3710 ali·

154 3754 216 3816 qno
237 3735 439 3817 immutanda,
462 3754 521 3801 nec
544 3737 699 3806 confectio
723 3740 934 3807 eucharistiae
950 3743 1043 3808 aliter
1065 3744 1135 3810 siue
1158 3745 1270 3812 eadem
1292 3764 1342 3813 ne-

154 3837 303 3903 cessitate
326 3844 375 3903 est
396 3837 622 3903 consecranda.
644 3838 728 3904 Talis
752 3840 835 3905 euim
858 3841 1024 3924 dispositio
1037 3844 1129 3926 juxta
1150 3845 1238 3913 dicta
1259 3864 1343 3912 sauo-

154 3944 259 4001 tornm
280 3935 444 4003 doctorum
460 3942 510 4002 est
533 3937 672 4019 pulchris
695 3946 728 4005 11
750 3940 880 4005 utilibus
902 3943 1077 4010 rationibus
1092 3943 1239 4027 diffinita,
1272 3965 1344 4031 quas

154 4036 328 4118 iufringere
351 4037 419 4102 siue
443 4055 537 4103 causa
559 4055 650 4103 nemo
674 4038 779 4106 debet.

256 4139 302 4203 19.
334 4137 373 4202 It.
404 4140 600 4221 evangelium
633 4148 665 4206 et
694 4143 830 4224 epistola
858 4145 999 4211 canenda
1028 4152 1102 4212 sunt
1131 4148 1165 4211 in
1194 4149 1292 4216 misso
1316 4149 1344 4213 io

155 4236 293 4318 vulgari:
322 4238 403 4303 aliae
428 4246 534 4305 antem
558 4259 596 4305 ex
619 4241 715 4307 certis
744 4244 848 4309 causis
879 4242 1082 4313 diversitates
1111 4254 1146 4314 et
1166 4251 1342 4330 varietates,

155 4357 235 4419 quae
259 4338 337 4404 daut
358 4341 556 4406 occasionem
578 4341 718 4407 scandali
737 4392 909 4409 .....
927 4346 1044 4413 bonnm
1073 4356 1160 4416 esset
1190 4351 1344 4418 dimittere

153 4443 187 4503 ct
208 4439 240 4503 in
261 4438 358 4504 latino
381 4442 576 4522 continuare,
602 4447 638 4506 ut
659 4444 808 4511 collectas
830 4453 864 4512 ct
884 4448 1108 4529 praefationes.

252 4543 302 4603 20.
324 4539 363 4606 1t.
385 4541 537 4622 imagines
560 4543 714 4610 ecclesiae
746 4551 880 4627 possunt
914 4549 945 4612 iu
969 4549 1103 4617 ecclesia
1133 4551 1294 4632 sustineri,
1321 4553 1345 4617 si

158 4641 263 4709 tamen
286 4657 349 4712 non
378 4646 452 4712 snut
474 4641 653 4733 superfluae
686 4652 718 4709 ct
748 4646 930 4736 petulanter
951 4655 984 4721 et
1011 4648 1090 4723 false
1112 4658 1345 4737 exornabant
