2992 5258
161 419 223 485 710
295 372 306 386 κ
489 395 490 398 “
630 411 847 468 Additamentnm
864 397 917 467 11.

266 617 349 682 Quem
379 634 440 668 eom
459 617 510 668 titi
527 634 583 669 esso
599 625 705 686 potos?
736 617 843 670 Patrem
862 613 990 670 dilectum
1008 616 1072 670 mihi
1090 631 1150 671 esse
1167 623 1242 685 puto.

266 701 408 766 Quomodo
426 717 486 752 eom
504 701 674 768 alloqueris?
707 701 791 756 Peter
808 707 908 769 noster,
926 701 972 769 qui
989 716 1020 754 es
1037 701 1066 754 in
1084 699 1166 754 coelis
1183 715 1220 756 tt.

266 784 341 850 Quid
359 785 448 837 credis
465 785 498 837 do
517 785 565 838 deo
581 791 680 855 patre?
719 784 805 838 Credo
824 800 884 838 esse
904 800 963 838 eum
983 785 1192 852 omnipotentem
1210 795 1358 842 creatorem

163 868 231 923 coeli
250 875 278 923 et
298 875 395 922 terrae.

266 953 321 1030 dior
338 953 387 1006 too
404 953 515 1006 erodis?
547 954 616 1020 Quis
634 953 701 1006 hseo
720 961 761 1006 est
778 952 923 1008 meotides
942 953 1105 1016 christiana,
1132 954 1190 1008 sine
1208 970 1264 1022 qna
1281 969 1357 1009 nemo

164 1039 262 1092 salvari
279 1043 375 1106 potest.
416 1037 500 1106 cnjus
518 1045 704 1114 argumentum
723 1044 777 1106 est,
807 1037 879 1104 quod
896 1053 917 1090 s.
936 1037 1037 1091 Paulus
1055 1036 1090 1091 ad
1108 1037 1249 1092 Hebraeos
1268 1040 1358 1093 scribit

164 1138 222 1190 cap.
241 1122 289 1176 XI.
310 1123 384 1187 „sine
403 1122 456 1177 fide
475 1123 642 1191 impossibile
661 1138 721 1178 esse
738 1123 846 1191 placere
864 1120 940 1177 deo.“

267 1208 408 1273 Qooonodo
425 1209 497 1260 tono
503 1209 587 1278 fidem
600 1209 757 1278 profiteris?
773 1207 859 1263 Credo
882 1208 909 1261 in
922 1206 1011 1274 deum,
1027 1211 1132 1275 patrem
1141 1207 1358 1276 omnipotentem,

164 1298 313 1346 creatorem
332 1293 400 1346 coeli
419 1299 446 1345 et
463 1300 561 1346 terrae.

267 1376 341 1440 Quid
354 1376 388 1429 de
400 1376 450 1429 deo
457 1376 519 1444 filio
538 1377 647 1430 orodis?
665 1375 750 1430 Credo
764 1392 825 1430 enm
843 1382 1000 1446 conceptum
1023 1392 1084 1432 esse
1096 1377 1130 1432 de
1142 1376 1241 1447 spiritu
1260 1382 1358 1443 sanem,

165 1465 256 1513 natum
275 1474 309 1513 ex
326 1459 414 1513 Maria
432 1460 542 1526 virgine,
560 1476 670 1528 passum
689 1461 739 1515 sub
756 1461 851 1515 Pontio
870 1461 964 1515 Pilato.

267 1543 342 1608 Quid
360 1543 393 1595 de
411 1544 461 1598 deo
478 1546 581 1613 spirito
597 1552 693 1598 sancto
711 1545 818 1597 credis?
846 1545 932 1599 Credo
951 1546 1074 1613 spiritum
1092 1550 1215 1601 sanctum
1233 1560 1268 1599 ex
1285 1551 1357 1614 patre

165 1627 274 1696 filioque
293 1628 448 1699 procedere,
467 1643 515 1696 per
534 1645 594 1682 eum
612 1629 755 1695 gubernari
771 1630 913 1684 ecelesiam
930 1637 1059 1698 sanctam,
1076 1630 1104 1683 in
1122 1645 1155 1684 eo
1172 1629 1275 1684 habere
1292 1644 1356 1683 conr·

165 1713 326 1779 munionem,
345 1712 379 1766 ab
392 1728 429 1780 eo
447 1714 631 1767 remissionem
648 1719 819 1780 peccatorum
838 1721 864 1767 et
882 1715 963 1767 vitam
981 1719 1128 1767 aeternam.
1147 1717 1243 1768 Arnen.

266 1797 321 1851 Cur
339 1799 388 1850 ltoc
406 1798 512 1850 credis?
545 1797 613 1865 Quia
630 1799 669 1852 ita
687 1805 736 1854 est.

269 1881 337 1946 Quis
354 1883 403 1935 too
420 1883 506 1935 dicit?
540 1882 567 1936 S.
588 1882 688 1935 Paulus
710 1882 747 1936 Xi
766 1899 825 1950 cap.
845 1882 975 1951 epistolae
994 1883 1029 1938 ad
1047 1883 1196 1937 Hebraeos.

268 1966 409 2030 Quootodo
428 1984 489 2018 eom
509 1967 621 2036 (fortem)
641 1968 800 2036 profiteris?
833 1967 928 2022 Credo.

270 2049 322 2104 Ubi
341 2050 413 2102 domo
425 2050 510 2119 fidem
529 2053 679 2119 occepisti?
712 2050 886 2119 Baptismate.

265 2134 292 2188 A
309 2138 380 2202 quo?
413 2134 514 2188 Adeo.
1252 2174 1255 2178 .

265 2219 304 2272 At
320 2221 401 2273 nullo
410 2220 462 2271 tibi
472 2221 645 2288 totettipmdi
656 2223 698 2274 vis
709 2229 778 2288 erat,
797 2237 880 2289 quom
891 2221 1094 2289 baptimo-eris!
1111 2219 1172 2274 Non
1182 2225 1251 2286 erat,
1261 2232 1355 2273 verum·

165 2309 256 2356 tamen
273 2305 365 2370 accepi
385 2319 444 2357 eam
462 2320 511 2371 per
529 2320 682 2372 sponsores,
705 2305 795 2372 quiin
815 2304 869 2358 fide
888 2310 998 2359 sanetae
1017 2302 1151 2358 ecclesiae
1169 2309 1256 2357 erant

268 2386 343 2452 Quid
361 2396 399 2440 est
416 2397 517 2442 sonoro
535 2390 670 2442 ecclesio?
703 2389 823 2443 Societas
842 2389 959 2442 omnium
976 2389 1012 2444 ad
1029 2388 1145 2442 salutem
1164 2387 1318 2442 electorum

268 2471 423 2540 Quotoplsro
443 2483 483 2526 est
500 2482 602 2527 sancto
620 2474 759 2527 ecclesia?
792 2473 910 2541 Triplex.

268 2556 347 2622 Quae
368 2565 407 2608 est
421 2558 539 2625 prima?
571 2557 700 2611 Militant.

269 2640 346 2706 Quae
368 2641 508 2695 secondo?
540 2641 690 2694 Dormiens.

269 2723 348 2789 Quos
365 2726 470 2777 tertio?
503 2725 614 2806 Victrix.

269 2808 344 2873 Quid
361 2820 400 2862 est
417 2817 516 2862 sancta
543 2813 658 2864 ecclesie
678 2813 819 2866 otilitatst?
852 2810 952 2866 Omnes
969 2811 1068 2879 saneti,
1092 2811 1137 2879 qui
1155 2808 1274 2866 nuncin
1290 2815 1357 2865 itm

166 2893 265 2948 vivunt.

269 2976 323 3031 Cur
340 2981 467 3033 militamt
492 2981 674 3048 appellator?
707 2981 775 3048 Quia
799 2986 892 3035 contra
918 2986 974 3035 tres
991 2979 1112 3034 inimices
1130 2978 1242 3047 militat,
1271 2984 1355 3032 centn

166 3062 303 3130 mundum,
322 3078 439 3130 carnem,
452 3063 602 3118 diabolum.
1196 3133 1199 3138 Ι

268 3146 342 3211 Ouid
360 3155 399 3198 est
415 3156 515 3199 sancto
533 3151 647 3201 ecclesia
670 3149 825 3202 dormiens?
841 3149 940 3205 Omnes
957 3149 1043 3204 saneti
1062 3149 1088 3202 in
1107 3148 1189 3202 limbo
1207 3154 1320 3218 patrum.

270 3231 325 3284 Cur
343 3232 485 3284 dormiens
502 3234 686 3301 appellator-r?
719 3233 788 3301 Quia
805 3233 872 3287 nihil
890 3239 981 3300 potest
998 3233 1103 3287 mereri.

269 3316 344 3380 Quid
363 3326 400 3368 est
418 3326 519 3370 sancta
536 3319 650 3370 ecclesia
667 3318 787 3370 victrice?
819 3317 918 3370 Omnes
936 3317 1023 3371 sancti
1041 3316 1068 3370 in
1086 3315 1178 3370 coelis.

268 3399 323 3452 Gor
339 3402 438 3454 victrix
455 3402 637 3470 appellator?
670 3400 739 3468 Quia
757 3400 879 3454 inimicos
896 3400 967 3454 vicit.

269 3484 361 3549 Quos?
392 3484 531 3553 Mundum,
551 3501 669 3552 csrnem,
693 3485 843 3552 diabolum3
858 3485 969 3554 Jamque
987 3492 1083 3554 regnat
1100 3500 1155 3539 nna
1173 3500 1235 3539 enm
1253 3484 1311 3538 deo.

268 3569 343 3633 Quid
361 3578 400 3622 est
417 3568 501 3622 deos?
517 3569 592 3623 Deus
610 3575 652 3623 est
670 3584 802 3623 summum
820 3569 932 3638 bonum;
952 3575 994 3624 est
1013 3570 1083 3622 enirn
1101 3570 1232 3637 optimum
1256 3568 1358 3631 bonurn,

167 3667 219 3718 quo
238 3653 333 3706 melius
352 3670 405 3707 non
427 3660 517 3720 potest
534 3654 695 3720 cogitatione
712 3652 785 3720 fingi.

269 3736 340 3799 Quot
358 3739 447 3791 modis
464 3738 555 3791 credis
572 3739 645 3805 quod
670 3740 709 3792 od
726 3739 806 3792 deum
825 3740 945 3792 attinet?
979 3738 1086 3793 Tribus.

269 3820 393 3884 onibos?
426 3820 512 3875 Credo
533 3820 620 3889 deum,
641 3821 703 3889 deo,
720 3821 747 3875 in
766 3821 853 3875 deum.

269 3905 344 3969 Quid
362 3916 400 3959 est
418 3908 534 3961 credero
545 3909 643 3960 decom?
660 3906 711 3960 Est
727 3906 846 3968 credere,
866 3907 945 3961 deum
958 3913 986 3962 et
999 3922 1058 3961 esse
1071 3913 1099 3960 et
1109 3909 1136 3962 in
1147 3914 1289 3963 aeternum
1298 3908 1357 3961 iore.

270 3989 344 4054 Quid
356 4000 394 4042 est
407 3993 515 4045 credere
528 3993 596 4044 deo?
614 3992 740 4059 Credere,
764 3991 836 4059 quod
848 3992 954 4045 loeutus
973 3991 1007 4044 sit
1024 3998 1105 4058 atque
1123 3990 1213 4045 adhuc
1232 3991 1359 4060 loquatur,

168 4074 195 4127 id
213 4089 313 4127 meram
332 4077 471 4130 veritatem
489 4092 564 4143 esse3
583 4076 649 4130 deus
668 4077 739 4129 enim
757 4076 855 4129 fallere
872 4092 925 4129 non
944 4080 1042 4143 potest.

270 4159 345 4225 (estid
357 4171 396 4214 est
414 4162 521 4214 credere
539 4163 569 4213 in
579 4162 680 4214 doum?
697 4161 837 4215 Confidere
848 4161 881 4228 ei,
900 4159 1031 4215 accedere
1042 4160 1076 4214 sd
1087 4175 1157 4227 eum,
1177 4157 1359 4228 concorporari

168 4244 228 4312 ejus
240 4246 366 4298 membris
378 4262 490 4312 eumque
509 4262 591 4313 super
609 4247 698 4300 omnis
710 4245 831 4312 diligere.
851 4245 1027 4314 (Augustinus
1045 4252 1073 4298 et
1090 4244 1165 4298 Beda
1183 4237 1360 4303 concordant)

271 4331 345 4395 Quid
375 4338 414 4382 est
431 4329 511 4382 doum
530 4331 667 4398 diligero?
701 4329 753 4383 Est
776 4328 876 4383 bonum
894 4329 962 4383 bene
982 4328 1032 4383 deo
1050 4343 1149 4396 cupere
1167 4334 1196 4381 et
1221 4336 1360 4397 praecepta

167 4417 227 4485 ejus
246 4416 396 4469 observare.

270 4500 350 4564 Quod
375 4501 455 4569 hujus
477 4501 519 4552 roi
541 4500 724 4552 testimonium
749 4503 809 4551 cst?
842 4499 915 4554 Dicit
939 4500 991 4553 hoo
1022 4515 1044 4554 s.
1062 4499 1184 4554 Joannes
1211 4516 1270 4569 cap.
1288 4497 1360 4554 XlV:

149 4584 238 4651 ·.,Qni
256 4584 338 4638 habet
355 4585 482 4640 mandata
500 4600 560 4639 mea
578 4592 605 4639 et
623 4593 713 4640 servet
731 4600 771 4653 ea,
790 4584 837 4638 ille
856 4589 905 4652 est,
924 4584 969 4652 qui
987 4583 1075 4651 diligit
1092 4583 1162 4637 me.”

271 4669 345 4735 Quid
357 4679 397 4725 est
409 4672 458 4724 ttoo
473 4672 648 4724 eorumbene
661 4673 778 4740 cepero?
794 4669 881 4738 Velie,
899 4675 930 4724 nt
941 4683 1033 4724 omnes
1054 4683 1115 4725 enm
1125 4674 1271 4726 vereantur
1287 4667 1359 4741 eique
