2992 5258
249 428 290 481 17.
324 421 502 482 wenceslaus
518 437 567 477 rex
586 429 614 477 et
629 419 704 478 card.
721 420 899 490 landulphus
916 417 950 476 de
968 419 1081 477 concilio
1098 421 1205 478 Pisano.
1252 426 1314 491 365

92 637 203 702 tanto
232 629 300 714 Jam
332 635 477 711 ternpore
511 626 701 709 prohdolor!
732 644 803 693 cum
836 623 988 693 ineffabili
1020 625 1160 693 fidelium
1195 625 1315 705 Christi

84 731 358 821 perturbatione
391 728 516 808 divisit,
549 725 659 795 corde
677 727 845 793 molestum
879 728 1066 808 gravissime
1088 728 1259 810 gessimus;
1283 735 1316 793 et

79 851 305 922 quamquam
337 831 470 897 consilia
503 837 536 896 et
568 831 711 896 achones
745 835 873 894 nostras
904 828 937 892 in
971 827 1097 894 diversa
1128 828 1235 895 studia
1256 848 1314 911 pro

73 933 261 1023 ejusdcm
283 932 513 1015 exstirpatione
535 930 715 996 schismatis
735 927 974 1012 jactaverimus
998 930 1031 994 in
1054 935 1177 994 tantum
1199 938 1315 1010 tamen

70 1034 319 1117 exigentibus
341 1032 502 1099 hominum
525 1031 698 1112 demeritis,
723 1030 866 1113 nequitia
880 1029 1058 1113 praevaluit
1080 1049 1314 1112 perversorum,

66 1145 137 1211 uc
155 1134 403 1203 ecclesiasticae
418 1133 550 1199 unitatis
566 1132 691 1210 bonum,
714 1132 799 1214 quod
811 1132 933 1215 jugiter
948 1131 1197 1214 procuravimus,
1213 1131 1315 1198 adhuc

65 1254 215 1318 usque
249 1236 347 1302 luerit
368 1234 563 1319 impeditum.
596 1235 662 1299 Deo
691 1240 798 1299 tamen
819 1233 956 1316 gratias,
992 1232 1046 1314 qui
1067 1232 1317 1299 misericordiam

67 1347 224 1416 facere
260 1335 409 1418 dignatus
431 1334 527 1418 (est),
565 1353 662 1418 super
693 1334 851 1415 angustiis
877 1332 984 1415 gregis
1011 1331 1062 1399 sui
1088 1332 1316 1415 planitudinem

70 1437 273 1521 temporis
288 1436 403 1503 adesse
418 1436 548 1517 iaciens,
571 1443 608 1500 ut
621 1451 798 1518 speremus,
821 1434 934 1518 quo(d)
950 1439 1014 1501 tam
1036 1432 1189 1516 pestilera
1203 1433 1316 1498 divisio

71 1547 153 1616 de
175 1536 286 1603 medio
309 1538 412 1620 ipsius
434 1543 563 1603 sanctae
586 1536 740 1603 ecclesiae
764 1536 960 1619 exstirpetur
983 1541 1016 1602 et
1036 1535 1124 1617 pacis
1147 1533 1317 1600 reducatur

73 1638 288 1721 integritas
319 1639 352 1702 in
386 1636 512 1720 eadem,
545 1637 728 1719 nostrisque
762 1637 960 1720 temporibus
993 1636 1154 1703 videamus
1188 1653 1317 1717 gregem

78 1739 310 1815 dominicum
332 1739 456 1805 umtum
478 1754 551 1804 esse
574 1741 607 1803 et
627 1736 841 1804 indubitatum
858 1737 1081 1803 universaliter
1102 1736 1229 1803 unicum
1245 1755 1316 1803 esse

80 1847 295 1932 pastorem,
328 1838 418 1906 Petri
452 1837 589 1921 apostoli
622 1855 839 1905 successorem
872 1845 905 1906 et
933 1857 1043 1904 verum
1066 1837 1217 1904 vicarium
1237 1838 1317 1904 Jcsu

84 1941 249 2012 Christi.

220 2041 320 2108 Grato
350 2040 506 2122 siquidem
530 2040 625 2106 corde
647 2039 824 2105 audivimus
846 2045 880 2105 et
900 2039 1113 2105 intelleximus
1136 2040 1317 2123 diligenter,

94 2160 202 2225 quae
222 2141 304 2225 Mojtl
332 2141 406 2207 h¹⁸⁰
436 2161 494 2225 pro
516 2147 608 2225 parte
624 2140 859 2225 praedictorum
875 2150 1017 2206 rev¹¹¹⁰ffl¹¹¹
1038 2140 1071 2205 in
1093 2140 1166 2207 Chr.
1190 2150 1316 2224 patrum

97 2242 316 2310 dominorum
345 2241 376 2308 S.
399 2243 558 2309 Romanae
580 2242 735 2309 ecclesiae
757 2241 963 2309 cardinalium
991 2242 1157 2324 utriusque
1180 2244 1314 2325 collegii,

102 2349 156 2406 ut
182 2361 274 2427 sopra
288 2342 386 2423 uniti,
409 2343 556 2424 exposuit
571 2341 820 2424 circumspectio
837 2341 964 2424 Vestra,
987 2342 1045 2408 sub
1068 2342 1315 2409 credentialibus

105 2440 224 2509 literis
244 2442 444 2523 eorumdem,
478 2461 575 2525 super
609 2442 835 2525 procuratione
857 2443 1092 2511 ecclesiasticae
1120 2444 1254 2511 unionis.
1277 2444 1319 2509 Idt

111 2542 254 2622 proinde
277 2542 518 2611 considerantes
540 2550 604 2609 tam
631 2549 785 2625 sanctum,
808 2544 948 2611 salutare
973 2552 1006 2610 et
1028 2542 1175 2612 fidelibus
1198 2544 1317 2611 Christi

114 2645 335 2710 necessarium
372 2645 490 2711 bonum
531 2643 693 2728 praelatae
726 2645 944 2712 sanctissimae
977 2644 1104 2712 unionis
1136 2646 1176 2712 ad
1209 2664 1317 2714 curam

118 2745 237 2824 regalis
258 2745 362 2813 nostri
384 2744 530 2812 culminis
553 2745 772 2828 principaliter
797 2745 968 2827 pertinere,
994 2746 1153 2828 auxilium,
1176 2746 1317 2814 favorem

10 2888 12 2895 ,
119 2847 215 2924 atque
235 2846 492 2928 sollicitudinem,
516 2865 608 2929 opem
632 2853 666 2911 et
687 2864 786 2929 opera
807 2852 926 2927 nostra,
949 2865 1029 2928 quae
1053 2866 1111 2931 pro
1133 2848 1234 2931 ipsius
1248 2848 1319 2913 uni-

125 2943 195 3008 onis
214 2945 329 3013 effectu
351 2967 371 3013 a
391 2946 484 3014 nobis
502 2965 560 3028 pro
584 2954 676 3029 parte
699 2946 776 3013 dicti
798 2947 880 3012 sacri
904 2946 1029 3028 collegii
1052 2948 1226 3030 petivistis,
1239 2968 1320 3033 pura

127 3047 236 3113 mentis
267 3055 399 3114 nostrae
431 3047 618 3128 integritate
649 3053 746 3129 atquc
779 3047 962 3114 cumomni
995 3046 1110 3114 effectu
1143 3056 1321 3132 praestare,

130 3142 274 3214 exhihere
288 3155 322 3215 et
338 3147 497 3232 impartiri
513 3148 667 3229 volentes
697 3167 735 3214 ea
749 3148 1002 3214 irrevocabiliter
1018 3148 1086 3215 sinc
1109 3149 1319 3216 haesitatione

131 3239 228 3326 aliqua
257 3251 344 3317 dicto
366 3267 457 3316 sacro
481 3249 633 3331 collegio,
667 3258 700 3316 et
723 3250 813 3317 vobis
835 3249 903 3332 ejus
926 3249 1071 3332 nomine,
1105 3253 1319 3334 promittimus

131 3348 341 3424 resolveres
364 3357 398 3416 et
412 3350 595 3433 plenissime
608 3351 794 3434 pollicemur
820 3351 853 3415 in
876 3351 1055 3434 hujusmodi
1077 3359 1187 3419 sancto
1203 3372 1318 3437 propo·

22 3536 33 3546 ⁶
131 3436 197 3528 iiio,
218 3450 372 3518 uniendas
388 3451 548 3518 Romanae
563 3451 718 3518 ecclesiae
741 3458 774 3518 et
797 3451 836 3517 de
864 3470 901 3517 ea
922 3452 1101 3519 schismatis
1113 3452 1319 3535 exstirpandi,

135 3535 212 3615 dioto
242 3571 333 3620 sacro
367 3551 501 3634 collegio
535 3571 605 3618 cmn
638 3553 723 3619 omni
756 3558 917 3635 potestate
952 3560 985 3618 et
1010 3554 1176 3636 maJostate
1199 3562 1318 3636 nostra,

136 3654 256 3734 tumque
277 3652 523 3720 cohaerentibus
546 3659 579 3719 et
591 3653 812 3720 obedientibus
835 3653 937 3734 nobis,
959 3653 1053 3737 plene
1076 3661 1109 3720 et
1130 3655 1231 3722 libere
1247 3674 1321 3724 con·

136 3750 297 3822 uendentes
330 3761 428 3836 atque
463 3773 533 3819 cum
566 3754 678 3821 eodem
705 3755 845 3834 gratiose
870 3755 1115 3835 convenientes,
1146 3759 1320 3839 quemlibet

10 3934 25 3947 ι
55 3884 71 3928 -ε
138 3853 335 3928 libertanum
350 3853 499 3935 favorem,
522 3873 615 3921 omne
636 3855 789 3938 possibile
810 3856 960 3922 auxilium
982 3856 1203 3924 indesinenter
1219 3877 1319 3940 usque
1392 3868 1401 3877 ‘

141 3940 477 4024 damnanationem
501 3957 600 4022 totius
622 3963 685 4022 tam
700 3956 745 4039 pii
761 3956 878 4040 operia,
901 3959 1050 4040 expensis
1065 3976 1128 4024 nou
1150 3966 1320 4041 parcentes

69 4082 76 4103 0
141 4052 190 4113 ¹¹0⁶
206 4052 378 4137 laboribus,
407 4057 636 4141 impendemus,
662 4065 758 4139 atque
780 4058 821 4125 ad
843 4059 992 4140 generale
1016 4059 1168 4125 ecclesiae
1191 4060 1318 4126 univer·

10 4185 26 4230 .·
60 4175 67 4181 ·
145 4142 389 4240 ⁸⁸l'bconcilium,
415 4158 500 4240 quod
515 4156 591 4224 dicti
614 4157 703 4224 rev¹¹¹¹
719 4165 827 4241 patres
849 4159 934 4241 apud
956 4159 1045 4225 Pisas
1066 4159 1108 4224 ad
1129 4158 1219 4224 XXV
1235 4159 1319 4226 diem

10 4243 78 4303 Ἀ·
147 4236 226 4322 fllun'
248 4260 392 4344 proxime
424 4259 534 4326 Martii
556 4265 784 4340 convocarunt,
818 4260 977 4325 solemnes
1010 4260 1255 4327 ambassiatores
1290 4268 1324 4327 ct

10 4384 80 4456 „p
149 4357 348 4429 lllcuratorcs
378 4368 509 4427 nostros
541 4360 674 4427 idoneos
707 4361 976 4440 transmittemus;
1009 4361 1223 4427 obedientiam
1245 4380 1320 4430 vero

152 4437 180 4509 ¹)-
199 4454 344 4543 (lregorio
375 4461 438 4526 XII
460 4460 698 4542 quomodolibet
720 4461 930 4528 exhibendam
953 4480 1011 4545 par·
1033 4463 1212 4527 universam
1228 4469 1318 4545 pote·

64 4614 76 4629 .
153 4550 242 4627 lllieu
271 4568 414 4629 nostram
444 4579 679 4644 regnorumque
712 4567 894 4629 nostrorum
930 4562 1085 4645 suspendi
1113 4561 1323 4631 effectualiter

38 4680 47 4692 ·
154 4638 277 4731 hll'snus
307 4662 450 4746 adusque
483 4662 649 4731 decretum
681 4662 819 4746 praelati
851 4663 975 4731 concilii
998 4665 1165 4745 gerierolis.
1199 4666 1324 4733 Abinde
