<?xml version="1.0" encoding="UTF-8"?>
<!DOCTYPE html PUBLIC "-//W3C//DTD XHTML 1.0 Transitional//EN"
    "http://www.w3.org/TR/xhtml1/DTD/xhtml1-transitional.dtd">
<html xmlns="http://www.w3.org/1999/xhtml" xml:lang="en" lang="en">
 <head>
  <title>
</title>
<meta http-equiv="Content-Type" content="text/html;charset=utf-8" />
  <meta name='ocr-system' content='tesseract 3.04.00' />
  <meta name='ocr-capabilities' content='ocr_page ocr_carea ocr_par ocr_line ocrx_word'/>
</head>
<body>
  <div class='ocr_page' id='page_1' title='image "./documentamagjoa00palagoog_0232.png"; bbox 0 0 2992 5258; ppageno 0'>
   <div class='ocr_carea' id='block_1_1' title="bbox 295 396 1269 495">
    <p class='ocr_par' dir='ltr' id='par_1_1' title="bbox 295 396 1269 495">
     <span class='ocr_line' id='line_1_1' title="bbox 295 396 1269 495; baseline 0.001 -15"><span class='ocrx_word' id='word_1_1' title='bbox 295 426 464 495; x_wconf 81' lang='lat' dir='ltr'>Responsum</span> <span class='ocrx_word' id='word_1_2' title='bbox 481 424 518 478; x_wconf 85' lang='lat' dir='ltr'>M.</span> <span class='ocrx_word' id='word_1_3' title='bbox 536 424 563 477; x_wconf 86' lang='lat' dir='ltr'>J.</span> <span class='ocrx_word' id='word_1_4' title='bbox 580 396 639 478; x_wconf 75' lang='lat' dir='ltr'>lius</span> <span class='ocrx_word' id='word_1_5' title='bbox 656 423 692 478; x_wconf 90' lang='lat' dir='ltr'>ad</span> <span class='ocrx_word' id='word_1_6' title='bbox 708 423 837 479; x_wconf 76' lang='lat' dir='ltr'><strong>articulos</strong></span> <span class='ocrx_word' id='word_1_7' title='bbox 855 423 945 480; x_wconf 84' lang='lat' dir='ltr'>Pelet.</span> <span class='ocrx_word' id='word_1_8' title='bbox 964 424 1039 478; x_wconf 73' lang='lat'>1415.</span> <span class='ocrx_word' id='word_1_9' title='bbox 1210 433 1269 493; x_wconf 80' lang='lat'>211</span> 
     </span>
    </p>
   </div>
   <div class='ocr_carea' id='block_1_2' title="bbox 45 627 1280 4599">
    <p class='ocr_par' dir='ltr' id='par_1_2' title="bbox 86 627 1272 1307">
     <span class='ocr_line' id='line_1_2' title="bbox 86 627 1272 706; baseline -0.001 -16"><span class='ocrx_word' id='word_1_10' title='bbox 86 632 212 704; x_wconf 81' lang='lat' dir='ltr'>registro.</span> <span class='ocrx_word' id='word_1_11' title='bbox 255 632 328 690; x_wconf 85' lang='lat' dir='ltr'>Item</span> <span class='ocrx_word' id='word_1_12' title='bbox 350 631 455 688; x_wconf 89' lang='lat' dir='ltr'>beatus</span> <span class='ocrx_word' id='word_1_13' title='bbox 476 630 563 687; x_wconf 81' lang='lat' dir='ltr'>Rern.</span> <span class='ocrx_word' id='word_1_14' title='bbox 591 629 621 686; x_wconf 93' lang='lat' dir='ltr'>in</span> <span class='ocrx_word' id='word_1_15' title='bbox 643 629 719 687; x_wconf 93' lang='lat' dir='ltr'>libro</span> <span class='ocrx_word' id='word_1_16' title='bbox 749 627 852 686; x_wconf 88' lang='lat' dir='ltr'>florum</span> <span class='ocrx_word' id='word_1_17' title='bbox 878 628 910 687; x_wconf 90' lang='lat' dir='ltr'>in</span> <span class='ocrx_word' id='word_1_18' title='bbox 936 629 1064 699; x_wconf 88' lang='lat' dir='ltr'>capitulo</span> <span class='ocrx_word' id='word_1_19' title='bbox 1096 631 1272 706; x_wconf 86' lang='lat' dir='ltr'>„acstimu“:</span> 
     </span>
     <span class='ocr_line' id='line_1_3' title="bbox 88 728 1272 803; baseline 0.003 -16"><span class='ocrx_word' id='word_1_20' title='bbox 88 732 152 802; x_wconf 83' lang='lat' dir='ltr'>Quid</span> <span class='ocrx_word' id='word_1_21' title='bbox 181 737 236 800; x_wconf 90' lang='lat' dir='ltr'>est,</span> <span class='ocrx_word' id='word_1_22' title='bbox 265 731 343 803; x_wconf 90' lang='lat' dir='ltr'>qnod</span> <span class='ocrx_word' id='word_1_23' title='bbox 371 731 472 789; x_wconf 85' lang='lat' dir='ltr'>clerici</span> <span class='ocrx_word' id='word_1_24' title='bbox 493 730 572 788; x_wconf 89' lang='lat' dir='ltr'>aliud</span> <span class='ocrx_word' id='word_1_25' title='bbox 598 730 701 801; x_wconf 86' lang='lat' dir='ltr'>videri,</span> <span class='ocrx_word' id='word_1_26' title='bbox 730 729 898 787; x_wconf 89' lang='lat' dir='ltr'>aliudesse</span> <span class='ocrx_word' id='word_1_27' title='bbox 926 728 1049 786; x_wconf 82' lang='lat' dir='ltr'>volunt?</span> <span class='ocrx_word' id='word_1_28' title='bbox 1085 728 1123 787; x_wconf 83' lang='lat' dir='ltr'>Et</span> <span class='ocrx_word' id='word_1_29' title='bbox 1144 731 1176 788; x_wconf 93' lang='lat' dir='ltr'>in</span> <span class='ocrx_word' id='word_1_30' title='bbox 1196 731 1272 791; x_wconf 92' lang='lat' dir='ltr'>libro</span> 
     </span>
     <span class='ocr_line' id='line_1_4' title="bbox 88 825 1272 904; baseline 0.003 -17"><span class='ocrx_word' id='word_1_31' title='bbox 88 832 116 888; x_wconf 87' lang='lat' dir='ltr'>ud</span> <span class='ocrx_word' id='word_1_32' title='bbox 137 831 300 904; x_wconf 82' lang='lat' dir='ltr'>Eugenium</span> <span class='ocrx_word' id='word_1_33' title='bbox 322 846 435 902; x_wconf 89' lang='lat' dir='ltr'>papam,</span> <span class='ocrx_word' id='word_1_34' title='bbox 466 836 496 887; x_wconf 88' lang='lat' dir='ltr'>et</span> <span class='ocrx_word' id='word_1_35' title='bbox 523 845 613 900; x_wconf 89' lang='lat' dir='ltr'>super</span> <span class='ocrx_word' id='word_1_36' title='bbox 640 830 788 887; x_wconf 87' lang='lat' dir='ltr'>canonica.</span> <span class='ocrx_word' id='word_1_37' title='bbox 802 844 935 886; x_wconf 86' lang='lat' dir='ltr'>sermone</span> <span class='ocrx_word' id='word_1_38' title='bbox 966 825 1021 885; x_wconf 83' lang='lat'>33⁰</span> <span class='ocrx_word' id='word_1_39' title='bbox 1049 829 1136 890; x_wconf 87' lang='lat' dir='ltr'>dicit:</span> <span class='ocrx_word' id='word_1_40' title='bbox 1164 830 1272 891; x_wconf 87' lang='lat' dir='ltr'>Omnes</span> 
     </span>
     <span class='ocr_line' id='line_1_5' title="bbox 89 928 1272 998; baseline 0.003 -12"><span class='ocrx_word' id='word_1_41' title='bbox 89 931 164 988; x_wconf 88' lang='lat' dir='ltr'>amici</span> <span class='ocrx_word' id='word_1_42' title='bbox 188 937 219 988; x_wconf 91' lang='lat' dir='ltr'>et</span> <span class='ocrx_word' id='word_1_43' title='bbox 240 947 341 989; x_wconf 91' lang='lat' dir='ltr'>omnes</span> <span class='ocrx_word' id='word_1_44' title='bbox 364 930 486 998; x_wconf 84' lang='lat' dir='ltr'>inimici,</span> <span class='ocrx_word' id='word_1_45' title='bbox 510 944 610 986; x_wconf 87' lang='lat' dir='ltr'>omues</span> <span class='ocrx_word' id='word_1_46' title='bbox 632 928 794 986; x_wconf 84' lang='lat' dir='ltr'>necessarii</span> <span class='ocrx_word' id='word_1_47' title='bbox 815 934 846 985; x_wconf 90' lang='lat' dir='ltr'>et</span> <span class='ocrx_word' id='word_1_48' title='bbox 866 944 967 986; x_wconf 92' lang='lat' dir='ltr'>omnes</span> <span class='ocrx_word' id='word_1_49' title='bbox 982 929 1150 997; x_wconf 86' lang='lat' dir='ltr'>adversarii,</span> <span class='ocrx_word' id='word_1_50' title='bbox 1172 946 1272 990; x_wconf 89' lang='lat' dir='ltr'>omnes</span> 
     </span>
     <span class='ocr_line' id='line_1_6' title="bbox 89 1027 1272 1101; baseline 0.003 -14"><span class='ocrx_word' id='word_1_51' title='bbox 89 1029 235 1088; x_wconf 84' lang='lat' dir='ltr'>domestici</span> <span class='ocrx_word' id='word_1_52' title='bbox 269 1037 299 1089; x_wconf 95' lang='lat' dir='ltr'>et</span> <span class='ocrx_word' id='word_1_53' title='bbox 328 1029 399 1088; x_wconf 92' lang='lat' dir='ltr'>nulli</span> <span class='ocrx_word' id='word_1_54' title='bbox 429 1027 542 1101; x_wconf 88' lang='lat' dir='ltr'>pacifici</span> <span class='ocrx_word' id='word_1_55' title='bbox 573 1029 698 1087; x_wconf 83' lang='lat' dir='ltr'>nniuistri</span> <span class='ocrx_word' id='word_1_56' title='bbox 731 1034 798 1087; x_wconf 89' lang='lat' dir='ltr'>sunt</span> <span class='ocrx_word' id='word_1_57' title='bbox 826 1028 935 1087; x_wconf 81' lang='lat' dir='ltr'>Christi</span> <span class='ocrx_word' id='word_1_58' title='bbox 968 1034 998 1086; x_wconf 86' lang='lat' dir='ltr'>et</span> <span class='ocrx_word' id='word_1_59' title='bbox 1029 1029 1158 1088; x_wconf 89' lang='lat' dir='ltr'>serviunt</span> <span class='ocrx_word' id='word_1_60' title='bbox 1186 1033 1272 1090; x_wconf 87' lang='lat' dir='ltr'>Anti·</span> 
     </span>
     <span class='ocr_line' id='line_1_7' title="bbox 89 1127 1270 1200; baseline 0.006 -15"><span class='ocrx_word' id='word_1_61' title='bbox 89 1130 199 1200; x_wconf 84' lang='lat' dir='ltr'>cbristo,</span> <span class='ocrx_word' id='word_1_62' title='bbox 214 1130 352 1188; x_wconf 86' lang='lat' dir='ltr'>honorati</span> <span class='ocrx_word' id='word_1_63' title='bbox 365 1131 504 1189; x_wconf 90' lang='lat' dir='ltr'>incedunt</span> <span class='ocrx_word' id='word_1_64' title='bbox 518 1129 554 1188; x_wconf 89' lang='lat' dir='ltr'>de</span> <span class='ocrx_word' id='word_1_65' title='bbox 569 1128 653 1186; x_wconf 89' lang='lat' dir='ltr'>bonis</span> <span class='ocrx_word' id='word_1_66' title='bbox 670 1128 786 1198; x_wconf 86' lang='lat' dir='ltr'>domini,</span> <span class='ocrx_word' id='word_1_67' title='bbox 802 1128 848 1185; x_wconf 89' lang='lat' dir='ltr'>cui</span> <span class='ocrx_word' id='word_1_68' title='bbox 863 1127 1003 1186; x_wconf 87' lang='lat' dir='ltr'>honorem</span> <span class='ocrx_word' id='word_1_69' title='bbox 1017 1143 1075 1186; x_wconf 93' lang='lat' dir='ltr'>nou</span> <span class='ocrx_word' id='word_1_70' title='bbox 1091 1127 1270 1193; x_wconf 79' lang='lat' dir='ltr'>deferuntot.</span> 
     </span>
     <span class='ocr_line' id='line_1_8' title="bbox 87 1226 808 1307; baseline 0.006 -21"><span class='ocrx_word' id='word_1_71' title='bbox 87 1226 162 1289; x_wconf 88' lang='lat' dir='ltr'>Haec</span> <span class='ocrx_word' id='word_1_72' title='bbox 185 1230 365 1292; x_wconf 78' lang='lat' dir='ltr'>Bernartius,</span> <span class='ocrx_word' id='word_1_73' title='bbox 804 1299 808 1307; x_wconf 44' lang='lat'>‚</span> 
     </span>
    </p>

    <p class='ocr_par' dir='ltr' id='par_1_3' title="bbox 183 1325 1273 1403">
     <span class='ocr_line' id='line_1_9' title="bbox 183 1325 1273 1403; baseline 0.002 -17"><span class='ocrx_word' id='word_1_74' title='bbox 183 1332 231 1387; x_wconf 87' lang='lat' dir='ltr'>l&#39;l.</span> <span class='ocrx_word' id='word_1_75' title='bbox 257 1327 416 1403; x_wconf 82' lang='lat' dir='ltr'>„Potestas</span> <span class='ocrx_word' id='word_1_76' title='bbox 424 1345 523 1402; x_wconf 81' lang='lat' dir='ltr'>papae</span> <span class='ocrx_word' id='word_1_77' title='bbox 533 1345 594 1387; x_wconf 81' lang='lat' dir='ltr'>oon</span> <span class='ocrx_word' id='word_1_78' title='bbox 607 1325 753 1386; x_wconf 81' lang='lat' dir='ltr'>imitantis</span> <span class='ocrx_word' id='word_1_79' title='bbox 763 1328 852 1385; x_wconf 83' lang='lat' dir='ltr'>vitam</span> <span class='ocrx_word' id='word_1_80' title='bbox 867 1326 978 1386; x_wconf 74' lang='lat' dir='ltr'>Christi</span> <span class='ocrx_word' id='word_1_81' title='bbox 988 1345 1049 1386; x_wconf 82' lang='lat' dir='ltr'>non</span> <span class='ocrx_word' id='word_1_82' title='bbox 1060 1331 1102 1386; x_wconf 81' lang='lat' dir='ltr'>eat</span> <span class='ocrx_word' id='word_1_83' title='bbox 1112 1326 1273 1392; x_wconf 84' lang='lat' dir='ltr'>timendu.“</span> 
     </span>
    </p>

    <p class='ocr_par' dir='ltr' id='par_1_4' title="bbox 67 1427 1277 2002">
     <span class='ocr_line' id='line_1_10' title="bbox 177 1427 1275 1502; baseline 0 -13"><span class='ocrx_word' id='word_1_84' title='bbox 177 1432 241 1489; x_wconf 82' lang='lat' dir='ltr'>Ista</span> <span class='ocrx_word' id='word_1_85' title='bbox 261 1430 425 1502; x_wconf 82' lang='lat' dir='ltr'>propositio</span> <span class='ocrx_word' id='word_1_86' title='bbox 447 1447 505 1487; x_wconf 92' lang='lat' dir='ltr'>non</span> <span class='ocrx_word' id='word_1_87' title='bbox 519 1436 566 1488; x_wconf 89' lang='lat' dir='ltr'>est</span> <span class='ocrx_word' id='word_1_88' title='bbox 587 1429 697 1500; x_wconf 87' lang='lat' dir='ltr'>scripta</span> <span class='ocrx_word' id='word_1_89' title='bbox 717 1429 746 1485; x_wconf 90' lang='lat' dir='ltr'>in</span> <span class='ocrx_word' id='word_1_90' title='bbox 768 1427 878 1499; x_wconf 88' lang='lat' dir='ltr'>libello,</span> <span class='ocrx_word' id='word_1_91' title='bbox 900 1428 953 1486; x_wconf 87' lang='lat' dir='ltr'>sed</span> <span class='ocrx_word' id='word_1_92' title='bbox 974 1429 1033 1486; x_wconf 89' lang='lat' dir='ltr'>ista</span> <span class='ocrx_word' id='word_1_93' title='bbox 1054 1431 1201 1488; x_wconf 86' lang='lat' dir='ltr'>contraria</span> <span class='ocrx_word' id='word_1_94' title='bbox 1215 1431 1275 1490; x_wconf 88' lang='lat' dir='ltr'>illi:</span> 
     </span>
     <span class='ocr_line' id='line_1_11' title="bbox 81 1527 1277 1603; baseline 0.005 -19"><span class='ocrx_word' id='word_1_95' title='bbox 81 1527 229 1590; x_wconf 77' lang='lat' dir='ltr'>l&#39;irtnosis</span> <span class='ocrx_word' id='word_1_96' title='bbox 244 1531 423 1603; x_wconf 89' lang='lat' dir='ltr'>praepositis</span> <span class='ocrx_word' id='word_1_97' title='bbox 445 1532 502 1588; x_wconf 90' lang='lat' dir='ltr'>imo</span> <span class='ocrx_word' id='word_1_98' title='bbox 525 1536 555 1587; x_wconf 92' lang='lat' dir='ltr'>et</span> <span class='ocrx_word' id='word_1_99' title='bbox 576 1528 706 1602; x_wconf 73' lang='lat' dir='ltr'>dyscolis</span> <span class='ocrx_word' id='word_1_100' title='bbox 727 1533 863 1586; x_wconf 86' lang='lat' dir='ltr'>tenentur</span> <span class='ocrx_word' id='word_1_101' title='bbox 884 1528 1005 1587; x_wconf 91' lang='lat' dir='ltr'>obedire</span> <span class='ocrx_word' id='word_1_102' title='bbox 1021 1529 1129 1588; x_wconf 89' lang='lat' dir='ltr'>subditi</span> <span class='ocrx_word' id='word_1_103' title='bbox 1143 1531 1277 1589; x_wconf 89' lang='lat' dir='ltr'>volenter</span> 
     </span>
     <span class='ocr_line' id='line_1_12' title="bbox 75 1627 1276 1704; baseline 0.002 -19"><span class='ocrx_word' id='word_1_104' title='bbox 75 1637 111 1689; x_wconf 89' lang='lat' dir='ltr'>et</span> <span class='ocrx_word' id='word_1_105' title='bbox 131 1633 305 1704; x_wconf 78' lang='lat' dir='ltr'>gaudenter.</span> <span class='ocrx_word' id='word_1_106' title='bbox 349 1630 596 1703; x_wconf 82' lang='lat' dir='ltr'>capitulox1X⁰</span> <span class='ocrx_word' id='word_1_107' title='bbox 625 1627 696 1686; x_wconf 84' lang='lat' dir='ltr'>folio</span> <span class='ocrx_word' id='word_1_108' title='bbox 720 1627 762 1685; x_wconf 88' lang='lat'>3⁰.</span> <span class='ocrx_word' id='word_1_109' title='bbox 808 1629 912 1685; x_wconf 90' lang='lat' dir='ltr'>Vcrnm</span> <span class='ocrx_word' id='word_1_110' title='bbox 942 1634 1038 1686; x_wconf 85' lang='lat' dir='ltr'>tamon</span> <span class='ocrx_word' id='word_1_111' title='bbox 1060 1637 1117 1687; x_wconf 91' lang='lat' dir='ltr'>est:</span> <span class='ocrx_word' id='word_1_112' title='bbox 1146 1629 1178 1688; x_wconf 91' lang='lat' dir='ltr'>Si</span> <span class='ocrx_word' id='word_1_113' title='bbox 1199 1647 1276 1702; x_wconf 89' lang='lat' dir='ltr'>papa</span> 
     </span>
     <span class='ocr_line' id='line_1_13' title="bbox 72 1729 1276 1803; baseline 0.003 -18"><span class='ocrx_word' id='word_1_114' title='bbox 72 1730 255 1789; x_wconf 82' lang='lat' dir='ltr'>abuteretur</span> <span class='ocrx_word' id='word_1_115' title='bbox 285 1738 448 1803; x_wconf 84' lang='lat' dir='ltr'>potestate,</span> <span class='ocrx_word' id='word_1_116' title='bbox 480 1737 549 1789; x_wconf 89' lang='lat' dir='ltr'>tunc</span> <span class='ocrx_word' id='word_1_117' title='bbox 582 1729 649 1787; x_wconf 87' lang='lat' dir='ltr'>talis</span> <span class='ocrx_word' id='word_1_118' title='bbox 682 1729 785 1786; x_wconf 84' lang='lat' dir='ltr'>abusio</span> <span class='ocrx_word' id='word_1_119' title='bbox 820 1729 881 1786; x_wconf 84' lang='lat' dir='ltr'>sive</span> <span class='ocrx_word' id='word_1_120' title='bbox 917 1729 1085 1799; x_wconf 86' lang='lat' dir='ltr'>praetensio</span> <span class='ocrx_word' id='word_1_121' title='bbox 1119 1731 1276 1800; x_wconf 88' lang='lat' dir='ltr'>potestatis</span> 
     </span>
     <span class='ocr_line' id='line_1_14' title="bbox 68 1828 1274 1890; baseline 0.002 -4"><span class='ocrx_word' id='word_1_122' title='bbox 68 1831 193 1890; x_wconf 80' lang='lat' dir='ltr'>abusae</span> <span class='ocrx_word' id='word_1_123' title='bbox 223 1847 282 1889; x_wconf 93' lang='lat' dir='ltr'>non</span> <span class='ocrx_word' id='word_1_124' title='bbox 312 1838 393 1889; x_wconf 88' lang='lat' dir='ltr'>esset</span> <span class='ocrx_word' id='word_1_125' title='bbox 420 1830 549 1889; x_wconf 86' lang='lat' dir='ltr'>timenda</span> <span class='ocrx_word' id='word_1_126' title='bbox 575 1829 728 1888; x_wconf 76' lang='lat' dir='ltr'>serviliter.</span> <span class='ocrx_word' id='word_1_127' title='bbox 772 1829 812 1886; x_wconf 87' lang='lat' dir='ltr'>Et</span> <span class='ocrx_word' id='word_1_128' title='bbox 833 1828 875 1885; x_wconf 88' lang='lat' dir='ltr'>sic</span> <span class='ocrx_word' id='word_1_129' title='bbox 897 1828 1006 1886; x_wconf 93' lang='lat' dir='ltr'>domini</span> <span class='ocrx_word' id='word_1_130' title='bbox 1028 1829 1192 1887; x_wconf 81' lang='lat' dir='ltr'>cardinales</span> <span class='ocrx_word' id='word_1_131' title='bbox 1214 1845 1274 1889; x_wconf 88' lang='lat' dir='ltr'>non</span> 
     </span>
     <span class='ocr_line' id='line_1_15' title="bbox 67 1929 1276 2002; baseline 0.002 -16"><span class='ocrx_word' id='word_1_132' title='bbox 67 1933 252 2001; x_wconf 70' lang='lat' dir='ltr'>timuerunt,</span> <span class='ocrx_word' id='word_1_133' title='bbox 267 1938 298 1990; x_wconf 90' lang='lat' dir='ltr'>nt</span> <span class='ocrx_word' id='word_1_134' title='bbox 312 1932 443 1999; x_wconf 90' lang='lat' dir='ltr'>aestimo,</span> <span class='ocrx_word' id='word_1_135' title='bbox 459 1937 634 2002; x_wconf 85' lang='lat' dir='ltr'>potestatem</span> <span class='ocrx_word' id='word_1_136' title='bbox 652 1929 788 2001; x_wconf 78' lang='lat' dir='ltr'>Gregorii</span> <span class='ocrx_word' id='word_1_137' title='bbox 804 1929 861 1986; x_wconf 87' lang='lat' dir='ltr'>XII</span> <span class='ocrx_word' id='word_1_138' title='bbox 876 1935 943 1986; x_wconf 89' lang='lat' dir='ltr'>aute</span> <span class='ocrx_word' id='word_1_139' title='bbox 959 1945 1039 1987; x_wconf 88' lang='lat' dir='ltr'>suum</span> <span class='ocrx_word' id='word_1_140' title='bbox 1055 1929 1276 2001; x_wconf 85' lang='lat' dir='ltr'>depositionem,</span> 
     </span>
    </p>

    <p class='ocr_par' dir='ltr' id='par_1_5' title="bbox 59 2029 1275 2202">
     <span class='ocr_line' id='line_1_16' title="bbox 59 2029 1275 2102; baseline 0.005 -17"><span class='ocrx_word' id='word_1_141' title='bbox 59 2044 142 2089; x_wconf 88' lang='lat' dir='ltr'>cunr</span> <span class='ocrx_word' id='word_1_142' title='bbox 160 2030 219 2091; x_wconf 91' lang='lat' dir='ltr'>sibi</span> <span class='ocrx_word' id='word_1_143' title='bbox 232 2032 355 2089; x_wconf 85' lang='lat' dir='ltr'>realiter</span> <span class='ocrx_word' id='word_1_144' title='bbox 369 2031 547 2100; x_wconf 79' lang='lat' dir='ltr'>restiterunt</span> <span class='ocrx_word' id='word_1_145' title='bbox 563 2030 703 2099; x_wconf 84' lang='lat' dir='ltr'>dicentes,</span> <span class='ocrx_word' id='word_1_146' title='bbox 719 2029 787 2102; x_wconf 89' lang='lat' dir='ltr'>quia</span> <span class='ocrx_word' id='word_1_147' title='bbox 798 2034 900 2087; x_wconf 89' lang='lat' dir='ltr'>contra</span> <span class='ocrx_word' id='word_1_148' title='bbox 911 2031 1110 2101; x_wconf 87' lang='lat' dir='ltr'>juramentum</span> <span class='ocrx_word' id='word_1_149' title='bbox 1125 2032 1275 2102; x_wconf 90' lang='lat' dir='ltr'>proprium</span> 
     </span>
     <span class='ocr_line' id='line_1_17' title="bbox 60 2128 391 2202; baseline 0.009 -16"><span class='ocrx_word' id='word_1_150' title='bbox 60 2132 213 2190; x_wconf 85' lang='lat' dir='ltr'>abutitur</span> <span class='ocrx_word' id='word_1_151' title='bbox 234 2128 391 2202; x_wconf 82' lang='lat' dir='ltr'>potestate.</span> 
     </span>
    </p>

    <p class='ocr_par' dir='ltr' id='par_1_6' title="bbox 53 2226 1278 3188">
     <span class='ocr_line' id='line_1_18' title="bbox 187 2226 1278 2303; baseline 0.003 -16"><span class='ocrx_word' id='word_1_152' title='bbox 187 2232 235 2292; x_wconf 81' lang='lat'>18.</span> <span class='ocrx_word' id='word_1_153' title='bbox 260 2229 552 2303; x_wconf 78' lang='lat' dir='ltr'>„Dipnituspopulis</span> <span class='ocrx_word' id='word_1_154' title='bbox 570 2245 590 2286; x_wconf 86' lang='lat' dir='ltr'>u</span> <span class='ocrx_word' id='word_1_155' title='bbox 607 2226 734 2289; x_wconf 83' lang='lat' dir='ltr'>Caesare</span> <span class='ocrx_word' id='word_1_156' title='bbox 755 2229 789 2285; x_wconf 80' lang='lat' dir='ltr'>in</span> <span class='ocrx_word' id='word_1_157' title='bbox 802 2227 948 2287; x_wconf 84' lang='lat' dir='ltr'>Romanis</span> <span class='ocrx_word' id='word_1_158' title='bbox 967 2227 1052 2286; x_wconf 82' lang='lat' dir='ltr'>babet</span> <span class='ocrx_word' id='word_1_159' title='bbox 1073 2231 1193 2287; x_wconf 70' lang='lat' dir='ltr'>omurn.“</span> <span class='ocrx_word' id='word_1_160' title='bbox 1216 2232 1278 2290; x_wconf 86' lang='lat' dir='ltr'>Ista</span> 
     </span>
     <span class='ocr_line' id='line_1_19' title="bbox 60 2327 1276 2403; baseline -0.001 -14"><span class='ocrx_word' id='word_1_161' title='bbox 60 2329 251 2403; x_wconf 79' lang='lat' dir='ltr'>propositio</span> <span class='ocrx_word' id='word_1_162' title='bbox 280 2344 338 2386; x_wconf 93' lang='lat' dir='ltr'>non</span> <span class='ocrx_word' id='word_1_163' title='bbox 367 2328 485 2400; x_wconf 92' lang='lat' dir='ltr'>ponitur</span> <span class='ocrx_word' id='word_1_164' title='bbox 514 2327 542 2384; x_wconf 93' lang='lat' dir='ltr'>iu</span> <span class='ocrx_word' id='word_1_165' title='bbox 564 2327 685 2385; x_wconf 90' lang='lat' dir='ltr'>libello:</span> <span class='ocrx_word' id='word_1_166' title='bbox 711 2343 810 2385; x_wconf 88' lang='lat' dir='ltr'>verum</span> <span class='ocrx_word' id='word_1_167' title='bbox 837 2333 933 2384; x_wconf 87' lang='lat' dir='ltr'>tamen</span> <span class='ocrx_word' id='word_1_168' title='bbox 968 2332 1024 2399; x_wconf 85' lang='lat' dir='ltr'>ast,</span> <span class='ocrx_word' id='word_1_169' title='bbox 1050 2328 1128 2399; x_wconf 87' lang='lat' dir='ltr'>qnod</span> <span class='ocrx_word' id='word_1_170' title='bbox 1149 2329 1276 2402; x_wconf 85' lang='lat' dir='ltr'>dignitas</span> 
     </span>
     <span class='ocr_line' id='line_1_20' title="bbox 54 2427 1277 2503; baseline -0.002 -13"><span class='ocrx_word' id='word_1_171' title='bbox 54 2431 199 2503; x_wconf 82' lang='lat' dir='ltr'>papalis</span> <span class='ocrx_word' id='word_1_172' title='bbox 216 2429 313 2502; x_wconf 85' lang='lat' dir='ltr'>quoad</span> <span class='ocrx_word' id='word_1_173' title='bbox 326 2427 488 2500; x_wconf 89' lang='lat' dir='ltr'>temporale</span> <span class='ocrx_word' id='word_1_174' title='bbox 505 2427 663 2486; x_wconf 90' lang='lat' dir='ltr'>dominium</span> <span class='ocrx_word' id='word_1_175' title='bbox 685 2432 715 2486; x_wconf 89' lang='lat' dir='ltr'>et</span> <span class='ocrx_word' id='word_1_176' title='bbox 736 2427 831 2500; x_wconf 88' lang='lat' dir='ltr'>quoad</span> <span class='ocrx_word' id='word_1_177' title='bbox 847 2433 980 2484; x_wconf 90' lang='lat' dir='ltr'>ornatum</span> <span class='ocrx_word' id='word_1_178' title='bbox 1002 2433 1032 2484; x_wconf 91' lang='lat' dir='ltr'>et</span> <span class='ocrx_word' id='word_1_179' title='bbox 1052 2428 1147 2498; x_wconf 84' lang='lat' dir='ltr'>quoad</span> <span class='ocrx_word' id='word_1_180' title='bbox 1170 2446 1277 2501; x_wconf 93' lang='lat' dir='ltr'>supra-</span> 
     </span>
     <span class='ocr_line' id='line_1_21' title="bbox 55 2525 1275 2600; baseline -0.001 -11"><span class='ocrx_word' id='word_1_181' title='bbox 55 2531 262 2599; x_wconf 79' lang='lat' dir='ltr'>positionem</span> <span class='ocrx_word' id='word_1_182' title='bbox 284 2528 406 2586; x_wconf 90' lang='lat' dir='ltr'>aliorum</span> <span class='ocrx_word' id='word_1_183' title='bbox 429 2529 633 2600; x_wconf 88' lang='lat' dir='ltr'>episcoporum</span> <span class='ocrx_word' id='word_1_184' title='bbox 649 2535 677 2585; x_wconf 92' lang='lat' dir='ltr'>et</span> <span class='ocrx_word' id='word_1_185' title='bbox 694 2526 788 2599; x_wconf 88' lang='lat' dir='ltr'>quoad</span> <span class='ocrx_word' id='word_1_186' title='bbox 804 2525 1016 2599; x_wconf 87' lang='lat' dir='ltr'>subjectionem</span> <span class='ocrx_word' id='word_1_187' title='bbox 1038 2527 1159 2584; x_wconf 88' lang='lat' dir='ltr'>aliarum</span> <span class='ocrx_word' id='word_1_188' title='bbox 1181 2530 1275 2588; x_wconf 86' lang='lat' dir='ltr'>ccele-</span> 
     </span>
     <span class='ocr_line' id='line_1_22' title="bbox 55 2617 1275 2700; baseline 0.002 -15"><span class='ocrx_word' id='word_1_189' title='bbox 55 2631 192 2689; x_wconf 79' lang='lat' dir='ltr'>siurnm</span> <span class='ocrx_word' id='word_1_190' title='bbox 214 2629 303 2688; x_wconf 88' lang='lat' dir='ltr'>habet</span> <span class='ocrx_word' id='word_1_191' title='bbox 324 2636 418 2687; x_wconf 90' lang='lat' dir='ltr'>ortum</span> <span class='ocrx_word' id='word_1_192' title='bbox 440 2644 477 2686; x_wconf 84' lang='lat' dir='ltr'>cx</span> <span class='ocrx_word' id='word_1_193' title='bbox 498 2628 652 2699; x_wconf 88' lang='lat' dir='ltr'>privilegio</span> <span class='ocrx_word' id='word_1_194' title='bbox 674 2627 861 2698; x_wconf 88' lang='lat' dir='ltr'>imperaturis</span> <span class='ocrx_word' id='word_1_195' title='bbox 874 2617 1066 2696; x_wconf 84' lang='lat' dir='ltr'>constantini,</span> <span class='ocrx_word' id='word_1_196' title='bbox 1087 2635 1120 2686; x_wconf 91' lang='lat' dir='ltr'>nt</span> <span class='ocrx_word' id='word_1_197' title='bbox 1141 2634 1222 2700; x_wconf 91' lang='lat' dir='ltr'>patet</span> <span class='ocrx_word' id='word_1_198' title='bbox 1237 2632 1275 2688; x_wconf 79' lang='grc'>96</span> 
     </span>
     <span class='ocr_line' id='line_1_23' title="bbox 55 2727 1277 2798; baseline -0.002 -8"><span class='ocrx_word' id='word_1_199' title='bbox 55 2729 272 2789; x_wconf 83' lang='lat' dir='ltr'>distinctione</span> <span class='ocrx_word' id='word_1_200' title='bbox 296 2727 504 2787; x_wconf 83' lang='lat' dir='ltr'>Constantinus</span> <span class='ocrx_word' id='word_1_201' title='bbox 537 2734 656 2798; x_wconf 89' lang='lat' dir='ltr'>etpost</span> <span class='ocrx_word' id='word_1_202' title='bbox 677 2728 797 2786; x_wconf 86' lang='lat' dir='ltr'>aFoea</span> <span class='ocrx_word' id='word_1_203' title='bbox 824 2728 1013 2798; x_wconf 88' lang='lat' dir='ltr'>imperatore.</span> <span class='ocrx_word' id='word_1_204' title='bbox 1057 2727 1169 2786; x_wconf 87' lang='lat' dir='ltr'>Nicenu</span> <span class='ocrx_word' id='word_1_205' title='bbox 1200 2731 1277 2788; x_wconf 91' lang='lat' dir='ltr'>enim</span> 
     </span>
     <span class='ocr_line' id='line_1_24' title="bbox 54 2825 1276 2904; baseline 0.001 -18"><span class='ocrx_word' id='word_1_206' title='bbox 54 2830 214 2904; x_wconf 79' lang='lat' dir='ltr'>synodus</span> <span class='ocrx_word' id='word_1_207' title='bbox 234 2831 291 2889; x_wconf 88' lang='lat' dir='ltr'>hoe</span> <span class='ocrx_word' id='word_1_208' title='bbox 311 2829 435 2887; x_wconf 89' lang='lat' dir='ltr'>contulit</span> <span class='ocrx_word' id='word_1_209' title='bbox 455 2827 638 2900; x_wconf 84' lang='lat' dir='ltr'>privilegium</span> <span class='ocrx_word' id='word_1_210' title='bbox 660 2828 791 2886; x_wconf 87' lang='lat' dir='ltr'>Romano</span> <span class='ocrx_word' id='word_1_211' title='bbox 814 2825 956 2898; x_wconf 85' lang='lat' dir='ltr'>pontifici,</span> <span class='ocrx_word' id='word_1_212' title='bbox 979 2834 1011 2885; x_wconf 91' lang='lat' dir='ltr'>ut</span> <span class='ocrx_word' id='word_1_213' title='bbox 1032 2827 1109 2885; x_wconf 88' lang='lat' dir='ltr'>sicut</span> <span class='ocrx_word' id='word_1_214' title='bbox 1127 2829 1276 2901; x_wconf 83' lang='lat' dir='ltr'>Augustus</span> 
     </span>
     <span class='ocr_line' id='line_1_25' title="bbox 55 2926 1276 3002; baseline 0 -15"><span class='ocrx_word' id='word_1_215' title='bbox 55 2940 156 2997; x_wconf 79' lang='lat' dir='ltr'>prae</span> <span class='ocrx_word' id='word_1_216' title='bbox 185 2932 291 2990; x_wconf 86' lang='lat' dir='ltr'>ceteris</span> <span class='ocrx_word' id='word_1_217' title='bbox 319 2929 448 3002; x_wconf 88' lang='lat' dir='ltr'>regibus,</span> <span class='ocrx_word' id='word_1_218' title='bbox 476 2929 518 2986; x_wconf 88' lang='lat' dir='ltr'>itu</span> <span class='ocrx_word' id='word_1_219' title='bbox 546 2927 695 2985; x_wconf 86' lang='lat' dir='ltr'>Romanus</span> <span class='ocrx_word' id='word_1_220' title='bbox 728 2926 860 2998; x_wconf 84' lang='lat' dir='ltr'>pontifex</span> <span class='ocrx_word' id='word_1_221' title='bbox 889 2942 961 2997; x_wconf 84' lang='lat' dir='ltr'>prae</span> <span class='ocrx_word' id='word_1_222' title='bbox 988 2928 1096 2986; x_wconf 89' lang='lat' dir='ltr'>ceteris</span> <span class='ocrx_word' id='word_1_223' title='bbox 1128 2930 1276 3000; x_wconf 89' lang='lat' dir='ltr'>episeopis</span> 
     </span>
     <span class='ocr_line' id='line_1_26' title="bbox 53 3025 1277 3100; baseline 0.004 -18"><span class='ocrx_word' id='word_1_224' title='bbox 53 3031 163 3088; x_wconf 75' lang='lat' dir='ltr'>velut</span> <span class='ocrx_word' id='word_1_225' title='bbox 189 3027 360 3100; x_wconf 89' lang='lat' dir='ltr'>principalis</span> <span class='ocrx_word' id='word_1_226' title='bbox 382 3035 544 3088; x_wconf 85' lang='lat' dir='ltr'>vocaretur.</span> <span class='ocrx_word' id='word_1_227' title='bbox 574 3027 635 3085; x_wconf 89' lang='lat' dir='ltr'>Isto</span> <span class='ocrx_word' id='word_1_228' title='bbox 657 3032 754 3085; x_wconf 86' lang='lat' dir='ltr'>tannen</span> <span class='ocrx_word' id='word_1_229' title='bbox 777 3043 835 3084; x_wconf 92' lang='lat' dir='ltr'>non</span> <span class='ocrx_word' id='word_1_230' title='bbox 858 3025 993 3084; x_wconf 89' lang='lat' dir='ltr'>obstante</span> <span class='ocrx_word' id='word_1_231' title='bbox 1015 3026 1140 3099; x_wconf 88' lang='lat' dir='ltr'>dignitus</span> <span class='ocrx_word' id='word_1_232' title='bbox 1162 3030 1277 3100; x_wconf 87' lang='lat' dir='ltr'>papalis</span> 
     </span>
     <span class='ocr_line' id='line_1_27' title="bbox 57 3111 890 3188; baseline -0.007 1"><span class='ocrx_word' id='word_1_233' title='bbox 57 3121 174 3188; x_wconf 81' lang='lat' dir='ltr'>habet</span> <span class='ocrx_word' id='word_1_234' title='bbox 195 3135 290 3186; x_wconf 91' lang='lat' dir='ltr'>ortum</span> <span class='ocrx_word' id='word_1_235' title='bbox 311 3128 470 3186; x_wconf 90' lang='lat' dir='ltr'>inmediate</span> <span class='ocrx_word' id='word_1_236' title='bbox 493 3144 511 3184; x_wconf 91' lang='lat' dir='ltr'>a</span> <span class='ocrx_word' id='word_1_237' title='bbox 533 3129 649 3186; x_wconf 90' lang='lat' dir='ltr'>domiuo</span> <span class='ocrx_word' id='word_1_238' title='bbox 671 3127 744 3185; x_wconf 90' lang='lat' dir='ltr'>Jesn</span> <span class='ocrx_word' id='word_1_239' title='bbox 766 3111 890 3184; x_wconf 74' lang='lat' dir='ltr'>Christo.</span> 
     </span>
    </p>

    <p class='ocr_par' dir='ltr' id='par_1_7' title="bbox 45 3225 1278 3500">
     <span class='ocr_line' id='line_1_28' title="bbox 185 3225 1278 3301; baseline 0.002 -15"><span class='ocrx_word' id='word_1_240' title='bbox 185 3230 233 3286; x_wconf 81' lang='lat'>19.</span> <span class='ocrx_word' id='word_1_241' title='bbox 259 3227 323 3301; x_wconf 78' lang='lat' dir='ltr'>„De</span> <span class='ocrx_word' id='word_1_242' title='bbox 337 3228 420 3285; x_wconf 79' lang='lat' dir='ltr'>nullo</span> <span class='ocrx_word' id='word_1_243' title='bbox 436 3228 516 3286; x_wconf 82' lang='lat' dir='ltr'>debet</span> <span class='ocrx_word' id='word_1_244' title='bbox 530 3227 656 3295; x_wconf 82' lang='lat' dir='ltr'>concedi,</span> <span class='ocrx_word' id='word_1_245' title='bbox 670 3226 748 3299; x_wconf 78' lang='lat' dir='ltr'>quod</span> <span class='ocrx_word' id='word_1_246' title='bbox 761 3227 800 3283; x_wconf 81' lang='lat' dir='ltr'>sit</span> <span class='ocrx_word' id='word_1_247' title='bbox 815 3225 980 3283; x_wconf 81' lang='lat' dir='ltr'>cardinatis</span> <span class='ocrx_word' id='word_1_248' title='bbox 994 3227 1125 3296; x_wconf 64' lang='lat' dir='ltr'>altanus</span> <span class='ocrx_word' id='word_1_249' title='bbox 1139 3228 1278 3289; x_wconf 81' lang='lat' dir='ltr'>ecclcsiae</span> 
     </span>
     <span class='ocr_line' id='line_1_29' title="bbox 45 3324 1277 3401; baseline 0.002 -15"><span class='ocrx_word' id='word_1_250' title='bbox 45 3329 277 3395; x_wconf 66' lang='lat' dir='ltr'>particularis</span> <span class='ocrx_word' id='word_1_251' title='bbox 301 3329 347 3385; x_wconf 83' lang='lat' dir='ltr'>vel</span> <span class='ocrx_word' id='word_1_252' title='bbox 367 3329 554 3396; x_wconf 80' lang='lat' dir='ltr'>aniversalis,</span> <span class='ocrx_word' id='word_1_253' title='bbox 585 3328 646 3386; x_wconf 82' lang='lat' dir='ltr'>nisi</span> <span class='ocrx_word' id='word_1_254' title='bbox 666 3329 699 3385; x_wconf 77' lang='lat' dir='ltr'>in</span> <span class='ocrx_word' id='word_1_255' title='bbox 720 3327 782 3384; x_wconf 77' lang='lat' dir='ltr'>trita</span> <span class='ocrx_word' id='word_1_256' title='bbox 815 3324 928 3385; x_wconf 71' lang='lat' dir='ltr'>Christo</span> <span class='ocrx_word' id='word_1_257' title='bbox 950 3330 977 3385; x_wconf 85' lang='lat' dir='ltr'>ct</span> <span class='ocrx_word' id='word_1_258' title='bbox 999 3328 1141 3398; x_wconf 77' lang='lat' dir='ltr'>apostolis</span> <span class='ocrx_word' id='word_1_259' title='bbox 1161 3331 1277 3401; x_wconf 70' lang='lat' dir='ltr'>consor·</span> 
     </span>
     <span class='ocr_line' id='line_1_30' title="bbox 63 3426 831 3500; baseline -0.003 -13"><span class='ocrx_word' id='word_1_260' title='bbox 63 3432 207 3492; x_wconf 56' lang='lat' dir='ltr'>urdorf</span> <span class='ocrx_word' id='word_1_261' title='bbox 249 3429 312 3488; x_wconf 87' lang='lat' dir='ltr'>Ista</span> <span class='ocrx_word' id='word_1_262' title='bbox 333 3429 496 3500; x_wconf 90' lang='lat' dir='ltr'>propositio</span> <span class='ocrx_word' id='word_1_263' title='bbox 519 3445 578 3486; x_wconf 91' lang='lat' dir='ltr'>non</span> <span class='ocrx_word' id='word_1_264' title='bbox 601 3434 647 3487; x_wconf 91' lang='lat' dir='ltr'>ost</span> <span class='ocrx_word' id='word_1_265' title='bbox 667 3428 698 3486; x_wconf 90' lang='lat' dir='ltr'>in</span> <span class='ocrx_word' id='word_1_266' title='bbox 720 3426 831 3485; x_wconf 89' lang='lat' dir='ltr'>libello.</span> 
     </span>
    </p>

    <p class='ocr_par' dir='ltr' id='par_1_8' title="bbox 64 3526 1280 3700">
     <span class='ocr_line' id='line_1_31' title="bbox 184 3526 1278 3606; baseline 0.001 -19"><span class='ocrx_word' id='word_1_267' title='bbox 184 3532 233 3592; x_wconf 79' lang='lat'>20.</span> <span class='ocrx_word' id='word_1_268' title='bbox 259 3529 364 3606; x_wconf 84' lang='lat' dir='ltr'>„Papa</span> <span class='ocrx_word' id='word_1_269' title='bbox 384 3531 463 3585; x_wconf 80' lang='lat' dir='ltr'>vitae</span> <span class='ocrx_word' id='word_1_270' title='bbox 484 3528 561 3587; x_wconf 84' lang='lat' dir='ltr'>beuti</span> <span class='ocrx_word' id='word_1_271' title='bbox 582 3526 672 3587; x_wconf 80' lang='lat' dir='ltr'>Petri</span> <span class='ocrx_word' id='word_1_272' title='bbox 691 3544 754 3586; x_wconf 83' lang='lat' dir='ltr'>non</span> <span class='ocrx_word' id='word_1_273' title='bbox 768 3527 934 3600; x_wconf 76' lang='lat' dir='ltr'>conformia,</span> <span class='ocrx_word' id='word_1_274' title='bbox 956 3544 1016 3586; x_wconf 77' lang='lat' dir='ltr'>nort</span> <span class='ocrx_word' id='word_1_275' title='bbox 1031 3527 1112 3588; x_wconf 83' lang='lat' dir='ltr'>debet</span> <span class='ocrx_word' id='word_1_276' title='bbox 1123 3529 1184 3587; x_wconf 81' lang='lat' dir='ltr'>dici</span> <span class='ocrx_word' id='word_1_277' title='bbox 1192 3544 1278 3602; x_wconf 83' lang='lat' dir='ltr'>popo</span> 
     </span>
     <span class='ocr_line' id='line_1_32' title="bbox 64 3627 1280 3700; baseline 0.007 -18"><span class='ocrx_word' id='word_1_278' title='bbox 64 3630 130 3690; x_wconf 67' lang='lat' dir='ltr'>vel</span> <span class='ocrx_word' id='word_1_279' title='bbox 148 3629 281 3688; x_wconf 65' lang='lat' dir='ltr'>marias</span> <span class='ocrx_word' id='word_1_280' title='bbox 300 3627 394 3699; x_wconf 86' lang='lat' dir='ltr'>Petri,</span> <span class='ocrx_word' id='word_1_281' title='bbox 422 3627 474 3686; x_wconf 81' lang='lat' dir='ltr'>sed</span> <span class='ocrx_word' id='word_1_282' title='bbox 488 3629 593 3700; x_wconf 70' lang='lat' dir='ltr'>potius</span> <span class='ocrx_word' id='word_1_283' title='bbox 613 3627 817 3687; x_wconf 76' lang='lat' dir='ltr'>Anticbrmti.“</span> <span class='ocrx_word' id='word_1_284' title='bbox 860 3628 924 3687; x_wconf 84' lang='lat' dir='ltr'>Ista</span> <span class='ocrx_word' id='word_1_285' title='bbox 951 3630 1116 3700; x_wconf 89' lang='lat' dir='ltr'>propositio</span> <span class='ocrx_word' id='word_1_286' title='bbox 1144 3646 1201 3688; x_wconf 95' lang='lat' dir='ltr'>non</span> <span class='ocrx_word' id='word_1_287' title='bbox 1233 3636 1280 3690; x_wconf 89' lang='lat' dir='ltr'>est</span> 
     </span>
    </p>

    <p class='ocr_par' dir='ltr' id='par_1_9' title="bbox 76 3727 252 3791">
     <span class='ocr_line' id='line_1_33' title="bbox 76 3727 252 3791; baseline 0.006 -1"><span class='ocrx_word' id='word_1_288' title='bbox 76 3727 119 3790; x_wconf 88' lang='lat' dir='ltr'>in</span> <span class='ocrx_word' id='word_1_289' title='bbox 140 3729 252 3791; x_wconf 90' lang='lat' dir='ltr'>libello.</span> 
     </span>
    </p>

    <p class='ocr_par' dir='ltr' id='par_1_10' title="bbox 79 3827 1279 4599">
     <span class='ocr_line' id='line_1_34' title="bbox 185 3827 1277 3903; baseline 0.003 -17"><span class='ocrx_word' id='word_1_290' title='bbox 185 3830 234 3891; x_wconf 80' lang='lat'>21.</span> <span class='ocrx_word' id='word_1_291' title='bbox 260 3827 367 3903; x_wconf 82' lang='lat' dir='ltr'>„Papa</span> <span class='ocrx_word' id='word_1_292' title='bbox 386 3828 419 3890; x_wconf 85' lang='lat' dir='ltr'>in</span> <span class='ocrx_word' id='word_1_293' title='bbox 439 3829 502 3886; x_wconf 82' lang='lat' dir='ltr'>vita</span> <span class='ocrx_word' id='word_1_294' title='bbox 515 3828 661 3901; x_wconf 79' lang='lat' dir='ltr'>difformis</span> <span class='ocrx_word' id='word_1_295' title='bbox 680 3846 741 3887; x_wconf 82' lang='lat' dir='ltr'>noo</span> <span class='ocrx_word' id='word_1_296' title='bbox 756 3831 798 3886; x_wconf 85' lang='lat' dir='ltr'>est</span> <span class='ocrx_word' id='word_1_297' title='bbox 817 3844 905 3886; x_wconf 74' lang='lat' dir='ltr'>venos</span> <span class='ocrx_word' id='word_1_298' title='bbox 919 3829 1085 3900; x_wconf 74' lang='lat' dir='ltr'>praelatas,</span> <span class='ocrx_word' id='word_1_299' title='bbox 1106 3847 1159 3889; x_wconf 83' lang='lat' dir='ltr'>nee</span> <span class='ocrx_word' id='word_1_300' title='bbox 1179 3831 1277 3889; x_wconf 83' lang='lat' dir='ltr'>curdi-</span> 
     </span>
     <span class='ocr_line' id='line_1_35' title="bbox 80 3928 1278 4005; baseline 0.002 -17"><span class='ocrx_word' id='word_1_301' title='bbox 80 3930 172 3988; x_wconf 67' lang='grc' dir='ltr'>ποῖοι</span> <span class='ocrx_word' id='word_1_302' title='bbox 184 3931 254 3987; x_wconf 72' lang='lat' dir='ltr'>ment</span> <span class='ocrx_word' id='word_1_303' title='bbox 268 3929 466 4000; x_wconf 83' lang='lat' dir='ltr'>apostotorum</span> <span class='ocrx_word' id='word_1_304' title='bbox 479 3945 666 4005; x_wconf 60' lang='lat' dir='ltr'>mensores,</span> <span class='ocrx_word' id='word_1_305' title='bbox 688 3929 739 3987; x_wconf 84' lang='lat' dir='ltr'>aed</span> <span class='ocrx_word' id='word_1_306' title='bbox 752 3928 860 4004; x_wconf 81' lang='lat' dir='ltr'>Judue,</span> <span class='ocrx_word' id='word_1_307' title='bbox 879 3931 964 4001; x_wconf 69' lang='lat' dir='ltr'>sares</span> <span class='ocrx_word' id='word_1_308' title='bbox 984 3933 1011 3987; x_wconf 87' lang='lat' dir='ltr'>et</span> <span class='ocrx_word' id='word_1_309' title='bbox 1030 3928 1187 3989; x_wconf 80' lang='lat' dir='ltr'>latrones.“</span> <span class='ocrx_word' id='word_1_310' title='bbox 1211 3931 1278 3990; x_wconf 84' lang='lat' dir='ltr'>Nou</span> 
     </span>
     <span class='ocr_line' id='line_1_36' title="bbox 80 4026 1277 4102; baseline 0 -15"><span class='ocrx_word' id='word_1_311' title='bbox 80 4031 129 4088; x_wconf 82' lang='lat' dir='ltr'>sie</span> <span class='ocrx_word' id='word_1_312' title='bbox 150 4030 269 4102; x_wconf 88' lang='lat' dir='ltr'>punitur</span> <span class='ocrx_word' id='word_1_313' title='bbox 289 4030 318 4087; x_wconf 94' lang='lat' dir='ltr'>in</span> <span class='ocrx_word' id='word_1_314' title='bbox 341 4028 451 4097; x_wconf 85' lang='lat' dir='ltr'>libello,</span> <span class='ocrx_word' id='word_1_315' title='bbox 474 4030 527 4088; x_wconf 91' lang='lat' dir='ltr'>sed</span> <span class='ocrx_word' id='word_1_316' title='bbox 549 4030 592 4087; x_wconf 88' lang='lat' dir='ltr'>sie</span> <span class='ocrx_word' id='word_1_317' title='bbox 613 4031 742 4102; x_wconf 86' lang='lat' dir='ltr'>capitulo</span> <span class='ocrx_word' id='word_1_318' title='bbox 767 4033 805 4086; x_wconf 83' lang='lat'>14</span> <span class='ocrx_word' id='word_1_319' title='bbox 826 4029 897 4087; x_wconf 90' lang='lat' dir='ltr'>iulio</span> <span class='ocrx_word' id='word_1_320' title='bbox 920 4026 968 4090; x_wconf 85' lang='lat'>3⁰:</span> <span class='ocrx_word' id='word_1_321' title='bbox 992 4029 1023 4087; x_wconf 86' lang='lat' dir='ltr'>Si</span> <span class='ocrx_word' id='word_1_322' title='bbox 1038 4045 1115 4101; x_wconf 86' lang='lat' dir='ltr'>papa</span> <span class='ocrx_word' id='word_1_323' title='bbox 1130 4036 1176 4089; x_wconf 90' lang='lat' dir='ltr'>est</span> <span class='ocrx_word' id='word_1_324' title='bbox 1191 4030 1277 4087; x_wconf 91' lang='lat' dir='ltr'>homo</span> 
     </span>
     <span class='ocr_line' id='line_1_37' title="bbox 79 4124 1278 4201; baseline 0.003 -14"><span class='ocrx_word' id='word_1_325' title='bbox 79 4124 266 4200; x_wconf 79' lang='lat' dir='ltr'>humillimus,</span> <span class='ocrx_word' id='word_1_326' title='bbox 288 4129 450 4188; x_wconf 88' lang='lat' dir='ltr'>mundanos</span> <span class='ocrx_word' id='word_1_327' title='bbox 471 4128 599 4188; x_wconf 91' lang='lat' dir='ltr'>honores</span> <span class='ocrx_word' id='word_1_328' title='bbox 622 4137 652 4188; x_wconf 91' lang='lat' dir='ltr'>et</span> <span class='ocrx_word' id='word_1_329' title='bbox 672 4130 786 4189; x_wconf 88' lang='lat' dir='ltr'>luorum</span> <span class='ocrx_word' id='word_1_330' title='bbox 808 4129 899 4189; x_wconf 89' lang='lat' dir='ltr'>seculi</span> <span class='ocrx_word' id='word_1_331' title='bbox 920 4129 1152 4201; x_wconf 82' lang='lat' dir='ltr'>parvipendens,</span> <span class='ocrx_word' id='word_1_332' title='bbox 1184 4130 1209 4187; x_wconf 89' lang='lat' dir='ltr'>si</span> <span class='ocrx_word' id='word_1_333' title='bbox 1232 4137 1278 4190; x_wconf 87' lang='lat' dir='ltr'>est</span> 
     </span>
     <span class='ocr_line' id='line_1_38' title="bbox 80 4227 1278 4299; baseline 0.001 -13"><span class='ocrx_word' id='word_1_334' title='bbox 80 4236 186 4299; x_wconf 70' lang='lat' dir='ltr'>postor</span> <span class='ocrx_word' id='word_1_335' title='bbox 207 4228 326 4285; x_wconf 67' lang='lat' dir='ltr'>uehens</span> <span class='ocrx_word' id='word_1_336' title='bbox 357 4243 375 4285; x_wconf 86' lang='lat' dir='ltr'>u</span> <span class='ocrx_word' id='word_1_337' title='bbox 400 4233 487 4298; x_wconf 88' lang='lat' dir='ltr'>pastu</span> <span class='ocrx_word' id='word_1_338' title='bbox 513 4227 595 4285; x_wconf 87' lang='lat' dir='ltr'>verbi</span> <span class='ocrx_word' id='word_1_339' title='bbox 624 4227 672 4285; x_wconf 89' lang='lat' dir='ltr'>dei</span> <span class='ocrx_word' id='word_1_340' title='bbox 694 4243 808 4296; x_wconf 90' lang='lat' dir='ltr'>nornen,</span> <span class='ocrx_word' id='word_1_341' title='bbox 840 4227 877 4285; x_wconf 87' lang='lat' dir='ltr'>de</span> <span class='ocrx_word' id='word_1_342' title='bbox 900 4242 957 4299; x_wconf 86' lang='lat' dir='ltr'>quo</span> <span class='ocrx_word' id='word_1_343' title='bbox 985 4232 1070 4297; x_wconf 90' lang='lat' dir='ltr'>pastu</span> <span class='ocrx_word' id='word_1_344' title='bbox 1091 4227 1180 4286; x_wconf 89' lang='lat' dir='ltr'>Petro</span> <span class='ocrx_word' id='word_1_345' title='bbox 1204 4228 1278 4287; x_wconf 85' lang='lat' dir='ltr'>dixit</span> 
     </span>
     <span class='ocr_line' id='line_1_39' title="bbox 84 4324 1279 4406; baseline 0.003 -21"><span class='ocrx_word' id='word_1_346' title='bbox 84 4327 231 4386; x_wconf 88' lang='lat' dir='ltr'>domiuus:</span> <span class='ocrx_word' id='word_1_347' title='bbox 266 4327 360 4386; x_wconf 89' lang='lat' dir='ltr'>Pasce</span> <span class='ocrx_word' id='word_1_348' title='bbox 393 4342 462 4385; x_wconf 93' lang='lat' dir='ltr'>oves</span> <span class='ocrx_word' id='word_1_349' title='bbox 491 4343 571 4386; x_wconf 86' lang='lat' dir='ltr'>meas</span> <span class='ocrx_word' id='word_1_350' title='bbox 595 4327 692 4403; x_wconf 79' lang='lat' dir='ltr'>(ioan.</span> <span class='ocrx_word' id='word_1_351' title='bbox 721 4324 809 4406; x_wconf 77' lang='lat'>21⁰);</span> <span class='ocrx_word' id='word_1_352' title='bbox 838 4327 863 4386; x_wconf 90' lang='lat' dir='ltr'>si</span> <span class='ocrx_word' id='word_1_353' title='bbox 894 4328 990 4399; x_wconf 89' lang='lat' dir='ltr'>pascit</span> <span class='ocrx_word' id='word_1_354' title='bbox 1021 4342 1091 4385; x_wconf 86' lang='lat' dir='ltr'>oves</span> <span class='ocrx_word' id='word_1_355' title='bbox 1126 4328 1216 4386; x_wconf 84' lang='lat' dir='ltr'>verbo</span> <span class='ocrx_word' id='word_1_356' title='bbox 1246 4335 1279 4389; x_wconf 87' lang='lat' dir='ltr'>et</span> 
     </span>
     <span class='ocr_line' id='line_1_40' title="bbox 87 4425 1274 4500; baseline 0.008 -20"><span class='ocrx_word' id='word_1_357' title='bbox 87 4428 219 4486; x_wconf 70' lang='lat' dir='ltr'>uirtutem</span> <span class='ocrx_word' id='word_1_358' title='bbox 247 4425 390 4500; x_wconf 84' lang='lat' dir='ltr'>exemplo,</span> <span class='ocrx_word' id='word_1_359' title='bbox 423 4425 517 4486; x_wconf 84' lang='lat' dir='ltr'>iaetus</span> <span class='ocrx_word' id='word_1_360' title='bbox 544 4426 638 4485; x_wconf 83' lang='lat' dir='ltr'>torma</span> <span class='ocrx_word' id='word_1_361' title='bbox 669 4427 767 4499; x_wconf 90' lang='lat' dir='ltr'>gregis</span> <span class='ocrx_word' id='word_1_362' title='bbox 796 4443 833 4485; x_wconf 83' lang='lat' dir='ltr'>ex</span> <span class='ocrx_word' id='word_1_363' title='bbox 861 4428 965 4495; x_wconf 90' lang='lat' dir='ltr'>animo,</span> <span class='ocrx_word' id='word_1_364' title='bbox 994 4432 1026 4484; x_wconf 94' lang='lat' dir='ltr'>nt</span> <span class='ocrx_word' id='word_1_365' title='bbox 1054 4425 1141 4485; x_wconf 91' lang='lat' dir='ltr'>docet</span> <span class='ocrx_word' id='word_1_366' title='bbox 1169 4428 1274 4489; x_wconf 89' lang='lat' dir='ltr'>Petrus</span> 
     </span>
     <span class='ocr_line' id='line_1_41' title="bbox 90 4525 1276 4599; baseline 0.004 -16"><span class='ocrx_word' id='word_1_367' title='bbox 90 4525 118 4583; x_wconf 78' lang='grc' dir='ltr'>Ι·</span> <span class='ocrx_word' id='word_1_368' title='bbox 136 4527 217 4586; x_wconf 87' lang='lat' dir='ltr'>Petri</span> <span class='ocrx_word' id='word_1_369' title='bbox 239 4526 289 4599; x_wconf 80' lang='lat'>5⁰3</span> <span class='ocrx_word' id='word_1_370' title='bbox 332 4529 358 4587; x_wconf 90' lang='lat' dir='ltr'>si</span> <span class='ocrx_word' id='word_1_371' title='bbox 381 4534 426 4586; x_wconf 91' lang='lat' dir='ltr'>est</span> <span class='ocrx_word' id='word_1_372' title='bbox 446 4528 531 4596; x_wconf 90' lang='lat' dir='ltr'>mitis,</span> <span class='ocrx_word' id='word_1_373' title='bbox 560 4528 682 4598; x_wconf 89' lang='lat' dir='ltr'>patiens,</span> <span class='ocrx_word' id='word_1_374' title='bbox 710 4533 808 4586; x_wconf 89' lang='lat' dir='ltr'>castus</span> <span class='ocrx_word' id='word_1_375' title='bbox 837 4533 867 4587; x_wconf 91' lang='lat' dir='ltr'>et</span> <span class='ocrx_word' id='word_1_376' title='bbox 886 4528 917 4585; x_wconf 91' lang='lat' dir='ltr'>in</span> <span class='ocrx_word' id='word_1_377' title='bbox 940 4528 1101 4585; x_wconf 89' lang='lat' dir='ltr'>ministerio</span> <span class='ocrx_word' id='word_1_378' title='bbox 1133 4528 1276 4588; x_wconf 85' lang='lat' dir='ltr'>eeclesiae</span> 
     </span>
    </p>
   </div>
   <div class='ocr_carea' id='block_1_3' title="bbox 94 4625 1387 4688">
    <p class='ocr_par' dir='ltr' id='par_1_11' title="bbox 94 4625 1387 4688">
     <span class='ocr_line' id='line_1_42' title="bbox 94 4625 1387 4688; baseline 0.004 -6"><span class='ocrx_word' id='word_1_379' title='bbox 94 4625 227 4686; x_wconf 79' lang='lat' dir='ltr'>laborans</span> <span class='ocrx_word' id='word_1_380' title='bbox 247 4629 334 4687; x_wconf 86' lang='lat' dir='ltr'>anxie</span> <span class='ocrx_word' id='word_1_381' title='bbox 357 4634 387 4688; x_wconf 92' lang='lat' dir='ltr'>et</span> <span class='ocrx_word' id='word_1_382' title='bbox 408 4626 549 4686; x_wconf 86' lang='lat' dir='ltr'>sollicite:</span> <span class='ocrx_word' id='word_1_383' title='bbox 578 4632 646 4686; x_wconf 89' lang='lat' dir='ltr'>tune</span> <span class='ocrx_word' id='word_1_384' title='bbox 676 4627 739 4686; x_wconf 92' lang='lat' dir='ltr'>sine</span> <span class='ocrx_word' id='word_1_385' title='bbox 763 4627 851 4687; x_wconf 92' lang='lat' dir='ltr'>dnbio</span> <span class='ocrx_word' id='word_1_386' title='bbox 881 4633 927 4686; x_wconf 90' lang='lat' dir='ltr'>est</span> <span class='ocrx_word' id='word_1_387' title='bbox 947 4643 1033 4684; x_wconf 81' lang='lat' dir='ltr'>verus</span> <span class='ocrx_word' id='word_1_388' title='bbox 1058 4628 1182 4686; x_wconf 82' lang='lat' dir='ltr'>vicarius</span> <span class='ocrx_word' id='word_1_389' title='bbox 1204 4629 1275 4688; x_wconf 86' lang='lat' dir='ltr'>Jesu</span> <span class='ocrx_word' id='word_1_390' title='bbox 1385 4650 1387 4654; x_wconf 51' lang='lat'><em>⁴</em></span> 
     </span>
    </p>
   </div>
   <div class='ocr_carea' id='block_1_4' title="bbox 1080 4746 1126 4797">
    <p class='ocr_par' dir='ltr' id='par_1_12' title="bbox 1080 4746 1126 4797">
     <span class='ocr_line' id='line_1_43' title="bbox 1080 4746 1126 4797; baseline 0 0"><span class='ocrx_word' id='word_1_391' title='bbox 1080 4746 1126 4797; x_wconf 75' lang='lat' dir='ltr'>ld*</span> 
     </span>
    </p>
   </div>
   <div class='ocr_carea' id='block_1_5' title="bbox 0 0 1507 5258">
    <p class='ocr_par' dir='ltr' id='par_1_13' title="bbox 0 0 1507 5258">
     <span class='ocr_line' id='line_1_44' title="bbox 0 0 1507 5258; baseline 0 0"><span class='ocrx_word' id='word_1_392' title='bbox 0 0 1507 5258; x_wconf 95' lang='lat' dir='ltr'> </span> 
     </span>
    </p>
   </div>
  </div>
 </body>
</html>
