2992 5258
293 401 329 455 11.
346 400 387 454 De
408 400 444 453 bl.
457 398 483 452 J.
496 399 556 453 iius
568 399 742 453 consuntiae
760 400 788 452 in
807 415 943 455 carcerem
960 403 1092 472 conjecto.
1229 410 1291 475 259

108 610 111 615 '
196 603 373 685 Responsio
394 600 512 699 domini
524 601 664 682 episcopi
676 601 926 682 Lutomyslensis
949 603 989 667 ad
1011 605 1177 670 articulum
1196 625 1291 689 prae·

101 707 202 771 dictae
233 705 346 770 literae
379 700 560 779 secundum,
583 708 659 781 puta
688 701 790 765 illum:
828 701 996 777 ,Ceterum
1029 705 1116 769 rev¹³²¹
1150 708 1290 789 petros*

102 806 246 888 sequitur
266 803 346 868 feria
367 803 477 884 quinta
495 809 569 866 ante
591 800 706 866 festum
728 802 830 867 saneti
853 804 985 883 spiritns
1007 805 1062 885 (16
1084 806 1171 887 Mai.)

197 1003 447 1064 Reverendissimi
472 1007 571 1074 patres
608 1010 638 1060 et
667 1003 774 1060 domini
806 1005 1067 1074 praestantissimi!
1102 1005 1185 1066 Sicut
1216 1009 1292 1070 ahos

100 1107 202 1166 Petrus
225 1106 262 1164 de
280 1103 488 1172 hlladenowic,
520 1102 729 1163 baccalaureus
750 1104 780 1162 in
802 1104 922 1174 artibus,
939 1105 992 1164 sub
1015 1107 1131 1165 nomine
1155 1126 1292 1182 quornm-

104 1208 167 1267 dum
187 1205 329 1264 nobilium
350 1205 386 1262 de
407 1219 498 1275 regno
520 1202 679 1262 Bohemiae
706 1203 737 1261 in
764 1204 881 1277 seriptis
911 1207 1066 1279 proposuit
1086 1208 1165 1266 inter
1186 1215 1293 1281 cetera,

105 1307 248 1381 quomodo
270 1305 386 1380 quidam
407 1302 596 1362 infamatores
620 1311 650 1362 ct
671 1303 885 1363 obtrectatores
908 1306 979 1365 dicti
998 1308 1091 1379 regni,
1113 1325 1186 1381 quos
1200 1308 1294 1369 falsos

106 1416 135 1467 et
152 1408 282 1480 iniquos,
302 1405 369 1464 illos
391 1404 529 1463 videlicet
550 1410 694 1477 reputant,
717 1404 765 1477 qui
786 1403 824 1463 ad
845 1406 978 1466 notitiam
999 1407 1169 1466 Vestrarurn
1189 1409 1294 1469 Pater·

104 1511 224 1567 citatum
238 1506 429 1574 deduxerunt,
452 1504 597 1576 quomodo
622 1504 852 1578 pretiosissimus
878 1507 997 1578 sangids
1023 1507 1133 1567 Christi
1157 1510 1218 1581 jam
1239 1525 1294 1581 per

104 1608 270 1667 bohemiam
290 1607 320 1664 in
341 1604 470 1664 flasculis
492 1604 707 1676 deportaretur,
729 1611 758 1663 et
780 1606 858 1678 qnod
880 1612 995 1666 sutores
1017 1608 1153 1667 audirent
1174 1609 1290 1669 confes·

105 1708 198 1766 dones
229 1713 260 1765 ct
287 1723 394 1778 corpns
417 1703 526 1763 Christi
557 1705 623 1761 aliis
654 1705 906 1763 aclrninistrarent:
937 1723 1034 1764 rernm
1057 1710 1296 1769 reverendissimi

104 1815 199 1880 patres
223 1813 254 1865 et
275 1805 400 1865 domini!
424 1804 581 1877 quodlicet
603 1821 666 1877 ego,
689 1805 737 1878 (pn
759 1806 916 1876 pessimam
931 1804 1158 1865 Wiclefistararn
1187 1815 1298 1867 sectam

103 1907 263 1982 prohdolor
274 1908 335 1977 jam
349 1905 379 1962 in
395 1904 472 1962 dieto
488 1920 580 1975 regno
601 1904 798 1976 pullulantem,
821 1910 909 1976 prout
930 1906 1076 1964 notorium
1098 1914 1151 1977 est,
1173 1924 1297 1967 unacum

102 2009 163 2067 aliis
180 2005 334 2082 praelatis,
357 2004 536 2071 doctoribus,
559 2005 705 2076 magistris
720 1998 750 2063 et
765 2006 872 2063 ceteris
895 2005 1025 2077 ejusdem
1040 2007 1123 2079 regni
1137 2007 1297 2066 innumeris

101 2108 262 2175 catholicis,
292 2105 401 2165 Christi
424 2101 510 2161 fidem
532 2103 692 2162 defendere
713 2105 744 2163 in
766 2105 945 2178 quantumin
967 2106 1011 2164 eis
1034 2111 1081 2164 est
1101 2107 1296 2178 cupientibus,

97 2208 343 2283 exstirpationem
365 2204 452 2276 hujus
476 2208 573 2262 sectae
594 2204 808 2276 laboraverim
837 2205 952 2264 demum
974 2204 1021 2263 hic
1042 2205 1072 2264 in
1094 2207 1211 2265 natione
1232 2222 1299 2269 mea

96 2307 278 2369 Germanica
298 2305 397 2378 eliqua
413 2304 549 2362 dolenter
570 2302 715 2375 referens,
736 2321 795 2363 non
815 2305 845 2364 in
868 2305 995 2364 dedecus
1010 2305 1103 2376 ipsius
1119 2307 1211 2380 regni,
1232 2323 1298 2367 euru

90 2417 126 2471 et
147 2424 208 2483 ego
223 2407 372 2465 Bohemus
396 2404 458 2472 sim,
482 2403 535 2461 scd
557 2403 654 2475 potius
670 2404 708 2461 ad
722 2405 816 2476 ipsius
830 2404 915 2478 regni
929 2402 1068 2462 honorem
1083 2405 1298 2478 proposuerim,
1391 2458 1400 2474 ,

86 2507 315 2581 quodammodo
331 2522 436 2563 novum
453 2502 620 2562 scandalum
643 2505 673 2561 iu
694 2504 760 2575 ipso
775 2521 866 2577 regno
877 2504 939 2576 J'am
954 2521 1020 2562 esse
1037 2504 1196 2577 subortum,
1217 2505 1297 2579 quod

81 2602 268 2683 hujusmodi
299 2611 398 2664 sectae
426 2608 586 2662 sectatores
614 2603 644 2662 in
673 2604 822 2677 plerisque
851 2604 1029 2675 civitatibus,
1060 2604 1137 2663 villis
1166 2611 1198 2664 et
1219 2605 1294 2665 locis

76 2704 193 2782 ipsius
215 2707 301 2780 regni
323 2705 445 2778 plebeos
467 2703 621 2776 utriusque
644 2720 731 2762 sexus
755 2705 808 2764 sub
830 2712 953 2778 utraque
968 2706 1067 2778 specio
1083 2705 1167 2777 panis
1189 2705 1300 2765 etvini

76 2808 331 2875 communicant,
353 2805 446 2863 etita
467 2819 536 2862 esse
558 2806 826 2864 communicandum
849 2811 1017 2864 constanter
1028 2805 1135 2865 docent
1156 2812 1186 2865 et
1206 2807 1298 2879 perti-

74 2911 216 2970 naciter
231 2910 375 2975 asserunt,
397 2905 506 2963 clerum
528 2905 695 2977 oppositum
716 2902 871 2964 facientem
905 2921 1004 2963 errare
1037 2910 1067 2963 et
1087 2912 1300 2978 repugnantem

70 3008 279 3080 sacrilegum
294 3004 358 3063 iore
373 3003 558 3072 censendum,
581 3003 656 3061 sicut
679 3021 714 3062 ex
737 3005 889 3076 scripturis
911 3005 1027 3062 illorum
1042 3011 1222 3063 assertorum
1242 3002 1300 3062 hue

67 3106 225 3170 directis
247 3112 278 3164 et
298 3104 494 3176 praesentatis
517 3103 616 3174 patulo
640 3105 827 3176 ostendetur3
854 3104 922 3162 item
944 3104 1079 3162 similiter
1099 3121 1135 3162 en
1155 3103 1299 3162 relatione

66 3217 128 3270 et
148 3207 234 3268 sumu
253 3205 301 3263 hic
321 3205 439 3277 vulgata
461 3204 547 3262 etiam
568 3204 600 3262 in
623 3205 741 3261 natione
754 3204 947 3275 praedictaet
968 3203 1119 3275 scripturis
1142 3204 1178 3261 de
1208 3203 1298 3274 parti-

66 3301 155 3369 bns
177 3305 363 3366 manumissis
385 3304 545 3377 proposui,
578 3304 615 3362 ad
644 3305 701 3363 mei
725 3305 856 3363 notitiam
879 3303 1048 3372 devenisse,
1079 3304 1158 3377 quod
1180 3301 1299 3375 sanguis

65 3405 214 3470 Christi
236 3406 408 3478 deportatur
435 3404 464 3462 in
486 3402 614 3462 flasculis
643 3421 695 3462 sen
721 3404 846 3463 vasculis
878 3421 935 3462 non
963 3405 1152 3463 consecretis.
1195 3405 1297 3464 Stante

65 3509 181 3569 enim
206 3506 373 3566 assertione
389 3505 523 3576 praefata
539 3504 777 3572 Wicletistarum,
807 3504 877 3563 lieet
891 3520 1031 3574 erronea,
1053 3505 1130 3577 quod
1146 3506 1182 3564 de
1196 3522 1299 3564 neees-

67 3612 192 3670 sitate
215 3607 318 3667 salutis
341 3605 395 3664 sub
416 3611 538 3678 utraque
562 3606 662 3675 speeie
685 3606 769 3676 panis
792 3612 822 3663 ot
843 3605 903 3663 riui
924 3605 1049 3676 populus
1072 3611 1119 3664 est
1137 3606 1296 3664 communi·

70 3709 226 3778 modus,
247 3712 364 3779 oportet
378 3705 546 3764 necessario
569 3705 646 3764 sicut
667 3723 773 3777 eorpus
790 3706 898 3765 Christi
920 3707 951 3764 in
972 3706 1089 3780 pyxide,
1112 3707 1156 3765 sic
1178 3706 1298 3778 sangui·

73 3821 175 3869 nem
189 3806 299 3868 Christi
319 3806 349 3865 in
371 3805 499 3864 flosculis
520 3805 566 3862 vel
589 3804 656 3864 aliis
672 3806 850 3865 utensilibus
872 3805 909 3864 de
931 3806 996 3864 loco
1018 3805 1056 3863 ad
1076 3806 1172 3864 locum
1193 3806 1299 3877 depor-

77 3910 173 3978 tart
200 3914 232 3968 et
258 3906 433 3978 praesertim
461 3906 540 3965 circa
579 3907 816 3977 procurationem
843 3904 1031 3967 infirmorum.
1074 3903 1148 3967 Item
1177 3922 1232 3977 per
1252 3921 1300 3962 rna

77 4022 167 4070 non
198 4007 354 4081 proposui,
384 4006 437 4064 sed
474 4021 529 4076 per
560 4006 635 4064 alios
666 4004 722 4064 fide
747 4006 850 4079 dignos
873 4011 903 4063 et
925 4022 1044 4078 magnos
1072 4006 1150 4063 viros
1172 4003 1298 4074 proponi

79 4104 216 4170 ibidem
236 4107 347 4174 audivi,
376 4105 518 4179 quandam
541 4106 708 4175 mulierem,
730 4105 823 4176 ipsius
836 4112 936 4164 sectae
949 4105 1147 4172 sectatricem,
1179 4108 1298 4173 arrepto

85 4209 141 4266 vi
159 4223 280 4281 corpore
302 4207 412 4266 Christi
433 4206 471 4263 do
492 4207 624 4263 inanibus
648 4206 824 4274 sacerdotis,
848 4222 880 4263 sc
895 4206 987 4277 ipsam
1009 4204 1245 4271 communicasse,
1267 4207 1298 4260 et

95 4308 157 4365 sic
175 4324 239 4368 esso
259 4306 421 4366 iaciendum
444 4305 620 4373 asseruisse,
650 4305 676 4362 si
698 4305 838 4364 sacerdos
862 4305 1092 4363 communionem
1121 4304 1298 4377 denegaret3

96 4405 256 4481 ipsamque
277 4407 428 4465 mulierem
448 4406 525 4462 inter
547 4407 645 4476 pluras
662 4421 811 4474 erroneos,
834 4406 870 4463 dc
894 4407 997 4477 quibus
1014 4412 1059 4462 est
1081 4405 1226 4476 convicta,
1252 4420 1298 4462 ar·

106 4507 214 4568 ticulos
234 4509 408 4578 asseruisse,
441 4507 519 4580 quod
545 4508 638 4565 bonus
665 4506 759 4566 laicus
788 4507 835 4564 rel
856 4506 934 4564 bona
955 4505 1031 4563 laica
1051 4505 1155 4562 melius
1184 4502 1300 4563 conficit

116 4621 198 4675 cauam
222 4608 313 4668 malus
340 4609 479 4668 sacerdos
508 4614 538 4666 et
568 4607 710 4681 absolvit,
739 4623 875 4665 asserens
906 4606 1008 4662 nralnm
1043 4605 1223 4663 sacerdotem
1246 4620 1299 4661 ncc

1103 4719 1149 4770 17*
