<?xml version="1.0" encoding="UTF-8"?>
<!DOCTYPE html PUBLIC "-//W3C//DTD XHTML 1.0 Transitional//EN"
    "http://www.w3.org/TR/xhtml1/DTD/xhtml1-transitional.dtd">
<html xmlns="http://www.w3.org/1999/xhtml" xml:lang="en" lang="en">
 <head>
  <title>
</title>
<meta http-equiv="Content-Type" content="text/html;charset=utf-8" />
  <meta name='ocr-system' content='tesseract 3.04.00' />
  <meta name='ocr-capabilities' content='ocr_page ocr_carea ocr_par ocr_line ocrx_word'/>
</head>
<body>
  <div class='ocr_page' id='page_1' title='image "./documentamagjoa00palagoog_0494.png"; bbox 0 0 2992 5258; ppageno 0'>
   <div class='ocr_carea' id='block_1_1' title="bbox 314 406 1312 482">
    <p class='ocr_par' dir='ltr' id='par_1_1' title="bbox 314 406 1312 482">
     <span class='ocr_line' id='line_1_1' title="bbox 314 406 1312 482; baseline -0.004 -15"><span class='ocrx_word' id='word_1_1' title='bbox 314 413 357 467; x_wconf 84' lang='lat' dir='ltr'><strong>bl.</strong></span> <span class='ocrx_word' id='word_1_2' title='bbox 374 409 487 466; x_wconf 88' lang='lat' dir='ltr'><strong>Docum.</strong></span> <span class='ocrx_word' id='word_1_3' title='bbox 505 411 539 467; x_wconf 88' lang='lat' dir='ltr'><strong>dc</strong></span> <span class='ocrx_word' id='word_1_4' title='bbox 558 412 679 480; x_wconf 61' lang='lat' dir='ltr'><strong>materali</strong></span> <span class='ocrx_word' id='word_1_5' title='bbox 696 412 798 482; x_wconf 77' lang='lat' dir='ltr'><strong>synodo</strong></span> <span class='ocrx_word' id='word_1_6' title='bbox 816 412 881 469; x_wconf 85' lang='lat' dir='ltr'><strong>clari</strong></span> <span class='ocrx_word' id='word_1_7' title='bbox 899 411 965 466; x_wconf 81' lang='lat' dir='ltr'><strong>Boln.</strong></span> <span class='ocrx_word' id='word_1_8' title='bbox 984 426 1017 465; x_wconf 89' lang='lat' dir='ltr'><strong>m.</strong></span> <span class='ocrx_word' id='word_1_9' title='bbox 1031 406 1110 463; x_wconf 84' lang='lat' dir='ltr'><strong>Febr.</strong></span> <span class='ocrx_word' id='word_1_10' title='bbox 1250 406 1312 474; x_wconf 75' lang='grc'><strong>473</strong></span> 
     </span>
    </p>
   </div>
   <div class='ocr_carea' id='block_1_2' title="bbox 119 609 1427 703">
    <p class='ocr_par' dir='ltr' id='par_1_2' title="bbox 119 609 1427 703">
     <span class='ocr_line' id='line_1_2' title="bbox 119 609 1427 703; baseline -0.008 -19"><span class='ocrx_word' id='word_1_11' title='bbox 119 618 326 703; x_wconf 78' lang='lat' dir='ltr'><strong>personaliter</strong></span> <span class='ocrx_word' id='word_1_12' title='bbox 348 618 526 697; x_wconf 85' lang='lat' dir='ltr'><strong>convenire,</strong></span> <span class='ocrx_word' id='word_1_13' title='bbox 550 616 787 699; x_wconf 81' lang='lat' dir='ltr'><strong>praefatamque</strong></span> <span class='ocrx_word' id='word_1_14' title='bbox 808 614 991 698; x_wconf 78' lang='lat' dir='ltr'><strong>pestiferam</strong></span> <span class='ocrx_word' id='word_1_15' title='bbox 1006 613 1173 681; x_wconf 89' lang='lat' dir='ltr'><strong>materiam</strong></span> <span class='ocrx_word' id='word_1_16' title='bbox 1193 609 1310 678; x_wconf 86' lang='lat' dir='ltr'><strong>ibidem</strong></span> <span class='ocrx_word' id='word_1_17' title='bbox 1424 659 1427 665; x_wconf 87' lang='lat'>.</span> 
     </span>
    </p>
   </div>
   <div class='ocr_carea' id='block_1_3' title="bbox 119 713 1388 2311">
    <p class='ocr_par' dir='ltr' id='par_1_3' title="bbox 119 713 1388 2311">
     <span class='ocr_line' id='line_1_3' title="bbox 119 713 1312 801; baseline -0.007 -16"><span class='ocrx_word' id='word_1_18' title='bbox 119 720 199 786; x_wconf 89' lang='lat' dir='ltr'><strong>iuter</strong></span> <span class='ocrx_word' id='word_1_19' title='bbox 219 738 256 785; x_wconf 85' lang='lat' dir='ltr'><strong>se</strong></span> <span class='ocrx_word' id='word_1_20' title='bbox 276 726 386 785; x_wconf 90' lang='lat' dir='ltr'><strong>mutuo</strong></span> <span class='ocrx_word' id='word_1_21' title='bbox 408 724 617 801; x_wconf 88' lang='lat' dir='ltr'><strong>pertractare,</strong></span> <span class='ocrx_word' id='word_1_22' title='bbox 646 717 757 783; x_wconf 89' lang='lat' dir='ltr'><strong>delere</strong></span> <span class='ocrx_word' id='word_1_23' title='bbox 778 725 812 782; x_wconf 91' lang='lat' dir='ltr'><strong>et</strong></span> <span class='ocrx_word' id='word_1_24' title='bbox 834 715 986 782; x_wconf 79' lang='lat' dir='ltr'><strong>radicitus</strong></span> <span class='ocrx_word' id='word_1_25' title='bbox 1008 713 1165 782; x_wconf 81' lang='lat' dir='ltr'><strong>suffocare</strong></span> <span class='ocrx_word' id='word_1_26' title='bbox 1187 714 1312 796; x_wconf 87' lang='lat' dir='ltr'><strong>possint</strong></span> 
     </span>
     <span class='ocr_line' id='line_1_4' title="bbox 119 814 1309 902; baseline -0.005 -18"><span class='ocrx_word' id='word_1_27' title='bbox 119 829 149 886; x_wconf 88' lang='lat' dir='ltr'><strong>at</strong></span> <span class='ocrx_word' id='word_1_28' title='bbox 168 821 310 893; x_wconf 83' lang='lat' dir='ltr'><strong>valeant,</strong></span> <span class='ocrx_word' id='word_1_29' title='bbox 339 824 436 902; x_wconf 88' lang='lat' dir='ltr'><strong>prout</strong></span> <span class='ocrx_word' id='word_1_30' title='bbox 460 819 602 900; x_wconf 88' lang='lat' dir='ltr'><strong>ipsorum</strong></span> <span class='ocrx_word' id='word_1_31' title='bbox 624 817 801 883; x_wconf 78' lang='lat' dir='ltr'><strong>industriae</strong></span> <span class='ocrx_word' id='word_1_32' title='bbox 825 816 916 883; x_wconf 92' lang='lat' dir='ltr'><strong>nobis</strong></span> <span class='ocrx_word' id='word_1_33' title='bbox 938 822 971 881; x_wconf 86' lang='lat' dir='ltr'><strong>et</strong></span> <span class='ocrx_word' id='word_1_34' title='bbox 998 815 1169 896; x_wconf 79' lang='lat' dir='ltr'><strong>regnicolis</strong></span> <span class='ocrx_word' id='word_1_35' title='bbox 1190 814 1309 879; x_wconf 90' lang='lat' dir='ltr'><strong>nostris</strong></span> 
     </span>
     <span class='ocr_line' id='line_1_5' title="bbox 119 918 1388 1003; baseline -0.006 -18"><span class='ocrx_word' id='word_1_36' title='bbox 119 920 224 986; x_wconf 87' lang='lat' dir='ltr'><strong>utilius</strong></span> <span class='ocrx_word' id='word_1_37' title='bbox 245 928 279 986; x_wconf 92' lang='lat' dir='ltr'><strong>et</strong></span> <span class='ocrx_word' id='word_1_38' title='bbox 299 921 539 987; x_wconf 89' lang='lat' dir='ltr'><strong>convenientius</strong></span> <span class='ocrx_word' id='word_1_39' title='bbox 562 918 721 985; x_wconf 84' lang='lat' dir='ltr'><strong>videbitur</strong></span> <span class='ocrx_word' id='word_1_40' title='bbox 747 918 914 1003; x_wconf 76' lang='lat' dir='ltr'><strong>expedire3</strong></span> <span class='ocrx_word' id='word_1_41' title='bbox 943 918 1114 1001; x_wconf 81' lang='lat' dir='ltr'><strong>praecipue</strong></span> <span class='ocrx_word' id='word_1_42' title='bbox 1139 935 1177 981; x_wconf 83' lang='lat' dir='ltr'><strong>an</strong></span> <span class='ocrx_word' id='word_1_43' title='bbox 1200 932 1248 995; x_wconf 91' lang='lat' dir='ltr'><strong>eo,</strong></span> <span class='ocrx_word' id='word_1_44' title='bbox 1270 933 1311 979; x_wconf 95' lang='lat' dir='ltr'><strong>ne</strong></span> <span class='ocrx_word' id='word_1_45' title='bbox 1386 935 1388 940; x_wconf 93' lang='lat'>·</span> 
     </span>
     <span class='ocr_line' id='line_1_6' title="bbox 119 1018 1312 1105; baseline -0.005 -18"><span class='ocrx_word' id='word_1_46' title='bbox 119 1040 152 1087; x_wconf 83' lang='lat' dir='ltr'><strong>ex</strong></span> <span class='ocrx_word' id='word_1_47' title='bbox 174 1021 277 1105; x_wconf 84' lang='lat' dir='ltr'><strong>ipsius</strong></span> <span class='ocrx_word' id='word_1_48' title='bbox 299 1021 537 1088; x_wconf 83' lang='lat' dir='ltr'><strong>continuatione</strong></span> <span class='ocrx_word' id='word_1_49' title='bbox 568 1021 714 1086; x_wconf 89' lang='lat' dir='ltr'><strong>ulteriori</strong></span> <span class='ocrx_word' id='word_1_50' title='bbox 737 1021 829 1086; x_wconf 91' lang='lat' dir='ltr'><strong>nobis</strong></span> <span class='ocrx_word' id='word_1_51' title='bbox 851 1026 885 1086; x_wconf 92' lang='lat' dir='ltr'><strong>et</strong></span> <span class='ocrx_word' id='word_1_52' title='bbox 906 1018 1076 1101; x_wconf 79' lang='lat' dir='ltr'><strong>regnicolis</strong></span> <span class='ocrx_word' id='word_1_53' title='bbox 1098 1018 1217 1083; x_wconf 89' lang='lat' dir='ltr'><strong>nostris</strong></span> <span class='ocrx_word' id='word_1_54' title='bbox 1240 1035 1312 1098; x_wconf 83' lang='lat' dir='ltr'><strong>gra·</strong></span> 
     </span>
     <span class='ocr_line' id='line_1_7' title="bbox 119 1119 1312 1204; baseline -0.002 -20"><span class='ocrx_word' id='word_1_55' title='bbox 119 1123 212 1201; x_wconf 83' lang='lat' dir='ltr'><strong>aiora,</strong></span> <span class='ocrx_word' id='word_1_56' title='bbox 235 1121 318 1204; x_wconf 90' lang='lat' dir='ltr'><strong>quod</strong></span> <span class='ocrx_word' id='word_1_57' title='bbox 341 1121 434 1202; x_wconf 73' lang='lat' dir='ltr'><strong>absit,</strong></span> <span class='ocrx_word' id='word_1_58' title='bbox 458 1122 612 1204; x_wconf 88' lang='lat' dir='ltr'><strong>temporis</strong></span> <span class='ocrx_word' id='word_1_59' title='bbox 639 1138 787 1188; x_wconf 90' lang='lat' dir='ltr'><strong>successa</strong></span> <span class='ocrx_word' id='word_1_60' title='bbox 804 1119 962 1201; x_wconf 90' lang='lat' dir='ltr'><strong>scandala,</strong></span> <span class='ocrx_word' id='word_1_61' title='bbox 985 1120 1128 1203; x_wconf 87' lang='lat' dir='ltr'><strong>pericula</strong></span> <span class='ocrx_word' id='word_1_62' title='bbox 1149 1124 1182 1184; x_wconf 91' lang='lat' dir='ltr'><strong>et</strong></span> <span class='ocrx_word' id='word_1_63' title='bbox 1196 1119 1312 1184; x_wconf 91' lang='lat' dir='ltr'><strong>incom-</strong></span> 
     </span>
     <span class='ocr_line' id='line_1_8' title="bbox 119 1218 1311 1305; baseline -0.004 -17"><span class='ocrx_word' id='word_1_64' title='bbox 119 1222 207 1289; x_wconf 89' lang='lat' dir='ltr'><strong>moda</strong></span> <span class='ocrx_word' id='word_1_65' title='bbox 239 1223 409 1289; x_wconf 86' lang='lat' dir='ltr'><strong>videantur</strong></span> <span class='ocrx_word' id='word_1_66' title='bbox 431 1222 668 1305; x_wconf 88' lang='lat' dir='ltr'><strong>quomodolibet</strong></span> <span class='ocrx_word' id='word_1_67' title='bbox 690 1221 828 1289; x_wconf 89' lang='lat' dir='ltr'><strong>evenire.</strong></span> <span class='ocrx_word' id='word_1_68' title='bbox 858 1220 981 1287; x_wconf 87' lang='lat' dir='ltr'><strong>idcirco</strong></span> <span class='ocrx_word' id='word_1_69' title='bbox 1001 1220 1091 1289; x_wconf 88' lang='lat' dir='ltr'><strong>vobis</strong></span> <span class='ocrx_word' id='word_1_70' title='bbox 1113 1218 1258 1285; x_wconf 90' lang='lat' dir='ltr'><strong>omnibns</strong></span> <span class='ocrx_word' id='word_1_71' title='bbox 1279 1220 1311 1285; x_wconf 95' lang='lat' dir='ltr'><strong>in</strong></span> 
     </span>
     <span class='ocr_line' id='line_1_9' title="bbox 119 1320 1310 1407; baseline -0.003 -18"><span class='ocrx_word' id='word_1_72' title='bbox 119 1342 241 1407; x_wconf 69' lang='lat' dir='ltr'><strong>genere,</strong></span> <span class='ocrx_word' id='word_1_73' title='bbox 264 1330 299 1389; x_wconf 90' lang='lat' dir='ltr'><strong>et</strong></span> <span class='ocrx_word' id='word_1_74' title='bbox 319 1323 449 1389; x_wconf 89' lang='lat' dir='ltr'><strong>cuilibet</strong></span> <span class='ocrx_word' id='word_1_75' title='bbox 472 1328 613 1388; x_wconf 83' lang='lat' dir='ltr'><strong>vestrum</strong></span> <span class='ocrx_word' id='word_1_76' title='bbox 634 1323 667 1388; x_wconf 94' lang='lat' dir='ltr'><strong>in</strong></span> <span class='ocrx_word' id='word_1_77' title='bbox 689 1322 805 1405; x_wconf 82' lang='lat' dir='ltr'><strong>specie</strong></span> <span class='ocrx_word' id='word_1_78' title='bbox 828 1321 1051 1404; x_wconf 90' lang='lat' dir='ltr'><strong>praesentibus</strong></span> <span class='ocrx_word' id='word_1_79' title='bbox 1073 1320 1196 1387; x_wconf 88' lang='lat' dir='ltr'><strong>seriose</strong></span> <span class='ocrx_word' id='word_1_80' title='bbox 1217 1339 1310 1402; x_wconf 90' lang='lat' dir='ltr'><strong>prae·</strong></span> 
     </span>
     <span class='ocr_line' id='line_1_10' title="bbox 119 1421 1311 1508; baseline -0.008 -15"><span class='ocrx_word' id='word_1_81' title='bbox 119 1424 248 1508; x_wconf 85' lang='lat' dir='ltr'><strong>cipimus</strong></span> <span class='ocrx_word' id='word_1_82' title='bbox 263 1430 298 1490; x_wconf 89' lang='lat' dir='ltr'><strong>et</strong></span> <span class='ocrx_word' id='word_1_83' title='bbox 310 1424 505 1504; x_wconf 89' lang='lat' dir='ltr'><strong>mandamns,</strong></span> <span class='ocrx_word' id='word_1_84' title='bbox 529 1423 656 1489; x_wconf 91' lang='lat' dir='ltr'><strong>omnino</strong></span> <span class='ocrx_word' id='word_1_85' title='bbox 671 1424 824 1503; x_wconf 88' lang='lat' dir='ltr'><strong>volentes,</strong></span> <span class='ocrx_word' id='word_1_86' title='bbox 848 1428 1006 1505; x_wconf 90' lang='lat' dir='ltr'><strong>quatenus</strong></span> <span class='ocrx_word' id='word_1_87' title='bbox 1021 1421 1156 1503; x_wconf 90' lang='lat' dir='ltr'><strong>quilibet</strong></span> <span class='ocrx_word' id='word_1_88' title='bbox 1170 1427 1311 1487; x_wconf 83' lang='lat' dir='ltr'><strong>vestrum</strong></span> 
     </span>
     <span class='ocr_line' id='line_1_11' title="bbox 119 1522 1311 1610; baseline -0.004 -19"><span class='ocrx_word' id='word_1_89' title='bbox 119 1526 287 1610; x_wconf 89' lang='lat' dir='ltr'><strong>praedictis</strong></span> <span class='ocrx_word' id='word_1_90' title='bbox 309 1542 348 1590; x_wconf 83' lang='lat' dir='ltr'><strong>ex</strong></span> <span class='ocrx_word' id='word_1_91' title='bbox 371 1525 475 1590; x_wconf 87' lang='lat' dir='ltr'><strong>causis</strong></span> <span class='ocrx_word' id='word_1_92' title='bbox 490 1542 597 1590; x_wconf 85' lang='lat' dir='ltr'><strong>coram</strong></span> <span class='ocrx_word' id='word_1_93' title='bbox 612 1524 765 1607; x_wconf 86' lang='lat' dir='ltr'><strong>praelatis</strong></span> <span class='ocrx_word' id='word_1_94' title='bbox 792 1524 950 1606; x_wconf 89' lang='lat' dir='ltr'><strong>episcopis</strong></span> <span class='ocrx_word' id='word_1_95' title='bbox 973 1523 1005 1588; x_wconf 93' lang='lat' dir='ltr'><strong>in</strong></span> <span class='ocrx_word' id='word_1_96' title='bbox 1028 1523 1098 1589; x_wconf 89' lang='lat' dir='ltr'><strong>loco</strong></span> <span class='ocrx_word' id='word_1_97' title='bbox 1120 1529 1153 1589; x_wconf 87' lang='lat' dir='ltr'><strong>et</strong></span> <span class='ocrx_word' id='word_1_98' title='bbox 1175 1522 1311 1588; x_wconf 91' lang='lat' dir='ltr'><strong>termino</strong></span> 
     </span>
     <span class='ocr_line' id='line_1_12' title="bbox 119 1623 1312 1711; baseline -0.006 -19"><span class='ocrx_word' id='word_1_99' title='bbox 119 1627 308 1711; x_wconf 82' lang='lat' dir='ltr'><strong>supradicto,</strong></span> <span class='ocrx_word' id='word_1_100' title='bbox 330 1624 371 1690; x_wconf 89' lang='lat' dir='ltr'><strong>ad</strong></span> <span class='ocrx_word' id='word_1_101' title='bbox 397 1642 476 1706; x_wconf 91' lang='lat' dir='ltr'><strong>quos</strong></span> <span class='ocrx_word' id='word_1_102' title='bbox 499 1625 595 1691; x_wconf 89' lang='lat' dir='ltr'><strong>etiam</strong></span> <span class='ocrx_word' id='word_1_103' title='bbox 617 1624 750 1707; x_wconf 89' lang='lat' dir='ltr'><strong>quilibet</strong></span> <span class='ocrx_word' id='word_1_104' title='bbox 767 1624 905 1690; x_wconf 91' lang='lat' dir='ltr'><strong>transire</strong></span> <span class='ocrx_word' id='word_1_105' title='bbox 927 1630 960 1689; x_wconf 93' lang='lat' dir='ltr'><strong>et</strong></span> <span class='ocrx_word' id='word_1_106' title='bbox 982 1623 1097 1689; x_wconf 91' lang='lat' dir='ltr'><strong>abinde</strong></span> <span class='ocrx_word' id='word_1_107' title='bbox 1119 1638 1257 1705; x_wconf 85' lang='lat' dir='ltr'><strong>persona</strong></span> <span class='ocrx_word' id='word_1_108' title='bbox 1279 1625 1312 1685; x_wconf 89' lang='lat' dir='ltr'><strong>et</strong></span> 
     </span>
     <span class='ocr_line' id='line_1_13' title="bbox 119 1723 1311 1809; baseline -0.003 -17"><span class='ocrx_word' id='word_1_109' title='bbox 119 1728 209 1794; x_wconf 90' lang='lat' dir='ltr'><strong>rebus</strong></span> <span class='ocrx_word' id='word_1_110' title='bbox 231 1727 297 1792; x_wconf 91' lang='lat' dir='ltr'><strong>suis</strong></span> <span class='ocrx_word' id='word_1_111' title='bbox 320 1726 416 1791; x_wconf 84' lang='lat' dir='ltr'><strong>salvis</strong></span> <span class='ocrx_word' id='word_1_112' title='bbox 439 1725 479 1790; x_wconf 91' lang='lat' dir='ltr'><strong>ad</strong></span> <span class='ocrx_word' id='word_1_113' title='bbox 501 1726 632 1808; x_wconf 90' lang='lat' dir='ltr'><strong>propria</strong></span> <span class='ocrx_word' id='word_1_114' title='bbox 653 1725 760 1791; x_wconf 88' lang='lat' dir='ltr'><strong>redire</strong></span> <span class='ocrx_word' id='word_1_115' title='bbox 786 1726 916 1809; x_wconf 78' lang='lat' dir='ltr'><strong>poterit,</strong></span> <span class='ocrx_word' id='word_1_116' title='bbox 938 1726 1007 1791; x_wconf 88' lang='lat' dir='ltr'><strong>lore</strong></span> <span class='ocrx_word' id='word_1_117' title='bbox 1029 1723 1146 1790; x_wconf 88' lang='lat' dir='ltr'><strong>debeat</strong></span> <span class='ocrx_word' id='word_1_118' title='bbox 1160 1739 1311 1806; x_wconf 88' lang='lat' dir='ltr'><strong>persona·</strong></span> 
     </span>
     <span class='ocr_line' id='line_1_14' title="bbox 119 1823 1307 1908; baseline -0.006 -14"><span class='ocrx_word' id='word_1_119' title='bbox 119 1829 188 1895; x_wconf 86' lang='lat' dir='ltr'><strong>b&#39;ter</strong></span> <span class='ocrx_word' id='word_1_120' title='bbox 209 1827 418 1908; x_wconf 87' lang='lat' dir='ltr'><strong>constitutus,</strong></span> <span class='ocrx_word' id='word_1_121' title='bbox 441 1824 559 1892; x_wconf 88' lang='lat' dir='ltr'><strong>nullam</strong></span> <span class='ocrx_word' id='word_1_122' title='bbox 581 1826 613 1890; x_wconf 92' lang='lat' dir='ltr'><strong>in</strong></span> <span class='ocrx_word' id='word_1_123' title='bbox 636 1827 821 1908; x_wconf 87' lang='lat' dir='ltr'><strong>praemissis</strong></span> <span class='ocrx_word' id='word_1_124' title='bbox 843 1825 1064 1892; x_wconf 78' lang='lat' dir='ltr'><strong>difficultatem</strong></span> <span class='ocrx_word' id='word_1_125' title='bbox 1087 1842 1144 1889; x_wconf 89' lang='lat' dir='ltr'><strong>sen</strong></span> <span class='ocrx_word' id='word_1_126' title='bbox 1167 1823 1307 1889; x_wconf 88' lang='lat' dir='ltr'><strong>reniten-</strong></span> 
     </span>
     <span class='ocr_line' id='line_1_15' title="bbox 119 1922 1310 2010; baseline -0.006 -16"><span class='ocrx_word' id='word_1_127' title='bbox 119 1929 188 1995; x_wconf 84' lang='lat' dir='ltr'><strong>tiam</strong></span> <span class='ocrx_word' id='word_1_128' title='bbox 210 1928 379 2007; x_wconf 87' lang='lat' dir='ltr'><strong>facientes,</strong></span> <span class='ocrx_word' id='word_1_129' title='bbox 407 1933 503 2010; x_wconf 89' lang='lat' dir='ltr'><strong>prout</strong></span> <span class='ocrx_word' id='word_1_130' title='bbox 525 1927 775 2007; x_wconf 75' lang='lat' dir='ltr'><strong>indignationem</strong></span> <span class='ocrx_word' id='word_1_131' title='bbox 798 1933 939 1993; x_wconf 89' lang='lat' dir='ltr'><strong>nostram</strong></span> <span class='ocrx_word' id='word_1_132' title='bbox 961 1922 1180 2008; x_wconf 60' lang='lat' dir='ltr'><strong>amarissimam</strong></span> <span class='ocrx_word' id='word_1_133' title='bbox 1202 1923 1310 1990; x_wconf 88' lang='lat' dir='ltr'><strong>volne-</strong></span> 
     </span>
     <span class='ocr_line' id='line_1_16' title="bbox 119 2027 1310 2108; baseline -0.004 -14"><span class='ocrx_word' id='word_1_134' title='bbox 119 2029 185 2096; x_wconf 89' lang='lat' dir='ltr'><strong>ritis</strong></span> <span class='ocrx_word' id='word_1_135' title='bbox 208 2030 339 2095; x_wconf 88' lang='lat' dir='ltr'><strong>evitare.</strong></span> <span class='ocrx_word' id='word_1_136' title='bbox 355 2029 472 2094; x_wconf 90' lang='lat' dir='ltr'><strong>Datum</strong></span> <span class='ocrx_word' id='word_1_137' title='bbox 487 2030 618 2108; x_wconf 81' lang='lat' dir='ltr'><strong>Pragae,</strong></span> <span class='ocrx_word' id='word_1_138' title='bbox 641 2027 693 2094; x_wconf 90' lang='lat' dir='ltr'><strong>die</strong></span> <span class='ocrx_word' id='word_1_139' title='bbox 715 2028 956 2107; x_wconf 82' lang='lat' dir='ltr'><strong>111·Januarii,</strong></span> <span class='ocrx_word' id='word_1_140' title='bbox 994 2043 1163 2108; x_wconf 81' lang='lat' dir='ltr'><strong>regnorum</strong></span> <span class='ocrx_word' id='word_1_141' title='bbox 1184 2030 1310 2090; x_wconf 88' lang='lat' dir='ltr'><strong>nostro·</strong></span> 
     </span>
     <span class='ocr_line' id='line_1_17' title="bbox 119 2127 1091 2208; baseline -0.001 -14"><span class='ocrx_word' id='word_1_142' title='bbox 119 2148 184 2195; x_wconf 87' lang='lat' dir='ltr'><strong>rum</strong></span> <span class='ocrx_word' id='word_1_143' title='bbox 206 2147 289 2196; x_wconf 91' lang='lat' dir='ltr'><strong>auno</strong></span> <span class='ocrx_word' id='word_1_144' title='bbox 311 2128 482 2196; x_wconf 88' lang='lat' dir='ltr'><strong>Bobcmiaa</strong></span> <span class='ocrx_word' id='word_1_145' title='bbox 504 2128 553 2208; x_wconf 88' lang='lat' dir='ltr'><strong>L⁰,</strong></span> <span class='ocrx_word' id='word_1_146' title='bbox 576 2129 787 2194; x_wconf 55' lang='lat' dir='ltr'><strong>&amp;manorum</strong></span> <span class='ocrx_word' id='word_1_147' title='bbox 813 2147 890 2194; x_wconf 86' lang='lat' dir='ltr'><strong>vero</strong></span> <span class='ocrx_word' id='word_1_148' title='bbox 913 2127 1091 2194; x_wconf 66' lang='lat' dir='ltr'><strong>xxxviia</strong></span> 
     </span>
     <span class='ocr_line' id='line_1_18' title="bbox 416 2228 1265 2311; baseline -0.005 -17"><span class='ocrx_word' id='word_1_149' title='bbox 416 2229 464 2295; x_wconf 80' lang='lat' dir='ltr'><strong>nd</strong></span> <span class='ocrx_word' id='word_1_150' title='bbox 487 2229 668 2296; x_wconf 86' lang='lat' dir='ltr'><strong>mandatum</strong></span> <span class='ocrx_word' id='word_1_151' title='bbox 690 2229 727 2294; x_wconf 90' lang='lat' dir='ltr'><strong>D.</strong></span> <span class='ocrx_word' id='word_1_152' title='bbox 751 2229 851 2311; x_wconf 83' lang='lat' dir='ltr'><strong>Regis</strong></span> <span class='ocrx_word' id='word_1_153' title='bbox 872 2231 1014 2296; x_wconf 79' lang='lat' dir='ltr'><strong>loannes</strong></span> <span class='ocrx_word' id='word_1_154' title='bbox 1037 2229 1076 2298; x_wconf 90' lang='lat' dir='ltr'><strong>de</strong></span> <span class='ocrx_word' id='word_1_155' title='bbox 1099 2228 1265 2308; x_wconf 81' lang='lat' dir='ltr'><strong>Bamberg.</strong></span> 
     </span>
    </p>
   </div>
   <div class='ocr_carea' id='block_1_4' title="bbox 695 2615 729 2681">
    <p class='ocr_par' dir='ltr' id='par_1_4' title="bbox 695 2615 729 2681">
     <span class='ocr_line' id='line_1_19' title="bbox 695 2615 729 2681; baseline 0 0"><span class='ocrx_word' id='word_1_156' title='bbox 695 2615 729 2681; x_wconf 90' lang='lat' dir='ltr'><strong>B.</strong></span> 
     </span>
    </p>
   </div>
   <div class='ocr_carea' id='block_1_5' title="bbox 154 2832 1268 3018">
    <p class='ocr_par' dir='ltr' id='par_1_5' title="bbox 154 2794 1268 3018">
     <span class='ocr_line' id='line_1_20' title="bbox 154 2832 1268 2999; baseline 0.001 -101"><span class='ocrx_word' id='word_1_157' title='bbox 154 2832 336 2898; x_wconf 77' lang='lat' dir='ltr'><strong>Mandatum</strong></span> <span class='ocrx_word' id='word_1_158' title='bbox 358 2833 499 2916; x_wconf 80' lang='lat' dir='ltr'><strong>episcopi</strong></span> <span class='ocrx_word' id='word_1_159' title='bbox 523 2833 670 2999; x_wconf 53' lang='lat' dir='ltr'><strong>conra&#39;d’i,</strong></span> <span class='ocrx_word' id='word_1_160' title='bbox 693 2834 956 2998; x_wconf 49' lang='lat' dir='ltr'><strong>adrngniatratoris</strong></span> <span class='ocrx_word' id='word_1_161' title='bbox 978 2835 1268 2918; x_wconf 79' lang='lat' dir='ltr'><strong>archiepiscopatus</strong></span> 
     </span>
     <span class='ocr_line' id='line_1_21' title="bbox 650 2951 802 3018; baseline 0.007 -19"><span class='ocrx_word' id='word_1_162' title='bbox 650 2951 764 3018; x_wconf 76' lang='lat' dir='ltr'><strong>capena</strong></span> <span class='ocrx_word' id='word_1_163' title='bbox 776 2952 802 3000; x_wconf 79' lang='lat' dir='ltr'><strong>a.</strong></span> 
     </span>
    </p>
   </div>
   <div class='ocr_carea' id='block_1_6' title="bbox 663 3116 761 3183">
    <p class='ocr_par' dir='ltr' id='par_1_6' title="bbox 663 3116 761 3183">
     <span class='ocr_line' id='line_1_22' title="bbox 663 3116 761 3183; baseline -0.01 0"><span class='ocrx_word' id='word_1_164' title='bbox 663 3116 703 3183; x_wconf 82' lang='lat' dir='ltr'><strong>(s.</strong></span> <span class='ocrx_word' id='word_1_165' title='bbox 721 3117 761 3182; x_wconf 88' lang='lat' dir='ltr'><strong>d.)</strong></span> 
     </span>
    </p>
   </div>
   <div class='ocr_carea' id='block_1_7' title="bbox 369 3370 1051 3444">
    <p class='ocr_par' dir='ltr' id='par_1_7' title="bbox 369 3370 1051 3444">
     <span class='ocr_line' id='line_1_23' title="bbox 369 3370 1051 3444; baseline 0.003 -19"><span class='ocrx_word' id='word_1_166' title='bbox 369 3371 413 3435; x_wconf 84' lang='lat' dir='ltr'><strong>(E</strong></span> <span class='ocrx_word' id='word_1_167' title='bbox 429 3371 490 3425; x_wconf 80' lang='lat' dir='ltr'><strong>MS.</strong></span> <span class='ocrx_word' id='word_1_168' title='bbox 509 3373 647 3427; x_wconf 81' lang='lat' dir='ltr'><strong>tabalorii</strong></span> <span class='ocrx_word' id='word_1_169' title='bbox 666 3371 782 3426; x_wconf 61' lang='lat' dir='ltr'><strong>Dalion.</strong></span> <span class='ocrx_word' id='word_1_170' title='bbox 801 3372 836 3427; x_wconf 77' lang='lat' dir='ltr'><strong>A.</strong></span> <span class='ocrx_word' id='word_1_171' title='bbox 856 3370 901 3436; x_wconf 85' lang='lat'><strong>16,</strong></span> <span class='ocrx_word' id='word_1_172' title='bbox 914 3373 968 3444; x_wconf 85' lang='lat' dir='ltr'><strong>sol.</strong></span> <span class='ocrx_word' id='word_1_173' title='bbox 985 3370 1051 3438; x_wconf 84' lang='lat'><em>92.)</em></span> 
     </span>
    </p>
   </div>
   <div class='ocr_carea' id='block_1_8' title="bbox 119 3623 1310 4723">
    <p class='ocr_par' dir='ltr' id='par_1_8' title="bbox 119 3623 1310 4517">
     <span class='ocr_line' id='line_1_24' title="bbox 208 3623 1308 3712; baseline 0.005 -22"><span class='ocrx_word' id='word_1_174' title='bbox 208 3624 385 3703; x_wconf 77' lang='lat' dir='ltr'><strong>conradus,</strong></span> <span class='ocrx_word' id='word_1_175' title='bbox 401 3623 452 3688; x_wconf 90' lang='lat' dir='ltr'><strong>dei</strong></span> <span class='ocrx_word' id='word_1_176' title='bbox 468 3627 573 3704; x_wconf 85' lang='lat' dir='ltr'><strong>gratia</strong></span> <span class='ocrx_word' id='word_1_177' title='bbox 588 3626 757 3709; x_wconf 91' lang='lat' dir='ltr'><strong>episcopus</strong></span> <span class='ocrx_word' id='word_1_178' title='bbox 773 3626 927 3695; x_wconf 89' lang='lat' dir='ltr'><strong>ecclesiae</strong></span> <span class='ocrx_word' id='word_1_179' title='bbox 943 3628 1171 3710; x_wconf 90' lang='lat' dir='ltr'><strong>Olomucensis,</strong></span> <span class='ocrx_word' id='word_1_180' title='bbox 1194 3630 1308 3712; x_wconf 80' lang='lat' dir='ltr'><strong>guber·</strong></span> 
     </span>
     <span class='ocr_line' id='line_1_25' title="bbox 119 3724 1310 3812; baseline 0.004 -20"><span class='ocrx_word' id='word_1_181' title='bbox 119 3737 201 3794; x_wconf 81' lang='lat' dir='ltr'><strong>nator</strong></span> <span class='ocrx_word' id='word_1_182' title='bbox 232 3733 265 3791; x_wconf 91' lang='lat' dir='ltr'><strong>et</strong></span> <span class='ocrx_word' id='word_1_183' title='bbox 298 3724 538 3790; x_wconf 87' lang='lat' dir='ltr'><strong>administrator</strong></span> <span class='ocrx_word' id='word_1_184' title='bbox 570 3726 602 3790; x_wconf 90' lang='lat' dir='ltr'><strong>in</strong></span> <span class='ocrx_word' id='word_1_185' title='bbox 633 3726 852 3807; x_wconf 86' lang='lat' dir='ltr'><strong>spiritualibus</strong></span> <span class='ocrx_word' id='word_1_186' title='bbox 881 3731 915 3792; x_wconf 89' lang='lat' dir='ltr'><strong>et</strong></span> <span class='ocrx_word' id='word_1_187' title='bbox 936 3732 1165 3812; x_wconf 87' lang='lat' dir='ltr'><strong>temporalibus</strong></span> <span class='ocrx_word' id='word_1_188' title='bbox 1188 3732 1310 3797; x_wconf 88' lang='lat' dir='ltr'><strong>archie-</strong></span> 
     </span>
     <span class='ocr_line' id='line_1_26' title="bbox 119 3824 1309 3912; baseline 0.006 -20"><span class='ocrx_word' id='word_1_189' title='bbox 119 3829 293 3909; x_wconf 73' lang='lat' dir='ltr'><strong>›ascopacus</strong></span> <span class='ocrx_word' id='word_1_190' title='bbox 317 3824 496 3906; x_wconf 78' lang='lat' dir='ltr'><strong>l&#39;ragensis,</strong></span> <span class='ocrx_word' id='word_1_191' title='bbox 522 3826 678 3890; x_wconf 78' lang='lat' dir='ltr'><strong>universis</strong></span> <span class='ocrx_word' id='word_1_192' title='bbox 702 3832 734 3891; x_wconf 89' lang='lat' dir='ltr'><strong>et</strong></span> <span class='ocrx_word' id='word_1_193' title='bbox 757 3828 890 3909; x_wconf 83' lang='lat' dir='ltr'><strong>singulis</strong></span> <span class='ocrx_word' id='word_1_194' title='bbox 913 3830 1092 3912; x_wconf 85' lang='lat' dir='ltr'><strong>abbatibus,</strong></span> <span class='ocrx_word' id='word_1_195' title='bbox 1114 3832 1309 3899; x_wconf 89' lang='lat' dir='ltr'><strong>archidiaco-</strong></span> 
     </span>
     <span class='ocr_line' id='line_1_27' title="bbox 119 3924 1310 4014; baseline 0.003 -21"><span class='ocrx_word' id='word_1_196' title='bbox 119 3929 166 4006; x_wconf 84' lang='lat' dir='ltr'><strong>nis,</strong></span> <span class='ocrx_word' id='word_1_197' title='bbox 190 3925 394 4010; x_wconf 88' lang='lat' dir='ltr'><strong>praepositis,</strong></span> <span class='ocrx_word' id='word_1_198' title='bbox 417 3924 556 4006; x_wconf 88' lang='lat' dir='ltr'><strong>decanis,</strong></span> <span class='ocrx_word' id='word_1_199' title='bbox 579 3927 751 4009; x_wconf 87' lang='lat' dir='ltr'><strong>prioribus,</strong></span> <span class='ocrx_word' id='word_1_200' title='bbox 773 3929 1093 4013; x_wconf 87' lang='lat' dir='ltr'><strong>commendatoribus,</strong></span> <span class='ocrx_word' id='word_1_201' title='bbox 1117 3933 1310 4014; x_wconf 82' lang='lat' dir='ltr'><strong>guardianis,</strong></span> 
     </span>
     <span class='ocr_line' id='line_1_28' title="bbox 119 4027 1308 4110; baseline 0.004 -16"><span class='ocrx_word' id='word_1_202' title='bbox 119 4027 263 4107; x_wconf 82' lang='lat' dir='ltr'><strong>debonis,</strong></span> <span class='ocrx_word' id='word_1_203' title='bbox 286 4047 347 4094; x_wconf 89' lang='lat' dir='ltr'><strong>nec</strong></span> <span class='ocrx_word' id='word_1_204' title='bbox 369 4045 432 4094; x_wconf 95' lang='lat' dir='ltr'><strong>non</strong></span> <span class='ocrx_word' id='word_1_205' title='bbox 457 4028 574 4093; x_wconf 89' lang='lat' dir='ltr'><strong>ceteris</strong></span> <span class='ocrx_word' id='word_1_206' title='bbox 597 4029 688 4110; x_wconf 82' lang='lat' dir='ltr'><strong>regni</strong></span> <span class='ocrx_word' id='word_1_207' title='bbox 704 4038 737 4094; x_wconf 91' lang='lat' dir='ltr'><strong>et</strong></span> <span class='ocrx_word' id='word_1_208' title='bbox 759 4048 897 4097; x_wconf 86' lang='lat' dir='ltr'><strong>coronae</strong></span> <span class='ocrx_word' id='word_1_209' title='bbox 919 4031 1091 4099; x_wconf 90' lang='lat' dir='ltr'><strong>Bohemiae</strong></span> <span class='ocrx_word' id='word_1_210' title='bbox 1113 4053 1150 4101; x_wconf 90' lang='lat' dir='ltr'><strong>ac</strong></span> <span class='ocrx_word' id='word_1_211' title='bbox 1172 4033 1308 4100; x_wconf 86' lang='lat' dir='ltr'><strong>diocesis</strong></span> 
     </span>
     <span class='ocr_line' id='line_1_29' title="bbox 119 4129 1309 4215; baseline 0.004 -22"><span class='ocrx_word' id='word_1_212' title='bbox 119 4129 280 4211; x_wconf 64' lang='lat' dir='ltr'><strong>bagensis</strong></span> <span class='ocrx_word' id='word_1_213' title='bbox 308 4129 461 4210; x_wconf 88' lang='lat' dir='ltr'><strong>praelatis</strong></span> <span class='ocrx_word' id='word_1_214' title='bbox 485 4129 710 4212; x_wconf 87' lang='lat' dir='ltr'><strong>cujuscumque</strong></span> <span class='ocrx_word' id='word_1_215' title='bbox 733 4130 939 4211; x_wconf 84' lang='lat' dir='ltr'><strong>conditionis,</strong></span> <span class='ocrx_word' id='word_1_216' title='bbox 970 4142 1087 4211; x_wconf 86' lang='lat' dir='ltr'><strong>status,</strong></span> <span class='ocrx_word' id='word_1_217' title='bbox 1120 4135 1238 4215; x_wconf 83' lang='lat' dir='ltr'><strong>gradus</strong></span> <span class='ocrx_word' id='word_1_218' title='bbox 1259 4134 1309 4199; x_wconf 86' lang='lat' dir='ltr'><strong>vel</strong></span> 
     </span>
     <span class='ocr_line' id='line_1_30' title="bbox 119 4230 1308 4317; baseline 0.003 -21"><span class='ocrx_word' id='word_1_219' title='bbox 119 4231 379 4296; x_wconf 65' lang='lat' dir='ltr'><strong>praeeminentiae</strong></span> <span class='ocrx_word' id='word_1_220' title='bbox 393 4230 584 4309; x_wconf 88' lang='lat' dir='ltr'><strong>exstiterint,</strong></span> <span class='ocrx_word' id='word_1_221' title='bbox 598 4231 638 4294; x_wconf 91' lang='lat' dir='ltr'><strong>ad</strong></span> <span class='ocrx_word' id='word_1_222' title='bbox 654 4250 733 4312; x_wconf 88' lang='lat' dir='ltr'><strong>quos</strong></span> <span class='ocrx_word' id='word_1_223' title='bbox 749 4240 937 4314; x_wconf 88' lang='lat' dir='ltr'><strong>praesentes</strong></span> <span class='ocrx_word' id='word_1_224' title='bbox 953 4236 1168 4317; x_wconf 86' lang='lat' dir='ltr'><strong>pervenerint,</strong></span> <span class='ocrx_word' id='word_1_225' title='bbox 1191 4237 1308 4317; x_wconf 92' lang='lat' dir='ltr'><strong>quique</strong></span> 
     </span>
     <span class='ocr_line' id='line_1_31' title="bbox 119 4331 1309 4414; baseline 0.007 -19"><span class='ocrx_word' id='word_1_226' title='bbox 119 4350 176 4396; x_wconf 82' lang='lat' dir='ltr'><strong>:um</strong></span> <span class='ocrx_word' id='word_1_227' title='bbox 199 4332 425 4413; x_wconf 86' lang='lat' dir='ltr'><strong>praesentibus</strong></span> <span class='ocrx_word' id='word_1_228' title='bbox 447 4331 572 4396; x_wconf 86' lang='lat' dir='ltr'><strong>fueritis</strong></span> <span class='ocrx_word' id='word_1_229' title='bbox 596 4333 761 4414; x_wconf 89' lang='lat' dir='ltr'><strong>requisiti,</strong></span> <span class='ocrx_word' id='word_1_230' title='bbox 783 4334 892 4398; x_wconf 90' lang='lat' dir='ltr'><strong>amicis</strong></span> <span class='ocrx_word' id='word_1_231' title='bbox 914 4337 1034 4402; x_wconf 88' lang='lat' dir='ltr'><strong>nostris</strong></span> <span class='ocrx_word' id='word_1_232' title='bbox 1057 4336 1203 4409; x_wconf 86' lang='lat' dir='ltr'><strong>dilectis,</strong></span> <span class='ocrx_word' id='word_1_233' title='bbox 1227 4338 1309 4403; x_wconf 89' lang='lat' dir='ltr'><strong>salu-</strong></span> 
     </span>
     <span class='ocr_line' id='line_1_32' title="bbox 120 4431 1208 4517; baseline 0.006 -20"><span class='ocrx_word' id='word_1_234' title='bbox 120 4451 169 4497; x_wconf 89' lang='lat' dir='ltr'><strong>em</strong></span> <span class='ocrx_word' id='word_1_235' title='bbox 192 4438 228 4497; x_wconf 87' lang='lat' dir='ltr'><strong>et</strong></span> <span class='ocrx_word' id='word_1_236' title='bbox 248 4431 377 4512; x_wconf 75' lang='lat' dir='ltr'><strong>benigni</strong></span> <span class='ocrx_word' id='word_1_237' title='bbox 401 4431 519 4497; x_wconf 86' lang='lat' dir='ltr'><strong>lavoris</strong></span> <span class='ocrx_word' id='word_1_238' title='bbox 542 4431 690 4498; x_wconf 81' lang='lat' dir='ltr'><strong>affectum</strong></span> <span class='ocrx_word' id='word_1_239' title='bbox 711 4452 780 4499; x_wconf 90' lang='lat' dir='ltr'><strong>cum</strong></span> <span class='ocrx_word' id='word_1_240' title='bbox 803 4435 974 4517; x_wconf 83' lang='lat' dir='ltr'><strong>adopt-ioue</strong></span> <span class='ocrx_word' id='word_1_241' title='bbox 998 4438 1102 4503; x_wconf 91' lang='lat' dir='ltr'><strong>omnis</strong></span> <span class='ocrx_word' id='word_1_242' title='bbox 1125 4438 1208 4503; x_wconf 93' lang='lat' dir='ltr'><strong>boni.</strong></span> 
     </span>
    </p>

    <p class='ocr_par' dir='ltr' id='par_1_9' title="bbox 121 4532 1308 4723">
     <span class='ocr_line' id='line_1_33' title="bbox 206 4532 1307 4621; baseline 0.007 -25"><span class='ocrx_word' id='word_1_243' title='bbox 206 4532 415 4599; x_wconf 79' lang='lat' dir='ltr'><strong>venerabiles</strong></span> <span class='ocrx_word' id='word_1_244' title='bbox 439 4533 532 4598; x_wconf 91' lang='lat' dir='ltr'><strong>amici</strong></span> <span class='ocrx_word' id='word_1_245' title='bbox 559 4535 661 4599; x_wconf 89' lang='lat' dir='ltr'><strong>nostri</strong></span> <span class='ocrx_word' id='word_1_246' title='bbox 684 4534 808 4601; x_wconf 85' lang='lat' dir='ltr'><strong>dilecti!</strong></span> <span class='ocrx_word' id='word_1_247' title='bbox 833 4536 881 4602; x_wconf 81' lang='lat' dir='ltr'><strong>Ad</strong></span> <span class='ocrx_word' id='word_1_248' title='bbox 903 4537 978 4616; x_wconf 91' lang='lat' dir='ltr'><strong>hoc,</strong></span> <span class='ocrx_word' id='word_1_249' title='bbox 1013 4545 1049 4604; x_wconf 92' lang='lat' dir='ltr'><strong>ut</strong></span> <span class='ocrx_word' id='word_1_250' title='bbox 1070 4538 1223 4621; x_wconf 87' lang='lat' dir='ltr'><strong>pestilera</strong></span> <span class='ocrx_word' id='word_1_251' title='bbox 1245 4539 1307 4604; x_wconf 92' lang='lat' dir='ltr'><strong>dis-</strong></span> 
     </span>
     <span class='ocr_line' id='line_1_34' title="bbox 121 4632 1308 4723; baseline 0.009 -26"><span class='ocrx_word' id='word_1_252' title='bbox 121 4632 265 4700; x_wconf 83' lang='lat' dir='ltr'><strong>euaionis</strong></span> <span class='ocrx_word' id='word_1_253' title='bbox 298 4634 431 4699; x_wconf 88' lang='lat' dir='ltr'><strong>materia</strong></span> <span class='ocrx_word' id='word_1_254' title='bbox 465 4633 497 4699; x_wconf 89' lang='lat' dir='ltr'><strong>iu</strong></span> <span class='ocrx_word' id='word_1_255' title='bbox 533 4635 619 4701; x_wconf 89' lang='lat' dir='ltr'><strong>clero</strong></span> <span class='ocrx_word' id='word_1_256' title='bbox 652 4634 789 4703; x_wconf 86' lang='lat' dir='ltr'><strong>diocesis</strong></span> <span class='ocrx_word' id='word_1_257' title='bbox 822 4639 994 4721; x_wconf 80' lang='lat' dir='ltr'><strong>Progensis</strong></span> <span class='ocrx_word' id='word_1_258' title='bbox 1028 4638 1146 4708; x_wconf 91' lang='lat' dir='ltr'><strong>dudum</strong></span> <span class='ocrx_word' id='word_1_259' title='bbox 1167 4640 1308 4723; x_wconf 85' lang='lat' dir='ltr'><strong>suborta,</strong></span> 
     </span>
    </p>
   </div>
   <div class='ocr_carea' id='block_1_9' title="bbox 0 0 1501 5258">
    <p class='ocr_par' dir='ltr' id='par_1_10' title="bbox 0 0 1501 5258">
     <span class='ocr_line' id='line_1_35' title="bbox 0 0 1501 5258; baseline 0 0"><span class='ocrx_word' id='word_1_260' title='bbox 0 0 1501 5258; x_wconf 95' lang='lat' dir='ltr'><strong> </strong></span> 
     </span>
    </p>
   </div>
  </div>
 </body>
</html>
