2992 5258
365 403 405 457 lb.
446 402 577 458 Defensio
594 401 715 459 mandati
734 404 801 472 regii
820 404 855 459 de
872 408 890 460 3
906 405 1025 464 vocibus.
1233 413 1291 479 361

92 609 231 671 Mensam
254 619 325 684 ergo
354 610 570 684 propinationis
592 611 686 682 primo
710 609 821 670 debent
841 610 952 672 habero
978 620 1108 685 paratam
1131 613 1183 676 filii
1205 618 1296 692 regni,

92 712 206 775 deinde
228 714 318 773 micas
341 712 452 772 debent
473 719 613 784 expetere
635 712 782 771 humiliter
805 716 946 777 extranei.

188 815 262 875 Item
284 815 322 874 ad
344 813 469 875 consilia
493 815 576 887 regni
599 815 693 887 primo
710 818 741 873 et
756 808 958 887 principaliter
972 817 1123 891 pertinent
1137 816 1190 879 filii
1204 824 1296 896 regni,

83 918 142 991 qui
158 933 194 976 ex
208 916 307 976 nativa
320 915 511 975 inclinatione
526 913 665 975 affectant
680 914 788 973 bonum
803 916 902 988 regni;
917 931 977 976 non
988 925 1085 978 autem
1097 921 1140 980 sie
1152 925 1294 983 extranei.

85 1018 129 1077 Et
158 1018 188 1077 in
216 1016 302 1090 buJus
325 1017 438 1090 siguum
469 1015 604 1074 Salvator
632 1022 741 1086 noster,
765 1018 894 1089 quamvis
918 1020 1051 1080 consiliis
1073 1037 1131 1082 uon
1159 1023 1294 1098 indiguit,

84 1127 186 1181 tamen
201 1135 256 1192 pro
270 1118 478 1178 informatione
493 1125 596 1177 nostra
610 1133 628 1175 a
643 1119 705 1177 suis
720 1119 865 1192 apostolis
876 1121 959 1194 quasi
971 1123 1124 1182 consilium
1136 1126 1295 1198 expetivit:

85 1221 214 1283 Joannia
238 1224 256 1279 6
279 1220 350 1280 dicit
371 1219 409 1278 ad
431 1218 614 1290 Philippum:
637 1220 714 1277 uude
730 1235 858 1280 ememus
875 1234 988 1295 panem,
1005 1230 1036 1283 ut
1051 1225 1226 1286 manducent
1241 1227 1294 1287 hi?

86 1322 223 1396 Qualiter
244 1329 340 1381 autem
355 1320 518 1380 consiliarii
534 1320 665 1379 armaret
688 1322 823 1379 conversi
847 1328 915 1382 sunt
936 1324 967 1383 in
994 1340 1092 1384 arcum
1122 1343 1241 1401 pravum
1264 1330 1293 1388 iu

86 1423 231 1494 consiliis,
247 1428 346 1495 potest
362 1427 464 1494 patere
480 1421 509 1481 in
526 1421 596 1495 illis,
612 1421 661 1494 qui
678 1420 714 1479 ad
731 1428 845 1493 partem
858 1423 939 1484 Clem
956 1422 989 1505 (i.
1007 1441 1032 1489 e.
1046 1426 1171 1502 Ruperti
1193 1428 1228 1488 R.
1243 1426 1294 1511 R.)

85 1526 126 1585 de
149 1525 338 1584 universitate
361 1523 504 1596 Pragensi
528 1518 750 1601 (desciverunt),
779 1525 881 1583 nutriti
910 1525 947 1584 de
974 1543 1050 1599 pane
1065 1532 1149 1604 regni
1164 1538 1193 1590 et
1208 1547 1292 1603 prae-

88 1626 197 1687 bendis
213 1623 293 1686 aerm¹
317 1625 459 1697 principis
473 1623 671 1684 Romanorum
695 1640 812 1696 semper
833 1627 960 1699 Augusti
983 1635 1013 1688 et
1034 1629 1193 1692 Bohemiae
1215 1634 1294 1707 regis

88 1728 295 1811 (wenceslai),
318 1730 368 1803 qui
388 1744 459 1788 vere
480 1734 580 1801 potest
594 1728 691 1789 dicere
707 1727 827 1787 cuilibet
841 1728 974 1789 illorum:
1000 1735 1048 1806 qui
1064 1734 1172 1798 edebat
1190 1753 1294 1809 ponem

87 1848 193 1903 meum,
205 1828 400 1904 magnificavit
411 1846 500 1905 super
511 1846 557 1889 me
571 1830 846 1902 supplantationem,
863 1830 1061 1906 magnificavit
1067 1879 1138 1894 .....
1154 1839 1294 1911 consiliis,

88 1943 121 1994 et
135 1929 329 2008 magnificavit
342 1929 504 1990 manifestis
520 1930 788 2003 praedicationibus
809 1938 912 1990 cenna
926 1951 982 2010 nne,
999 1937 1044 1995 cut
1059 1938 1090 1995 in
1102 1940 1294 2001 universitate

84 2039 241 2111 juraverat
270 2034 308 2094 de
330 2033 408 2093 bouo
431 2033 596 2105 providere,
619 2033 656 2092 ad
684 2049 893 2108 quemcumque
916 2042 1021 2096 statum
1045 2039 1205 2100 deveniret.

194 2135 302 2212 Quinto
327 2137 430 2209 objicit
450 2136 530 2194 natio
554 2137 723 2208 Teutonico,
747 2138 823 2210 quod
853 2140 933 2197 natio
956 2140 1116 2201 Bohemica
1137 2147 1295 2218 perjurium

94 2240 249 2310 incideret,
285 2239 310 2298 si
332 2238 520 2297 donatiouem
552 2237 639 2296 triam
671 2255 773 2297 vocam
807 2245 983 2312 acceptaret.
1026 2243 1066 2303 Et
1092 2245 1209 2315 planum
1242 2256 1295 2319 est,

88 2341 170 2416 quod
193 2357 250 2400 nou
273 2346 373 2414 potest
394 2339 449 2397 boc
472 2339 551 2398 natio
574 2337 739 2397 Teutonico
760 2340 921 2403 deducere.
965 2341 1040 2401 Nam
1063 2346 1130 2417 qaia
1144 2348 1296 2420 quodlibet

87 2446 250 2507 membrum
280 2444 480 2504 universitatis
509 2441 595 2501 studii
624 2443 784 2514 Pragensis
811 2442 922 2513 juravit
952 2444 1061 2503 bonum
1085 2448 1294 2520 universitatis,

88 2555 120 2608 et
141 2565 205 2607 cum
228 2548 393 2622 regnicolas
415 2546 525 2605 babere.
541 2546 730 2616 praecipuum
748 2546 879 2617 regimen
900 2548 1103 2606 universitatis
1120 2554 1166 2608 eat
1180 2550 1295 2623 bonum,

88 2648 159 2720 quia
175 2648 310 2720 superius
323 2649 432 2721 justum
455 2651 500 2704 est
522 2651 688 2704 ostensum:
710 2645 800 2717 igitur
822 2645 974 2717 quodlibet
999 2648 1158 2708 membrum
1181 2654 1295 2712 univer·

92 2747 173 2807 itatis
203 2748 290 2808 studii
320 2748 481 2820 Prageusis
509 2749 619 2821 juravit
650 2746 713 2817 boe,
743 2764 827 2821 quam
851 2747 892 2827 (?)
925 2751 966 2809 sio
995 2750 1152 2811 rectificari
1175 2753 1293 2827 syllogi-

64 2830 68 2836 ’
92 2850 183 2909 stiae:
205 2848 297 2908 Omne
328 2849 434 2908 bonum
463 2849 663 2908 universitatis
694 2849 869 2908 servandum
892 2851 937 2909 vel
962 2853 1175 2923 procurandum
1199 2856 1291 2929 quod·

97 2948 168 3010 libet
196 2950 356 3012 membrum
386 2951 585 3010 universitatis
609 2950 696 3010 studii
719 2951 879 3023 Prageusis
900 2953 1026 3026 juravit:
1050 2954 1103 3012 sed
1125 2955 1290 3027 regnicolas

101 3053 177 3124 regui
197 3053 355 3112 Bohemiae
376 3052 487 3112 babere
510 3053 699 3124 praecipuum
721 3053 853 3125 regimen
869 3053 899 3112 in
914 3055 1106 3114 universitate
1123 3062 1169 3116 est
1184 3057 1291 3117 bonum

104 3152 307 3214 universitatis:
329 3154 419 3226 igitur
440 3154 592 3227 quodlibet
613 3153 773 3212 membrum
796 3152 852 3213 hoc
873 3172 912 3215 oc.
936 3155 1012 3230 (eie).

188 3256 281 3329 Igitur
308 3256 461 3330 quodlibet
484 3258 680 3330 jnramentum
712 3256 883 3328 posterius,
916 3255 967 3314 illo
1000 3256 1095 3328 primo
1125 3258 1291 3330 jnrameuto

100 3359 324 3428 cenomanicus,
355 3358 462 3417 nullius
491 3365 537 3417 est
566 3357 682 3416 roboris
712 3357 758 3416 vel
785 3359 938 3429 momenti3
966 3364 999 3417 ut
1025 3365 1106 3430 patet
1140 3359 1177 3419 de
1206 3362 1289 3432 jure-

92 3447 214 3518 jurando
241 3459 273 3518 iu
302 3458 434 3529 collecta,
462 3458 512 3517 ubi
541 3458 647 3518 dieitur
673 3464 705 3518 et
733 3456 862 3517 refertur
888 3457 926 3517 de
954 3475 1025 3534 rege
1054 3458 1211 3534 ngariae,
1241 3461 1291 3535 qui

92 3558 231 3621 tumeam
266 3560 461 3620 alienationes
495 3558 607 3619 fecerat
638 3560 668 3618 iu
702 3558 912 3632 praejudicium
941 3560 1023 3633 regni
1051 3561 1095 3619 sui
1125 3566 1154 3621 et
1184 3567 1286 3621 eontra

84 3641 240 3730 honorem,
273 3676 344 3734 quaa
375 3661 461 3720 etiam
488 3661 654 3733 jnromento
677 3657 850 3719 firmaverat.
895 3661 977 3734 Papa
997 3661 1146 3720 mandavit
1166 3668 1198 3720 ut
1218 3661 1285 3720 illas

76 3757 214 3831 revocet,
236 3761 306 3835 quia
321 3761 402 3834 prins
416 3763 447 3820 in
471 3762 661 3823 coronatione
684 3778 737 3820 sua
755 3762 865 3834 jnravit
884 3763 953 3833 jara
974 3764 1057 3835 regui
1074 3759 1132 3842 (ct)
1148 3762 1288 3823 honorem

71 3857 216 3920 ⁰⁰¹'0uae
238 3861 448 3921 inviolabiliter
470 3863 641 3933 observare3
663 3868 822 3936 propterea
839 3859 1037 3939 jurameutum
1060 3863 1207 3934 posterius
1232 3862 1288 3921 sibi

67 3954 140 4051 '⁰⁰¹1
179 3960 263 4022 licuit
297 3962 465 4021 observare.
509 3964 589 4036 Ergo
622 3979 640 4021 a
673 3964 736 4035 pari
777 3961 930 4036 quodlibet
960 3964 1156 4035 juramentum
1190 3964 1283 4035 primo

61 4054 251 4122 iuramento
273 4063 355 4122 licito
377 4063 601 4123 contraveniens
625 4069 671 4122 est
692 4064 790 4136 potins
813 4063 1013 4123 resecandum.

186 4164 259 4223 Item
282 4171 406 4233 constat,
429 4164 505 4237 quod
529 4163 688 4223 declaratio
711 4169 741 4222 et
762 4163 966 4237 interpretatio
983 4164 1125 4236 principis
1138 4166 1187 4234 Jus
1203 4162 1288 4235 lacit;

62 4242 91 4296 ”t
133 4267 230 4325 natet
257 4264 293 4324 de
321 4265 417 4323 uentris
447 4263 524 4344 (cap.
551 4267 564 4321 l
593 4265 672 4323 inter
701 4264 760 4323 alia
788 4270 819 4323 et
847 4265 985 4338 quotidie,
1008 4264 1046 4323 de
1067 4263 1199 4336 legibus,
1221 4264 1287 4338 lege

63 4342 185 4453 P'Jma
205 4369 236 4423 et
256 4363 359 4426 ultima
382 4366 432 4434 Xl,
456 4371 568 4438 quaest.
594 4366 632 4442 1),
655 4383 671 4423 e
707 4380 744 4423 ex
766 4364 813 4424 his
836 4365 977 4425 omnibus.
1007 4364 1065 4424 Sed
1082 4383 1144 4424 eum
1168 4364 1288 4424 donatio

64 4438 174 4518 hum
198 4481 300 4524 vocum
320 4465 432 4524 nationi
452 4464 628 4525 Bohemieac
642 4466 681 4524 sit
691 4465 898 4537 interpretatio
910 4465 1007 4524 bullae
1020 4482 1128 4525 aureae
1140 4479 1195 4539 per
1207 4466 1287 4537 prin·

68 4535 188 4623 epam
215 4564 305 4625 lacta:
334 4567 422 4639 igitar
450 4566 562 4626 nationi
595 4564 772 4625 Bohemicae
796 4568 845 4639 J'us
875 4563 953 4625 lucit.
987 4568 1083 4640 Quare
1110 4581 1180 4645 ergo
1207 4567 1286 4626 antio

72 4635 251 4732 bohemica
272 4667 394 4749 dejure
416 4666 582 4742 huiuamodi
604 4682 663 4733 non
684 4665 849 4741 gauderet?
