2992 5258
152 430 213 494 184
393 426 585 481 decusationes
602 424 639 479 M.
657 423 683 480 J.
701 423 759 479 Hus
777 424 889 495 ejusque
906 442 1044 496 response.
1078 434 1102 483 4.

151 624 272 693 tiamird
291 627 331 693 d).
349 627 479 695 Nicolso
502 628 678 709 Augustini,
701 627 786 709 quod
806 629 868 694 iste
889 629 929 693 sd
951 648 1064 711 preces
1084 637 1213 696 nostres
1234 648 1340 696 curam

151 746 228 810 rego
255 726 368 796 effecit.
1043 742 1048 751 ·

250 828 330 895 Item
352 827 491 909 deponit,
514 827 598 909 quod
615 828 735 909 pluries
750 827 904 893 audivita
924 827 966 892 M.
988 829 1111 894 Joanne
1133 829 1202 894 Hus
1223 830 1286 894 dici
1307 834 1342 909 et

152 927 342 1008 praedicari:
375 928 468 1008 Vere,
503 928 579 1008 quid
612 927 749 993 videtis?
777 929 914 1009 saepius·
932 929 996 993 dixi
1030 929 1138 1019 vebis,
1173 931 1247 1010 quis
1278 928 1341 995 tide

151 1044 265 1108 corpus
288 1028 405 1094 Christi
428 1028 569 1093 videmus
584 1029 616 1092 in
632 1029 685 1093 iilo
702 1047 792 1109 pane,
815 1030 867 1109 qui
880 1048 938 1110 per
959 1029 1157 1095 sacerdotem
1184 1028 1339 1109 elevatur,

150 1127 339 1210 adjungens:
360 1128 504 1207 mittetis,
526 1129 610 1210 quod
631 1129 779 1192 sacerdos
802 1126 945 1193 comedat
967 1129 1007 1193 de
1028 1128 1099 1193 istis
1119 1127 1290 1211 speciebus
1304 1129 1338 1193 in

150 1234 293 1307 tuntum,
325 1228 409 1308 quod
430 1226 642 1308 saturabitur,
676 1226 769 1292 etde
791 1229 888 1293 culice
909 1229 997 1294 bibat
1024 1229 1057 1293 in
1078 1236 1221 1309 tuntum,
1254 1226 1340 1310 quod

151 1326 358 1392 suffundetur.

250 1428 334 1489 Diei
356 1447 460 1505 saepe,
490 1426 569 1505 prod
581 1424 649 1505 fide
676 1424 815 1486 uidemus
843 1445 956 1505 corpas
977 1424 1096 1490 Christi
1123 1427 1158 1488 in
1179 1427 1279 1506 specie
1297 1426 1345 1489 oei

150 1527 186 1587 iss
202 1525 314 1607 foresta
329 1528 439 1606 porris,
460 1533 488 1586 et
507 1527 554 1587 sic
573 1529 607 1586 irc
625 1545 718 1605 parre,
740 1527 818 1586 sieut
834 1523 971 1606 loquitur
990 1527 1153 1606 apostotus
1168 1528 1193 1589 J
1201 1527 1343 1588 Corinth.

149 1624 207 1687 X⁰
219 1644 227 1690 ε
240 1626 372 1702 Partem,
394 1644 484 1706 quem
494 1626 689 1707 decepimus,
715 1646 818 1685 mosee
836 1627 1042 1705 participatio
1064 1628 1204 1706 corporis
1218 1627 1343 1690 <domini

150 1726 219 1788 cett
257 1726 305 1788 Et
327 1727 525 1807 Arrpustinus
546 1725 584 1785 de
604 1725 831 1785 consecratione
852 1724 990 1787 distinct.
1011 1724 1048 1787 2⁰
1073 1726 1165 1788 dicit:
1192 1724 1275 1804 puori
1295 1724 1341 1787 ut:

150 1825 250 1903 detrtr,
268 1827 431 1905 panisest.
467 1825 515 1887 Et
536 1825 680 1886 sacerdos
710 1845 834 1886 sternens
855 1834 1086 1887 sacramentum
1112 1827 1208 1888 dicit:
1222 1846 1343 1906 panem

150 1926 304 1988 coetestem
325 1927 477 2006 accipiam
498 1942 536 1989 tc.
1155 2010 1157 2015 Α

249 2027 329 2091 Item
352 2026 436 2107 quod
459 2026 578 2107 pluries
601 2026 640 2090 ab
663 2025 732 2106 ipso
754 2025 883 2103 surdivit,
908 2026 991 2106 quod
1013 2027 1182 2108 presbyter
1198 2025 1343 2091 existens

150 2126 181 2190 in
204 2126 329 2190 mortali
350 2135 482 2207 peccsto
504 2143 567 2189 non
590 2133 697 2206 potest
717 2126 883 2189 absolvere
905 2126 999 2189 alium
1023 2126 1083 2189 sibi
1105 2124 1321 2191 confitentem.

247 2223 406 2287 Mentitur
432 2226 482 2287 hic
508 2226 543 2287 iu
564 2226 625 2285 isto
652 2245 721 2286 cum
747 2224 832 2287 aliis.
875 2222 938 2286 Sed
958 2245 1064 2286 vestm
1085 2232 1140 2297 est,
1170 2227 1251 2305 pcc-od
1272 2224 1344 2293 disi

150 2334 179 2387 et
201 2325 281 2404 dico,
308 2324 390 2404 quod
411 2345 474 2385 aon
498 2331 598 2403 potest
619 2322 764 2384 sacerdos
784 2324 916 2384 resistens
936 2324 971 2385 ie
992 2324 1122 2386 mortali
1138 2332 1266 2404 peccato
1287 2326 1344 2388 ab·

149 2424 265 2486 sotuero
292 2424 392 2487 olium
428 2424 522 2505 dipne
548 2425 611 2485 siue
638 2423 813 2502 meritorie,
846 2423 919 2502 piria
948 2431 1057 2502 peccat
1085 2425 1131 2486 sio
1156 2426 1193 2487 in
1217 2432 1343 2505 peccato

150 2526 281 2587 mortali
301 2521 494 2588 absolomdo.
594 2594 597 2598 ,
835 2580 838 2585 ,

249 2626 330 2690 Item
352 2624 440 2703 dixit,
462 2625 546 2705 quod
568 2623 722 2688 srrdivita
744 2623 785 2687 M.
807 2624 931 2688 Joenne
953 2622 1023 2687 Hus
1044 2623 1077 2687 in
1099 2622 1288 2688 Bethlehem
1303 2624 1345 2690 ed

45 2782 48 2787 ,
152 2724 303 2805 populum
317 2723 530 2803 praedicante,
553 2723 606 2786 ubi
622 2723 709 2801 dixit,
733 2723 816 2803 quod
832 2741 894 2788 non
910 2723 1068 2804 reciperet
1083 2722 1167 2788 iilam
1189 2724 1344 2805 capellam

151 2825 276 2906 plenam
297 2840 389 2902 euro,
413 2823 496 2903 quod
518 2822 685 2886 recederet
706 2822 839 2886 edictis
861 2829 894 2887 et
915 2823 966 2887 uie
987 2822 1111 2886 Wiidei.

250 2920 362 2985 Miscet
383 2924 433 2984 hic
453 2921 590 2983 mendac
605 2923 730 3002 futurem
752 2945 821 2982 rum
834 2943 920 3003 prmo.
962 2923 1048 2984 Diei
1069 2924 1160 2994 euim,
1183 2922 1267 3002 quod
1280 2943 1344 2985 noa

150 3025 315 3104 reciperem
342 3021 495 3101 capellam
512 3021 640 3101 plenam
662 3043 755 3103 acero,
789 3031 824 3083 ut
845 3022 1012 3084 recederem
1033 3043 1054 3083 o
1075 3024 1219 3102 ueritate,
1250 3041 1344 3103 pedm

150 3125 278 3206 copuooi
298 3122 449 3185 addictis
472 3123 604 3203 Wilcles:
635 3122 689 3184 sed
710 3144 774 3184 nors
796 3123 865 3184 diri
891 3144 912 3184 a
940 3123 991 3184 via
1015 3123 1137 3204 WiIcIes.
1181 3120 1344 3204 Quidquid

150 3226 232 3286 enim
253 3224 396 3285 ueritatis
422 3223 505 3284 dicit
527 3222 646 3303 Wie'tef,
668 3224 793 3304 recipio,
825 3244 890 3284 roos
912 3224 985 3302 quia
1009 3229 1054 3284 est
1081 3223 1198 3285 ueritas
1218 3223 1346 3305 Wtkief,

150 3324 205 3386 sed
226 3326 300 3405 puio
321 3331 365 3385 est
385 3324 501 3384 recitas
524 3323 651 3386 Christi.
695 3325 783 3385 Nam
811 3322 888 3384 dicit
909 3323 1109 3402 Aopusttnus
1129 3330 1242 3387 contra
1261 3322 1341 3387 Poe

151 3423 312 3500 cilionem,
334 3431 363 3485 et
392 3424 522 3483 iradetur
550 3424 583 3484 [α
613 3444 639 3502 p.
664 3423 681 3483 I
686 3423 711 3486 t.
738 3420 876 3502 capitulo
903 3423 1066 3484 Dentibus
1094 3422 1289 3486 declaravit:
1307 3422 1342 3485 Si

152 3545 223 3607 erpo
253 3523 413 3603 apostotus
439 3526 540 3584 creceio
566 3522 655 3605 arjos
682 3522 875 3604 atierzipenae
896 3524 1116 3600 testimonium,
1144 3523 1219 3602 quia
1239 3542 1343 3585 omem

152 3625 308 3704 comperit,
329 3624 426 3684 etiam
446 3625 513 3702 ipse
533 3630 702 3689 attestatus
722 3630 782 3684 est:
804 3644 859 3684 car
880 3644 943 3685 aon
965 3622 1053 3702 apud
1072 3642 1278 3705 pessummque
1294 3623 1342 3685 ia·

152 3725 324 3786 venerimus
345 3724 426 3803 prod
450 3725 567 3786 Christi
588 3731 633 3785 est
653 3731 682 3785 et
702 3744 808 3785 traam
828 3730 883 3796 est,
912 3724 1037 3786 etiamsi
1057 3722 1120 3802 eccs,
1145 3721 1235 3802 opud
1256 3740 1344 3804 querit

152 3824 319 3900 inuenitur,
337 3832 550 3904 pervertisset
565 3825 678 3906 saltas
698 3825 766 3886 est?
805 3825 897 3886 Haec
916 3824 1123 3905 Aepuestiaas.

252 3922 332 3987 Item
348 3923 436 4000 dixit,
459 3923 543 4002 quod
558 3923 669 3987 melius
686 3931 735 3986 est
751 3923 861 4003 jurare
874 3924 906 3986 in
921 3923 991 3986 vivo
1007 3921 1082 4002 deo,
1104 3938 1198 4002 quam
1220 3922 1253 3988 in
1268 3920 1344 3988 ims-

154 4024 226 4106 gine
249 4023 297 4087 uei
320 4040 521 4106 pergameno.

253 4123 345 4185 Istud
374 4123 443 4185 disi
469 4142 575 4184 coram
602 4124 840 4204 inquisitoribus
861 4122 1094 4197 dramaticorum,
1116 4120 1164 4184 Μ.
1185 4121 1345 4184 Mauritio

153 4232 182 4285 et
202 4224 354 4287 Jurostao
382 4225 538 4304 episcopo,
568 4232 597 4285 et
625 4245 730 4286 coram
758 4225 872 4286 nicorio
902 4225 950 4285 irs·
966 4221 1198 4304 spiritualibus,
1219 4220 1344 4303 pseudo

152 4327 306 4386 recedant
326 4325 518 4385 sacerdotem
534 4326 708 4397 Abraham,
731 4324 866 4386 dicentes
886 4343 992 4385 coram
1013 4343 1070 4398 me,
1092 4322 1174 4402 prod
1194 4319 1346 4387 notetmt

153 4425 271 4499 iterare.
314 4425 369 4486 Ad
391 4446 477 4505 quem
500 4425 568 4487 diei
590 4445 696 4487 coram
718 4427 810 4506 ipsis:
833 4445 896 4485 aon
917 4425 964 4485 cis
986 4432 1020 4485 ta
1038 4422 1173 4502 juraret
1207 4421 1280 4498 Qui
1298 4442 1342 4489 roe

155 4525 297 4604 spondit:
318 4527 435 4587 Jrrraui
456 4527 535 4604 ipsis
551 4545 612 4606 per
625 4525 717 4585 derum
738 4527 849 4604 uicum,
871 4525 953 4604 qood
973 4523 1040 4586 volo
1055 4526 1218 4587 ueritatem
1237 4522 1344 4593 dicere.

156 4631 184 4686 et
205 4625 268 4705 ipsi
288 4628 439 4706 carpebant
455 4647 510 4700 ete,
533 4632 568 4687 ut
581 4627 729 4708 jurarem
741 4646 834 4705 super
844 4624 1037 4705 cturpciitrm
1047 4631 1076 4685 et
1086 4625 1259 4707 incepissem
1279 4642 1345 4687 cra·
