2992 5258
500 414 557 467 m
576 413 691 469 θιιιιιιιι
707 415 833 485 ιιιιοιιγιιιὶ
850 414 998 484 scriptoria

147 633 207 677 aon
229 617 344 677 roditur
364 617 502 689 scrupulo

147 716 257 777 letiferi
278 734 355 777 nunu
377 716 497 790 erroris,

149 825 249 879 custos
271 825 318 878 est
337 817 383 877 sui
404 815 523 877 honoris

149 925 180 980 et
201 936 265 978 cum
291 935 344 978 suo
367 918 487 991 populo.

716 622 722 639 ¹
743 614 746 665 Ι
771 620 814 678 sio
835 624 867 680 tu
888 626 983 680 mater
1004 616 1133 679 infidelis

743 674 747 809 Ι
770 725 836 778 tuos
858 717 996 793 proprios
1016 723 1111 788 natos,

772 834 789 877 a
812 818 866 878 dou
889 819 943 878 tibi
964 819 1101 894 donatos,

771 919 903 980 immolas
925 918 1094 990 daemoniis,

147 1019 269 1080 inclitus
301 1019 337 1079 dc
361 1019 497 1081 Jamcos'c
524 1019 722 1095 Porpburdus
744 982 748 1098 ί
772 1038 836 1080 cum
858 1024 973 1094 gentem
994 1020 1153 1080 idolatrare

148 1124 181 1205 nt
202 1120 346 1180 deliciosa
370 1121 480 1213 nardus

152 1238 235 1280 suum
258 1220 371 1294 spargit
391 1221 521 1295 odorem,

773 1121 863 1196 cogis,
887 1137 938 1180 eos
960 1120 1110 1180 ambulare

772 1221 801 1279 in
824 1221 870 1280 his
891 1219 1007 1291 Wiolei,
1031 1219 1094 1279 llus
1116 1219 1186 1279 viisl

149 1319 722 1401 scaetasmtmffloroanpalbaross
773 1321 827 1394 Tu,
850 1322 1020 1381 saevissima
1040 1319 1172 1389 lezabel,

151 1421 324 1480 naturaliter
347 1437 504 1496 generosa3

151 1519 180 1578 hi
203 1521 348 1580 scismatis
370 1520 523 1595 foetorem,

151 1636 220 1679 vere
242 1637 301 1680 non
323 1630 447 1705 possunt
469 1624 590 1692 sentire,

149 1720 254 1780 uolunt
275 1722 370 1781 errori
391 1724 569 1796 consentire,

152 1821 260 1881 exitum
282 1824 506 1894 praestolantes.

151 1914 322 1984 Sermonem
348 1923 454 1997 loquor
474 1924 600 1997 planum,

151 2022 304 2082 consilinm
331 2024 440 2086 habeut
461 2042 571 2098 sanum,

150 2121 194 2182 sic
215 2124 301 2184 rideo
326 2125 497 2199 gaudentes.

150 2222 268 2284 Felices
289 2225 502 2286 adolescentuli

149 2331 248 2384 vestra
270 2326 354 2398 sigua
375 2332 406 2385 et
426 2325 503 2385 tituli

149 2442 209 2485 non
232 2432 301 2484 sunt
322 2423 475 2485 maculati:

151 2527 204 2586 sed
227 2526 263 2585 de
289 2525 360 2599 Uale,
382 2525 496 2599 pridem
519 2526 643 2611 nobiles,

149 2627 179 2686 in
202 2626 258 2713 boo
279 2642 371 2701 regno
396 2627 586 2701 spectabiles,

149 2729 267 2788 nimium
289 2727 429 2788 infamati.

150 2829 259 2888 Vestra
280 2845 349 2889 rosa
375 2835 422 2919 est
442 2830 561 2902 polluta

149 2929 295 3001 vituperio
317 2930 419 2990 induta

150 3030 215 3090 istis
238 3046 314 3089 nunc
339 3030 534 3103 temporibus;

151 3146 217 3189 nam
239 3131 269 3189 in
292 3130 350 3190 fide
372 3131 522 3203 vacilletis,

149 3237 181 3290 et
201 3246 221 3289 a
241 3231 347 3290 vestris
369 3230 544 3292 discordetis

149 3332 187 3391 ab
214 3332 466 3404 progenitoribus!

150 3431 314 3492 Veritatem
335 3434 429 3493 dicam
450 3433 576 3492 nudam:

155 3531 291 3592 Utrtcom
311 3533 431 3593 militem
452 3533 614 3605 excludam,

149 3633 193 3693 sio
215 3632 300 3693 stilus
321 3649 403 3693 meus
424 3632 534 3708 inquit:

150 3740 182 3794 ut
202 3735 267 3807 ipse
290 3739 395 3808 purget
417 3733 541 3795 scoriam

149 3835 180 3893 in
202 3833 285 3894 vobis
308 3835 384 3895 hauc
405 3835 556 3903 notoriam,

149 3935 222 3995 deus
243 3934 417 4007 impollutum
438 3933 565 4008 reliquit

344 4113 527 4169 Morbowskd.

191 4234 249 4297 Illa
269 4235 305 4295 dc
325 4235 457 4295 Mocbow
483 4237 607 4306 domina,

149 4336 345 4412 ignobilisque
367 4334 486 4410 semina,

149 4445 184 4499 ut
203 4436 306 4499 Lamia
327 4438 468 4510 crudelis3

148 4541 225 4613 ipsa,
248 4552 322 4614 quos
347 4540 445 4598 suetus
465 4549 597 4613 generat,

148 4641 314 4703 ablactatos
336 4641 472 4703 devorat:

770 1424 879 1495 iustum
900 1423 991 1482 virum
1015 1426 1049 1481 ut
1068 1420 1145 1480 Abel

773 1523 928 1597 plebanum
950 1521 1147 1596 persequeris,

773 1624 822 1698 qui
844 1640 862 1683 a
884 1629 911 1682 te
934 1621 1123 1683 contumelias

773 1725 882 1797 patitur
903 1725 933 1782 iu
954 1722 1028 1799 Uel,
1053 1727 1086 1781 nt
1106 1721 1207 1780 Helias

772 1827 802 1884 in
824 1823 938 1883 inferno
960 1823 1154 1896 torqueberis.

774 1927 813 1986 Et
834 1927 877 1985 sio
900 1931 929 1984 te
954 1924 1090 1983 miseram
1112 1939 1197 1982 anum

772 2026 880 2098 pellem
901 2025 939 2084 ad
961 2024 1095 2085 Plutonis
1117 2040 1202 2084 anum

774 2144 837 2189 cum
860 2126 918 2186 tuis
944 2123 1114 2198 fullonibus,

773 2248 805 2290 es
828 2226 941 2301 perfida
961 2226 1068 2297 vetula,

773 2337 806 2390 ut
826 2329 956 2403 puniaris
977 2344 1032 2400 per
1054 2325 1153 2386 secula

775 2433 813 2492 ibi
837 2448 900 2492 cum
923 2424 1123 2488 daemonibus.

959 2605 1161 2677 sigismundus.
1192 2596 1194 2603 ’

813 2733 907 2793 Multa
928 2731 995 2789 loos
1016 2725 1169 2800 peragravi

771 2833 831 2917 jam
854 2849 918 2892 oum
940 2829 1095 2902 dispendio
1117 2826 1208 2902 grani,

774 2951 832 2994 non
855 2932 936 3005 potui
959 2929 1113 3002 prodesse.

773 3037 838 3097 lam
860 3047 952 3106 usque
975 3030 1013 3090 ad
1036 3037 1065 3088 te
1087 3026 1222 3100 perveni:

773 3152 845 3210 rogo
867 3140 905 3203 te,
930 3148 1007 3190 nunc
1029 3128 1151 3190 subveni

772 3234 919 3302 Bohemis,
938 3234 999 3305 jam
1026 3236 1073 3290 est
1091 3243 1224 3288 neeesse.

773 3337 818 3395 Tu
840 3330 1024 3409 Sigismunde
1045 3329 1251 3397 Romanorum,

773 3452 877 3498 serene
899 3450 952 3494 rex
976 3431 1170 3505 Uagarorum,

773 3543 879 3599 statum
901 3548 995 3607 pensa
1019 3530 1132 3602 seculi;

773 3655 838 3698 nam
859 3635 1019 3707 impulsent
1043 3630 1174 3692 studiose

773 3747 802 3798 te
824 3753 876 3797 rex
898 3735 1036 3809 frequens
1058 3731 1220 3792 clamorose

772 3836 923 3897 Bohemioi
945 3832 1055 3908 populi,

772 3944 805 3997 ut
826 3938 955 4009 extirpes
975 3941 1080 4021 gentes
1102 3946 1225 4006 pravam

773 4039 898 4099 extende
920 4053 997 4097 nuno
1017 4033 1110 4094 fortes
1131 4030 1195 4091 alas

772 4139 922 4199 volitantis
942 4135 1066 4210 aquilus,

772 4257 873 4313 paoem
895 4237 1023 4297 ionoans
1048 4233 1228 4303 clericorum,

772 4342 910 4402 nobilium
934 4345 963 4397 et
984 4338 1166 4405 rostiuomm,

772 4443 878 4502 scisma
899 4440 1002 4500 delens
1024 4436 1131 4497 flebile.

772 4541 804 4602 Si
825 4550 891 4602 tuus
912 4541 961 4600 leo
983 4538 1088 4614 rugiet,

772 4643 865 4702 omnis
886 4639 1050 4702 Wiclsfistu
1071 4638 1163 4715 lugiet
