2992 5258
383 406 404 457 1.
441 402 638 457 Condcrnnatio
656 406 689 456 «lb
706 402 881 457 articulorum
898 400 1006 457 Wicloi.
1232 408 1290 470 331

195 606 315 683 Quibus
354 604 480 687 quidem
516 605 659 671 articulis
696 606 743 672 sic
778 605 884 678 lectis,
922 604 1006 670 idem
1040 603 1077 668 D.
1108 604 1292 670 Waltherus

100 711 272 774 llarrasser
300 711 416 785 rector,
440 706 590 771 scrutatis
623 708 706 773 votis
739 707 877 772 omnium
909 712 942 771 ct
970 706 1166 785 singulorum
1194 707 1292 787 magi·

98 818 235 877 strorum
250 808 368 874 ibidem
382 806 608 891 praesentium,
630 807 822 874 antedictam
838 806 1079 872 universitatem
1094 808 1290 888 Prageusem

99 914 422 995 repraesentantium,
459 910 586 975 tandem
622 910 795 976 secundum
831 909 1045 993 pluralitatem
1081 927 1193 975 vocum
1233 929 1291 993 per

99 1013 229 1080 eandem
260 1011 501 1077 universitatem
534 1010 715 1076 conclusum
743 1012 812 1091 duit,
845 1012 929 1094 quod
951 1014 1057 1079 nullus
1089 1011 1289 1093 dogmatiset,

97 1113 259 1197 praedicet
288 1112 339 1179 vel
368 1118 502 1192 asserat,
530 1112 656 1194 publice
687 1113 736 1176 uel
759 1114 890 1193 occulte,
915 1113 1115 1197 supradictos
1137 1112 1289 1179 articulos

97 1216 180 1282 dicto
203 1214 330 1281 domino
353 1214 472 1280 rectori
493 1231 553 1296 per
574 1213 722 1279 dominos
743 1213 898 1281 loannem
920 1214 1087 1282 officialem
1100 1214 1293 1295 Pragensem

98 1322 128 1382 et
157 1304 397 1381 wenceslaum
416 1313 672 1381 archidiaconum
704 1317 939 1399 suprascriptos
962 1321 1198 1399 praesentator,
1232 1314 1292 1382 sub

100 1435 202 1500 poena
222 1415 370 1500 praestiti
389 1415 571 1496 juramenti.

200 1516 250 1582 De
265 1517 379 1598 quibus
395 1516 540 1582 omnibus
556 1523 589 1583 et
604 1517 736 1597 singulis
758 1518 920 1601 praelatus
930 1520 966 1581 D.
981 1517 1163 1585 Waltberus
1186 1524 1292 1584 rector

97 1636 152 1684 suo
174 1625 210 1682 et
231 1618 336 1684 dicme
358 1618 577 1684 universitatis
599 1621 726 1685 nomine
748 1620 862 1702 petivit
883 1620 943 1684 sibi
966 1637 1025 1702 per
1051 1638 1102 1685 me
1130 1619 1290 1685 notarium

101 1718 331 1802 praescriptum
354 1717 464 1785 confici
487 1738 583 1783 unum
605 1719 656 1784 vel
676 1720 769 1802 plura
790 1719 917 1802 publica
938 1720 1161 1786 instrumenta.

192 1820 275 1886 Acta
302 1824 378 1884 sunt
405 1820 485 1885 haec
505 1839 598 1901 anno,
621 1819 804 1899 indictione,
827 1819 887 1899 die,
909 1837 1028 1900 mense,
1052 1820 1139 1900 bora,
1161 1819 1288 1903 pontifi·

98 1924 166 1986 catu
196 1925 230 1986 et
260 1919 339 2001 loco,
370 1922 485 2003 quibus
507 1938 614 2002 supra,
637 1921 860 2002 praesentibus
881 1920 1028 1986 discretis
1051 1921 1127 1986 viris
1150 1919 1289 2002 Georgia

98 2020 234 2087 llatbiae
255 2020 296 2087 de
310 2021 465 2088 Knienica
489 2028 522 2087 et
536 2022 666 2087 Nicolao
688 2022 728 2087 do
748 2021 876 2104 lglavia,
900 2022 1120 2087 Olomucensis
1142 2020 1290 2100 diocesis,

103 2128 131 2187 et
151 2119 250 2187 Paulo
270 2120 394 2188 Nicolai
424 2122 463 2187 de
492 2121 568 2187 Alia
596 2122 687 2188 Muta
713 2122 964 2204 Lutomyslensis
987 2121 1132 2203 diocesia,
1167 2121 1288 2189 schola·

103 2221 185 2288 rubus
213 2228 248 2288 et
276 2222 479 2288 studentibus
507 2222 726 2290 universitatis
753 2222 850 2290 studii
871 2222 1050 2302 Pragensis,
1084 2220 1221 2288 testibus
1250 2220 1291 2288 ad

103 2321 271 2403 praemissa
290 2323 412 2390 vocatis
434 2330 468 2389 et
489 2322 618 2404 rogatis.

196 2487 232 2543 Et
258 2503 308 2557 ego
320 2487 437 2543 ldiehael
461 2495 542 2544 natus
558 2489 692 2559 quondam
709 2489 815 2546 Nicolai
833 2488 867 2544 de
885 2489 1051 2558 Preuhaticn,
1069 2488 1214 2557 Pregenais
1232 2486 1288 2542 dio·

225 2571 303 2640 cesis,
321 2572 446 2641 publicus
463 2574 625 2628 auctoritate
643 2574 776 2642 imperiali
795 2572 924 2640 notarius,
938 2571 1086 2642 praedictis
1098 2572 1288 2640 magistrorum

224 2657 434 2725 congregationi,
452 2657 627 2713 articulorum
645 2658 762 2726 lectioni,
782 2658 948 2725 sambatium,
967 2656 1098 2726 petitioni,
1112 2656 1289 2724 omnibusque

224 2736 285 2796 offis
303 2746 331 2795 et
354 2741 468 2810 singulis
491 2742 689 2810 suprascriptis,
717 2742 780 2796 dum
807 2742 854 2809 sic,
881 2748 910 2797 ut
927 2741 1121 2811 praemittitur,
1147 2739 1245 2795 flerent
1262 2746 1289 2795 ct

226 2831 380 2893 agerentur,
406 2841 522 2880 unacum
544 2827 755 2893 praenominatis
779 2826 893 2881 testibus
916 2842 1045 2895 praesens
1063 2823 1182 2892 interlui,
1201 2839 1288 2892 eaque

228 2907 318 2962 omnia
342 2908 381 2962 sic
403 2909 462 2963 fieri
487 2909 540 2963 ridi
565 2915 593 2963 et
609 2910 707 2973 audivi,
725 2918 753 2964 et
769 2916 916 2980 occupatus
934 2925 983 2978 per
1000 2909 1054 2963 alia
1071 2907 1189 2962 fideliter
1207 2907 1287 2962 scribi

228 2992 377 3059 procurari,
404 3008 500 3061 meque
526 2994 570 3048 bic
596 3009 677 3048 manu
700 2995 810 3063 propria
826 2993 981 3062 subscripsi,
994 2993 1059 3048 etin
1072 2992 1288 3060 bancpublicam

228 3072 341 3129 formam
358 3074 460 3145 redegi,
478 3077 554 3143 signo
572 3085 600 3131 et
615 3078 722 3132 nomine
740 3079 806 3133 meis
824 3078 912 3133 solitis
930 3083 957 3132 et
974 3075 1110 3132 consuetis
1123 3075 1286 3143 consignavi,

224 3165 334 3227 rogatus
352 3167 379 3213 et
395 3161 542 3228 requisitus
559 3161 586 3215 in
602 3160 684 3215 fidem
702 3170 730 3216 et
747 3162 928 3217 testimonium
947 3160 1064 3217 omnium
1078 3165 1107 3215 ot
1120 3158 1287 3233 singulorum

226 3243 441 3309 praemissorum.
478 3245 591 3299 Constat
612 3245 677 3299 mibi
700 3246 805 3301 notario
823 3245 963 3313 praedicto
981 3244 1015 3298 de
1032 3259 1128 3299 rasura
1145 3243 1173 3296 iu
1190 3249 1287 3310 quarta

224 3324 296 3379 linea
313 3341 331 3380 a
348 3327 437 3394 capite
454 3329 606 3396 praesentis
623 3329 793 3384 instrumenti
811 3329 991 3398 computando
1015 3328 1096 3394 sacta,
1119 3342 1189 3397 quae
1213 3324 1286 3381 lacte

225 3416 266 3464 est
282 3426 336 3465 uon
352 3410 426 3477 vitio,
444 3411 493 3466 sed
505 3428 610 3481 errore;
622 3414 776 3482 ignoscatis,
790 3430 870 3483 quam
881 3415 925 3469 bic
937 3429 1018 3469 mauu
1035 3412 1145 3482 propria
1157 3410 1285 3480 approbo.
