2992 5258
354 421 395 473 47.
414 418 509 473 Clonus
521 418 597 485 Prag.
606 419 780 487 conqueritur
796 419 868 487 apud
879 435 976 488 papam
988 419 1021 473 de
1034 421 1071 475 Μ.
1084 421 1150 474 llus.
1292 424 1348 488 461

157 623 251 703 vulgo
280 641 374 705 qurum
403 641 508 688 coram
537 622 662 688 clericis
692 630 804 688 contra
825 621 1005 705 praedictas
1028 623 1244 704 indulgentias
1267 623 1353 689 obla-

157 731 243 789 trare
274 728 307 787 et
335 723 452 787 motiva
480 740 537 787 sua
567 722 721 803 pestilera
750 723 782 786 in
814 723 943 804 scriptis
974 742 1031 805 por
1060 725 1166 789 varios
1188 724 1353 789 districtus

158 842 327 906 regnorum
351 822 530 903 Boherniac‚
554 823 712 901 l‘olouiuc‚
736 823 906 903 Unguriue
937 841 996 888 uec
1023 843 1085 887 non
1118 825 1354 891 marchionatus

157 923 319 989 Moraviae
342 942 403 988 nou
427 924 555 989 crubuit
577 924 748 1001 destinare,
773 941 831 1005 per
852 942 934 1005 quiae
957 925 1082 1006 plurimi
1102 924 1220 989 Christi
1244 924 1353 989 fideles

155 1026 195 1090 ab
218 1024 401 1090 obedientia
423 1032 455 1090 et
477 1026 547 1090 aliis
564 1025 625 1106 piis
640 1025 792 1105 operibus
808 1031 882 1088 suut
900 1025 1031 1089 seducti.
1063 1021 1155 1090 Unde
1172 1026 1352 1091 beatissimo

156 1127 266 1208 poteri
296 1125 529 1207 speculatorem
558 1127 668 1190 domus
699 1125 817 1189 domiui
846 1125 924 1190 deus
955 1126 1023 1208 ipse
1046 1127 1253 1193 Sanctitatem
1277 1127 1354 1190 V‘“¹¹¹

157 1224 337 1303 coustituit3
371 1226 528 1293 attendite
564 1227 653 1307 gregi
688 1232 812 1305 vestro,
845 1225 912 1308 lupi
946 1227 1126 1292 saevientes
1159 1226 1191 1290 in
1224 1245 1353 1309 gregem

159 1327 302 1407 irruunt,
332 1328 397 1409 jam
431 1334 602 1419 protegere
642 1333 693 1391 cst
726 1344 866 1391 necesse.
910 1325 1016 1392 Nolite
1050 1345 1242 1408 quiacsumus
1274 1345 1352 1391 aure

157 1427 256 1493 surda
283 1428 482 1511 pertransire
509 1428 600 1503 mala,
629 1446 709 1509 quae
740 1428 855 1493 vestris
883 1426 1029 1491 fidelibus
1056 1428 1239 1509 peripsum
1262 1427 1353 1492 loan.

156 1528 225 1593 Hos
254 1535 289 1594 et
315 1547 390 1593 suos
417 1528 586 1610 complices
614 1529 805 1610 irrogantur.
850 1529 926 1595 Post
959 1527 1053 1593 deum
1085 1529 1125 1592 ad
1158 1529 1255 1593 alium
1291 1546 1352 1593 non

154 1630 358 1709 recurrimus,
381 1629 442 1694 nisi
463 1630 504 1694 ad
525 1629 611 1695 Sunt.
636 1628 703 1692 ΨΜ
735 1629 938 1710 praesidium.
982 1628 1048 1710 Eja,
1072 1629 1214 1710 piissime
1244 1629 1352 1711 pater!

156 1730 280 1812 respice
302 1728 384 1795 filios
406 1737 488 1807 tuos,
521 1730 663 1809 graviter
690 1747 799 1792 sumus
826 1729 981 1810 oppressi,
1016 1735 1048 1793 ct
1070 1729 1160 1793 multi
1182 1728 1352 1793 interlecti.

156 1831 223 1897 Nec
254 1833 315 1897 hoc
347 1836 491 1895 moveret
524 1847 582 1894 nos
616 1830 656 1895 ad
688 1831 919 1895 sollicitandam
947 1829 1054 1895 Sanct.
1078 1829 1164 1907 ΨΜ,
1195 1828 1252 1893 sed
1282 1829 1352 1909 plus

157 1936 251 2013 urget
271 1949 330 1997 uos
351 1930 439 1997 salus
461 1937 494 1996 et
517 1931 692 2012 periculum
714 1931 889 1997 animorum
911 1930 1065 2011 sauguine
1088 1929 1208 1994 Christi
1229 1929 1351 1993 redem-

155 2038 259 2098 torum
279 2048 318 2097 sc.
340 2030 438 2112 (oie).
474 2081 480 2092 .
515 2080 522 2093 .
558 2077 564 2093 .
600 2079 606 2093 .
646 2082 651 2090 .

653 2222 790 2230 ...η-η..-
802 2222 852 2230 0·-

722 2412 785 2485 48.

154 2638 271 2722 Petri
300 2637 528 2721 cardinalis
543 2634 586 2719 S.
601 2636 760 2748 Angeli
789 2636 995 2721 mandata
1021 2638 1076 2722 de
1091 2639 1147 2723 M.
1167 2638 1197 2723 J
1200 2642 1351 2723 oannis

466 2770 560 2852 Hus
588 2776 1041 2856 excommunicatione.

618 3003 644 3056 S.
664 3002 689 3055 d.
708 3004 780 3071 (ann.
802 3005 888 3071 1412.)

652 3194 848 3207 ἡ*

153 3290 196 3349 (E
216 3288 275 3341 MS.
295 3289 433 3340 tabularii
454 3287 533 3342 Treh.
554 3289 588 3342 A.
611 3287 645 3340 16
667 3289 722 3357 fol.
738 3285 774 3341 91
791 3306 830 3357 oq.
856 3290 957 3343 collato
975 3308 1037 3342 cum
1057 3290 1189 3344 Chronico
1207 3293 1349 3343 rinioerail.

519 3371 609 3440 Prap.
627 3375 658 3425 in
676 3373 740 3426 MS.
768 3372 863 3427 Vicum.
883 3374 984 3439 7650.)

429 3674 543 3742 „Forma
560 3691 704 3743 processus
721 3675 852 3743 moderni,
871 3674 929 3730 dati
948 3684 1043 3732 contra
1060 3678 1097 3731 M.
1114 3678 1141 3732 J.
1160 3677 1218 3731 llus
1235 3690 1271 3733 oc.

253 3845 356 3909 Primo
379 3845 417 3908 D.
440 3846 570 3923 Petrus,
600 3844 769 3910 cardinalis
792 3846 875 3913 tituli
898 3847 1000 3911 sancti
1024 3847 1150 3928 Angeli,
1179 3864 1349 3928 processus

150 3955 184 4011 ct
213 3947 390 4010 sententias
414 3945 451 4007 Ι).
475 3945 652 4010 Cardiuulis
675 3945 714 4010 de
740 3946 894 4012 Columna
914 3947 1074 4026 gravando
1098 3947 1242 4027 mundat,
1270 3967 1347 4028 qiua·

150 4056 245 4110 tenus
273 4046 414 4110 loannes
444 4044 513 4109 Hus
542 4045 749 4110 denuntietur
779 4049 1066 4112 excommunicatus
1093 4048 1180 4128 juxta
1203 4054 1347 4113 tenorem

151 4146 295 4228 priorum
312 4164 527 4226 processuum,
560 4146 729 4211 terminum
756 4165 812 4211 sex
839 4149 961 4212 dierum
984 4167 1042 4230 pro
1066 4149 1202 4213 termino
1225 4166 1348 4230 pereru-

150 4246 233 4311 torio
255 4244 297 4309 ad
318 4246 537 4326 exequendum
561 4247 740 4311 statuendo.
958 4237 963 4243 ’

250 4344 330 4411 Item
345 4351 453 4410 monet
467 4365 577 4411 omues
592 4355 626 4411 et
647 4347 789 4429 singulos
805 4344 923 4413 Christi
939 4349 1058 4416 fideles.
1076 4358 1110 4413 ut
1125 4351 1229 4431 ipsum
1250 4350 1348 4416 Joau·

149 4465 221 4512 nem
244 4445 313 4509 llus
336 4449 647 4523 excommunicatum,
670 4458 876 4530 aggravatum
899 4461 932 4515 et
954 4450 1189 4515 inobedientem
1211 4451 1243 4515 in
1265 4452 1346 4529 cibo,

149 4554 243 4629 potu,
277 4545 418 4627 loquela,
453 4551 607 4620 emtione,
641 4550 837 4630 venditione,
868 4551 1123 4629 conversatione,
1147 4551 1188 4615 ad
1210 4552 1348 4634 hospitia

148 4646 343 4729 receptione,
367 4648 449 4728 iguis
465 4658 497 4714 ot
512 4670 612 4732 aqirae
641 4651 778 4731 datione,
802 4653 1009 4741 omnibusque
1025 4660 1058 4718 et
1073 4652 1205 4733 singulis
1223 4652 1347 4719 actibus
