2992 5258
348 406 382 461 ll.
400 406 441 461 De
459 406 496 460 Μ.
513 407 540 459 J.
557 407 616 460 Hns
634 408 807 463 Constantine
824 409 852 461 in
870 424 1004 463 carcerem
1022 409 1155 478 conjecto.
1291 414 1353 477 247

169 627 313 673 suasuram
344 607 374 673 ei
394 607 483 673 dedit
508 626 566 690 pro
594 608 819 675 reformatione
841 609 1089 676 auritbdinarum
1110 611 1144 675 in
1164 610 1296 693 ‚iilowy;
1320 618 1355 677 et

169 709 214 775 bic
240 708 371 773 dimissa
398 708 491 789 plebe
520 714 554 773 ct
582 711 721 791 acceptis
748 711 907 791 pecuniis
933 710 1128 776 aurifodinns
1149 720 1281 777 conatus
1302 721 1354 779 est

166 807 346 874 reformare.
375 808 452 872 Cum
481 815 587 873 atatem
607 810 685 874 nihii
709 819 817 891 posset
840 811 978 891 efficere,
1001 830 1070 876 cum
1093 811 1186 876 dictis
1208 816 1352 894 pecuniis

165 909 241 973 clam
270 909 352 987 fugit
380 908 419 972 de
448 926 546 986 reguo
568 909 608 975 ad
631 911 748 975 curiam
770 911 952 989 Romanam
978 930 1049 976 eum
1071 912 1184 992 quibus
1207 915 1352 994 pecuniis

164 1014 195 1071 et
204 1007 276 1073 aliis
298 1007 360 1071 sibi
381 1025 440 1089 per
453 1008 652 1074 adversarios
677 1011 753 1075 dicti
773 1012 815 1075 M.
839 1012 908 1077 Hus
935 1012 1085 1077 exhibitis
1112 1018 1224 1078 contra
1248 1013 1352 1094 ipsum

162 1106 203 1171 bi.
224 1107 296 1172 Hus
322 1114 357 1172 et
380 1108 590 1174 adhaerentes
613 1111 681 1191 eius
705 1129 875 1192 processus
897 1119 931 1176 et
951 1113 1120 1178 citationes
1144 1113 1351 1194 procumbam

162 1225 241 1286 quos
267 1209 363 1273 etiam
383 1227 552 1291 processus
574 1218 743 1291 praesente
765 1211 849 1277 dicto
872 1213 912 1277 Μ.
935 1210 1005 1277 Hus
1026 1213 1059 1276 in
1081 1212 1266 1279 Constantia
1287 1213 1352 1279 vui-

161 1308 209 1371 ris
230 1309 385 1373 ecclesiae
410 1309 599 1390 applicabat.

260 1458 399 1533 Sequitur
420 1460 508 1519 litera
530 1469 559 1520 et
573 1462 671 1534 plures
695 1462 771 1522 aliae
792 1470 852 1522 tam
866 1464 894 1523 in
911 1463 1068 1522 bohemico
1091 1478 1176 1537 quam
1196 1464 1227 1522 in
1249 1463 1350 1536 latino,

160 1576 235 1633 quae
264 1560 392 1632 scriptae
422 1567 489 1621 sunt
517 1562 706 1622 constantiae
734 1565 851 1635 periti.
879 1564 965 1624 Joan.
987 1563 1050 1622 Hus
1080 1563 1118 1622 ad
1140 1565 1287 1637 populum,
1318 1574 1352 1626 et

157 1662 247 1720 etiam
269 1660 308 1719 nd
330 1662 439 1721 amicos
462 1679 535 1722 suos
557 1663 712 1736 speciales.

259 1812 345 1869 Salus
367 1827 385 1870 a
407 1811 523 1871 Christo
546 1812 618 1872 Jesu
640 1829 677 1872 oc.
721 1813 866 1887 Scriptum
892 1814 922 1873 in
945 1813 1117 1873 Constantia
1137 1812 1261 1873 sabbato
1282 1830 1353 1885 pro·

151 1912 235 1969 ximo
258 1917 326 1969 ante
348 1911 475 1974 Martini.
501 1913 581 1983 „Ista
610 1912 738 1984 epistota
758 1914 874 1971 videtur
895 1912 958 1971 iore
978 1911 1142 1971 Cardinniis
1163 1912 1205 1970 Μ.
1226 1914 1351 1973 ioannis

151 2011 276 2083 plebani
299 2012 336 2070 de
361 2013 534 2072 Janowicz.“
558 2010 650 2087 (Vide
669 2029 763 2085 supra
782 2011 879 2084 Epist.
900 2031 930 2073 a.
955 2015 996 2072 42
1011 2029 1084 2086 pop.
1107 2010 1173 2090 79).

258 2161 340 2221 ntia:
364 2161 449 2220 sarus
471 2179 490 2219 a
511 2160 629 2221 christo
652 2126 732 2221 J'esu.
754 2163 906 2222 carissimi
924 2179 960 2224 a.
990 2159 1137 2242 (utam
1150 2156 1268 2236 erpap.
1285 2159 1350 2241 aa).

223 2278 228 2283 Ι
260 2312 296 2371 In
316 2311 429 2384 uulgari
450 2311 487 2370 nd
509 2312 660 2384 populum:
688 2312 782 2386 Pokoj
804 2313 876 2370 wtm
897 2313 936 2370 od
957 2311 1036 2384 pann
1055 2311 1133 2371 boha
1153 2327 1188 2370 ac.
1229 2310 1271 2373 Μ.
1294 2313 1351 2372 Jan

148 2412 232 2481 Hes,
255 2411 329 2471 knez
349 2427 369 2470 a
390 2411 473 2469 slirba
493 2411 560 2470 batt
581 2430 605 2471 w
626 2412 735 2486 nadeji.
758 2410 851 2492 (Ibid.
874 2413 956 2484 epist.
976 2429 1007 2472 tt.
1032 2413 1073 2469 43
1088 2426 1162 2485 pap.
1183 2407 1247 2487 81.)

314 2842 551 2927 Relationis
582 2841 639 2926 M.
671 2842 788 2926 Petri
819 2844 873 2926 de
902 2842 1186 2926 Mladenowic

595 3124 697 3190 PARS
719 3124 911 3189 SECUNDA:

257 3306 307 3360 bn:
324 3306 361 3360 Μ.
378 3307 405 3360 J.
423 3305 493 3359 HUS
511 3304 762 3360 constantini:
780 3304 819 3358 lu
838 3304 1036 3358 CARGEREM
1054 3302 1246 3359 CONJECTO.

259 3605 355 3659 RMS.
366 3603 492 3661 Medea.
504 3622 531 3675 p.
549 3602 668 3660 29-52.
687 3605 750 3658 ΜΒ.
775 3604 872 3658 Vicae.
884 3603 970 3667 4524,
983 3601 1149 3674 otto-104
1166 3606 1351 3673 (abbreviet.)

659 3761 850 3771 ..ω’-...-

355 3938 502 3992 Processns
519 3936 553 3991 nd
572 3938 753 4006 captivitatem
771 3937 904 4006 incipitur,
922 3952 973 4006 per
992 3954 1071 4006 quem
1079 3937 1187 3991 modum
1205 3944 1281 3992 ortus
1299 3944 1348 3992 est.

256 4120 334 4186 Cum
369 4129 474 4186 autem
508 4122 610 4187 dictus
640 4120 682 4185 tt.
712 4122 803 4186 Joan.
832 4121 901 4186 Hus
940 4121 1145 4187 Constantine
1178 4128 1279 4186 staret
1311 4121 1350 4186 ad

150 4233 225 4290 tres
247 4221 459 4285 hebdomadas
481 4239 552 4285 curn
573 4221 684 4298 neuin,
707 4221 884 4286 famabatur
903 4240 962 4303 per
990 4223 1165 4300 civitatem,
1198 4220 1282 4299 aaron
1309 4221 1350 4285 Μ.

150 4323 227 4389 Hus
249 4322 363 4386 unctus
378 4322 490 4385 t'uisset
513 4329 603 4386 extra
617 4322 778 4386 civitatem
793 4321 825 4383 in
848 4340 952 4400 curru,
975 4321 1007 4384 in
1030 4338 1091 4401 quo
1113 4320 1239 4384 foenum
1254 4322 1351 4385 vehe-

151 4424 254 4487 batur
275 4422 324 4486 rel
346 4420 528 4501 ducebatur,
551 4422 609 4487 sed
629 4422 742 4486 falsum
764 4421 831 4486 fuit.
868 4422 919 4487 Sic
941 4423 1023 4485 enim
1045 4421 1119 4484 t'uit:
1141 4420 1248 4485 famuli
1264 4421 1352 4503 arlui-

151 4530 264 4587 tantes
277 4540 345 4586 cum
357 4520 441 4586 dicto
464 4538 560 4586 curru
575 4539 632 4603 pro
656 4521 766 4601 foeno,
789 4540 925 4603 pannum
939 4521 989 4584 vei
1005 4527 1231 4600 tegumentum,
1243 4522 1352 4602 raugn-

151 4620 239 4686 riter
265 4621 428 4703 sperloch‚
455 4620 495 4685 de
524 4640 617 4686 cirrru
640 4640 703 4687 non
734 4621 967 4705 deposuerunt,
997 4620 1053 4684 sed
1074 4625 1147 4701 post
1170 4620 1275 4686 binam
1299 4620 1350 4685 uel
