<?xml version="1.0" encoding="UTF-8"?>
<!DOCTYPE html PUBLIC "-//W3C//DTD XHTML 1.0 Transitional//EN"
    "http://www.w3.org/TR/xhtml1/DTD/xhtml1-transitional.dtd">
<html xmlns="http://www.w3.org/1999/xhtml" xml:lang="en" lang="en">
 <head>
  <title>
</title>
<meta http-equiv="Content-Type" content="text/html;charset=utf-8" />
  <meta name='ocr-system' content='tesseract 3.04.00' />
  <meta name='ocr-capabilities' content='ocr_page ocr_carea ocr_par ocr_line ocrx_word'/>
</head>
<body>
  <div class='ocr_page' id='page_1' title='image "./documentamagjoa00palagoog_0258.png"; bbox 0 0 2992 5258; ppageno 0'>
   <div class='ocr_carea' id='block_1_1' title="bbox 231 1379 1102 1468">
    <p class='ocr_par' dir='ltr' id='par_1_1' title="bbox 231 1379 1102 1468">
     <span class='ocr_line' id='line_1_1' title="bbox 231 1379 1102 1468; baseline 0.005 -4"><span class='ocrx_word' id='word_1_1' title='bbox 231 1381 468 1466; x_wconf 89' lang='lat' dir='ltr'><strong>Relationis</strong></span> <span class='ocrx_word' id='word_1_2' title='bbox 498 1380 554 1464; x_wconf 92' lang='lat' dir='ltr'><strong>M.</strong></span> <span class='ocrx_word' id='word_1_3' title='bbox 587 1379 703 1466; x_wconf 82' lang='lat' dir='ltr'><strong>Petri</strong></span> <span class='ocrx_word' id='word_1_4' title='bbox 734 1383 787 1466; x_wconf 88' lang='lat' dir='ltr'><strong>de</strong></span> <span class='ocrx_word' id='word_1_5' title='bbox 817 1382 1102 1468; x_wconf 86' lang='lat' dir='ltr'><strong>Mladenowic</strong></span> 
     </span>
    </p>
   </div>
   <div class='ocr_carea' id='block_1_2' title="bbox 493 1662 843 1732">
    <p class='ocr_par' dir='ltr' id='par_1_2' title="bbox 493 1662 843 1732">
     <span class='ocr_line' id='line_1_2' title="bbox 493 1662 843 1732; baseline 0.009 -3"><span class='ocrx_word' id='word_1_6' title='bbox 493 1662 627 1730; x_wconf 84' lang='lat' dir='ltr'><strong>PARS</strong></span> <span class='ocrx_word' id='word_1_7' title='bbox 658 1662 843 1732; x_wconf 78' lang='lat' dir='ltr'><strong>PRIMA:</strong></span> 
     </span>
    </p>
   </div>
   <div class='ocr_carea' id='block_1_3' title="bbox 351 1845 994 1902">
    <p class='ocr_par' dir='ltr' id='par_1_3' title="bbox 351 1845 994 1902">
     <span class='ocr_line' id='line_1_3' title="bbox 351 1845 994 1902; baseline 0.003 -2"><span class='ocrx_word' id='word_1_8' title='bbox 351 1845 447 1901; x_wconf 77' lang='lat' dir='ltr'>ACTA</span> <span class='ocrx_word' id='word_1_9' title='bbox 464 1845 563 1901; x_wconf 76' lang='lat' dir='ltr'>ANTE</span> <span class='ocrx_word' id='word_1_10' title='bbox 580 1845 668 1901; x_wconf 84' lang='lat' dir='ltr'><strong>ITER</strong></span> <span class='ocrx_word' id='word_1_11' title='bbox 685 1845 994 1902; x_wconf 80' lang='lat' dir='ltr'>CONSTANTIENSE.</span> 
     </span>
    </p>
   </div>
   <div class='ocr_carea' id='block_1_4' title="bbox 573 2048 773 2059">
    <p class='ocr_par' dir='ltr' id='par_1_4' title="bbox 573 2048 773 2059">
     <span class='ocr_line' id='line_1_4' title="bbox 573 2048 773 2059; baseline 0.005 -1"><span class='ocrx_word' id='word_1_12' title='bbox 573 2048 773 2059; x_wconf 72' lang='lat'><strong>——-——--—</strong></span> 
     </span>
    </p>
   </div>
   <div class='ocr_carea' id='block_1_5' title="bbox 173 2127 609 2198">
    <p class='ocr_par' dir='ltr' id='par_1_5' title="bbox 173 2127 609 2198">
     <span class='ocr_line' id='line_1_5' title="bbox 173 2127 609 2198; baseline -0.002 -17"><span class='ocrx_word' id='word_1_13' title='bbox 173 2128 202 2181; x_wconf 77' lang='lat' dir='ltr'><em>E</em></span> <span class='ocrx_word' id='word_1_14' title='bbox 216 2127 278 2182; x_wconf 80' lang='lat' dir='ltr'><strong>MS.</strong></span> <span class='ocrx_word' id='word_1_15' title='bbox 297 2128 425 2182; x_wconf 80' lang='lat' dir='ltr'><strong>Mladen.</strong></span> <span class='ocrx_word' id='word_1_16' title='bbox 439 2145 471 2198; x_wconf 81' lang='lat' dir='ltr'><strong>p.</strong></span> <span class='ocrx_word' id='word_1_17' title='bbox 490 2128 609 2183; x_wconf 77' lang='lat'><em>15-6&#39;0.</em></span> 
     </span>
    </p>
   </div>
   <div class='ocr_carea' id='block_1_6' title="bbox 49 2411 1269 4078">
    <p class='ocr_par' dir='ltr' id='par_1_6' title="bbox 49 2411 1269 4078">
     <span class='ocr_line' id='line_1_6' title="bbox 170 2411 1269 2499; baseline 0.006 -21"><span class='ocrx_word' id='word_1_18' title='bbox 170 2413 262 2478; x_wconf 79' lang='lat' dir='ltr'><strong>Anno</strong></span> <span class='ocrx_word' id='word_1_19' title='bbox 289 2411 408 2476; x_wconf 93' lang='lat' dir='ltr'><strong>domini</strong></span> <span class='ocrx_word' id='word_1_20' title='bbox 429 2411 716 2479; x_wconf 80' lang='lat' dir='ltr'><strong>M⁰ccccxl111⁰</strong></span> <span class='ocrx_word' id='word_1_21' title='bbox 737 2415 958 2480; x_wconf 89' lang='lat' dir='ltr'><strong>serenissimus</strong></span> <span class='ocrx_word' id='word_1_22' title='bbox 980 2416 1128 2499; x_wconf 88' lang='lat' dir='ltr'><strong>princeps</strong></span> <span class='ocrx_word' id='word_1_23' title='bbox 1156 2424 1190 2484; x_wconf 93' lang='lat' dir='ltr'><strong>et</strong></span> <span class='ocrx_word' id='word_1_24' title='bbox 1212 2419 1269 2485; x_wconf 90' lang='lat' dir='ltr'><strong>do·</strong></span> 
     </span>
     <span class='ocr_line' id='line_1_7' title="bbox 49 2501 1266 2600; baseline 0.012 -30"><span class='ocrx_word' id='word_1_25' title='bbox 49 2501 188 2593; x_wconf 72' lang='lat' dir='ltr'><strong>11linus,</strong></span> <span class='ocrx_word' id='word_1_26' title='bbox 222 2512 260 2577; x_wconf 92' lang='lat' dir='ltr'><strong>D.</strong></span> <span class='ocrx_word' id='word_1_27' title='bbox 294 2510 514 2592; x_wconf 77' lang='lat' dir='ltr'>sigismundus</span> <span class='ocrx_word' id='word_1_28' title='bbox 536 2514 749 2578; x_wconf 90' lang='lat' dir='ltr'><strong>Romanorum</strong></span> <span class='ocrx_word' id='word_1_29' title='bbox 778 2519 811 2578; x_wconf 88' lang='lat' dir='ltr'><strong>et</strong></span> <span class='ocrx_word' id='word_1_30' title='bbox 831 2512 1016 2593; x_wconf 80' lang='lat' dir='ltr'><strong>Hungariae</strong></span> <span class='ocrx_word' id='word_1_31' title='bbox 1038 2531 1094 2579; x_wconf 86' lang='lat' dir='ltr'><strong>rex</strong></span> <span class='ocrx_word' id='word_1_32' title='bbox 1115 2532 1153 2580; x_wconf 80' lang='lat' dir='ltr'><strong>ic.</strong></span> <span class='ocrx_word' id='word_1_33' title='bbox 1177 2526 1266 2600; x_wconf 91' lang='lat' dir='ltr'><strong>post·</strong></span> 
     </span>
     <span class='ocr_line' id='line_1_8' title="bbox 53 2612 1264 2695; baseline 0.006 -20"><span class='ocrx_word' id='word_1_34' title='bbox 53 2612 166 2677; x_wconf 67' lang='lat' dir='ltr'><strong>*luam</strong></span> <span class='ocrx_word' id='word_1_35' title='bbox 197 2632 261 2677; x_wconf 89' lang='lat' dir='ltr'><strong>una</strong></span> <span class='ocrx_word' id='word_1_36' title='bbox 290 2631 360 2677; x_wconf 87' lang='lat' dir='ltr'><strong>cum</strong></span> <span class='ocrx_word' id='word_1_37' title='bbox 382 2631 465 2694; x_wconf 87' lang='lat' dir='ltr'><strong>papa</strong></span> <span class='ocrx_word' id='word_1_38' title='bbox 484 2614 609 2678; x_wconf 81' lang='lat' dir='ltr'><strong>loanne</strong></span> <span class='ocrx_word' id='word_1_39' title='bbox 630 2613 735 2678; x_wconf 78' lang='lat' dir='ltr'><strong>ifflll</strong></span> <span class='ocrx_word' id='word_1_40' title='bbox 755 2613 923 2679; x_wconf 83' lang='lat' dir='ltr'><strong>indixisset</strong></span> <span class='ocrx_word' id='word_1_41' title='bbox 944 2619 978 2678; x_wconf 91' lang='lat' dir='ltr'><strong>et</strong></span> <span class='ocrx_word' id='word_1_42' title='bbox 999 2613 1154 2695; x_wconf 88' lang='lat' dir='ltr'><strong>publicari</strong></span> <span class='ocrx_word' id='word_1_43' title='bbox 1175 2634 1264 2682; x_wconf 90' lang='lat' dir='ltr'><strong>man·</strong></span> 
     </span>
     <span class='ocr_line' id='line_1_9' title="bbox 56 2691 1267 2795; baseline 0.009 -24"><span class='ocrx_word' id='word_1_44' title='bbox 56 2691 181 2777; x_wconf 63' lang='lat' dir='ltr'><strong>(lasset</strong></span> <span class='ocrx_word' id='word_1_45' title='bbox 202 2711 352 2793; x_wconf 81' lang='lat' dir='ltr'><strong>generale</strong></span> <span class='ocrx_word' id='word_1_46' title='bbox 368 2712 534 2777; x_wconf 90' lang='lat' dir='ltr'><strong>concilium</strong></span> <span class='ocrx_word' id='word_1_47' title='bbox 555 2713 589 2777; x_wconf 92' lang='lat' dir='ltr'><strong>in</strong></span> <span class='ocrx_word' id='word_1_48' title='bbox 611 2711 799 2778; x_wconf 87' lang='lat' dir='ltr'><strong>Constantia</strong></span> <span class='ocrx_word' id='word_1_49' title='bbox 812 2713 846 2777; x_wconf 93' lang='lat' dir='ltr'><strong>in</strong></span> <span class='ocrx_word' id='word_1_50' title='bbox 866 2713 1011 2795; x_wconf 91' lang='lat' dir='ltr'><strong>partibus</strong></span> <span class='ocrx_word' id='word_1_51' title='bbox 1033 2713 1168 2781; x_wconf 87' lang='lat' dir='ltr'><strong>Sueviae</strong></span> <span class='ocrx_word' id='word_1_52' title='bbox 1183 2717 1267 2783; x_wconf 90' lang='lat' dir='ltr'><strong>cele·</strong></span> 
     </span>
     <span class='ocr_line' id='line_1_10' title="bbox 58 2788 1263 2891; baseline 0.011 -21"><span class='ocrx_word' id='word_1_53' title='bbox 58 2788 235 2890; x_wconf 76' lang='lat' dir='ltr'><strong>brandum,</strong></span> <span class='ocrx_word' id='word_1_54' title='bbox 258 2811 345 2876; x_wconf 84' lang='lat' dir='ltr'><strong>misit</strong></span> <span class='ocrx_word' id='word_1_55' title='bbox 359 2811 399 2876; x_wconf 91' lang='lat' dir='ltr'><strong>de</strong></span> <span class='ocrx_word' id='word_1_56' title='bbox 413 2811 603 2877; x_wconf 89' lang='lat' dir='ltr'><strong>Lombardia</strong></span> <span class='ocrx_word' id='word_1_57' title='bbox 618 2820 723 2878; x_wconf 87' lang='lat' dir='ltr'><strong>certos</strong></span> <span class='ocrx_word' id='word_1_58' title='bbox 746 2813 867 2878; x_wconf 90' lang='lat' dir='ltr'><strong>nobiles</strong></span> <span class='ocrx_word' id='word_1_59' title='bbox 890 2812 1032 2877; x_wconf 91' lang='lat' dir='ltr'><strong>dominos</strong></span> <span class='ocrx_word' id='word_1_60' title='bbox 1048 2813 1087 2879; x_wconf 91' lang='lat' dir='ltr'><strong>de</strong></span> <span class='ocrx_word' id='word_1_61' title='bbox 1102 2815 1263 2891; x_wconf 86' lang='lat' dir='ltr'><strong>Bobemia,</strong></span> 
     </span>
     <span class='ocr_line' id='line_1_11' title="bbox 64 2908 1263 2994; baseline 0.011 -25"><span class='ocrx_word' id='word_1_62' title='bbox 64 2908 272 2975; x_wconf 67' lang='lat' dir='ltr'><strong>consiliarios</strong></span> <span class='ocrx_word' id='word_1_63' title='bbox 294 2917 327 2976; x_wconf 91' lang='lat' dir='ltr'><strong>et</strong></span> <span class='ocrx_word' id='word_1_64' title='bbox 348 2912 518 2977; x_wconf 82' lang='lat' dir='ltr'><strong>familiares</strong></span> <span class='ocrx_word' id='word_1_65' title='bbox 541 2930 630 2992; x_wconf 79' lang='lat' dir='ltr'><strong>suoS,</strong></span> <span class='ocrx_word' id='word_1_66' title='bbox 653 2912 821 2994; x_wconf 85' lang='lat' dir='ltr'><strong>injungens</strong></span> <span class='ocrx_word' id='word_1_67' title='bbox 844 2912 971 2992; x_wconf 90' lang='lat' dir='ltr'><strong>eisdem,</strong></span> <span class='ocrx_word' id='word_1_68' title='bbox 995 2918 1030 2977; x_wconf 93' lang='lat' dir='ltr'><strong>ut</strong></span> <span class='ocrx_word' id='word_1_69' title='bbox 1050 2913 1093 2977; x_wconf 90' lang='lat' dir='ltr'><strong>M.</strong></span> <span class='ocrx_word' id='word_1_70' title='bbox 1106 2914 1263 2982; x_wconf 64' lang='lat' dir='ltr'><strong>‚loannem</strong></span> 
     </span>
     <span class='ocr_line' id='line_1_12' title="bbox 65 2991 1259 3100; baseline 0.005 -25"><span class='ocrx_word' id='word_1_71' title='bbox 65 2991 113 3100; x_wconf 65' lang='grc' dir='ltr'><strong>ξῘθ</strong></span> <span class='ocrx_word' id='word_1_72' title='bbox 142 3009 316 3090; x_wconf 87' lang='lat' dir='ltr'><strong>Husinecz,</strong></span> <span class='ocrx_word' id='word_1_73' title='bbox 349 3029 457 3077; x_wconf 88' lang='lat' dir='ltr'><strong>sacrae</strong></span> <span class='ocrx_word' id='word_1_74' title='bbox 490 3011 670 3094; x_wconf 82' lang='lat' dir='ltr'><strong>theologiae</strong></span> <span class='ocrx_word' id='word_1_75' title='bbox 696 3012 935 3077; x_wconf 80' lang='lat' dir='ltr'><strong>baccalaureum</strong></span> <span class='ocrx_word' id='word_1_76' title='bbox 955 3012 1138 3094; x_wconf 82' lang='lat' dir='ltr'><strong>formatum,</strong></span> <span class='ocrx_word' id='word_1_77' title='bbox 1170 3017 1259 3096; x_wconf 84' lang='lat' dir='ltr'><strong>regio</strong></span> 
     </span>
     <span class='ocr_line' id='line_1_13' title="bbox 63 3104 1263 3194; baseline 0.006 -19"><span class='ocrx_word' id='word_1_78' title='bbox 63 3104 173 3175; x_wconf 77' lang='lat' dir='ltr'><strong>¹esius</strong></span> <span class='ocrx_word' id='word_1_79' title='bbox 194 3111 322 3175; x_wconf 89' lang='lat' dir='ltr'><strong>nomine</strong></span> <span class='ocrx_word' id='word_1_80' title='bbox 343 3111 493 3177; x_wconf 89' lang='lat' dir='ltr'><strong>inducere</strong></span> <span class='ocrx_word' id='word_1_81' title='bbox 507 3113 607 3177; x_wconf 89' lang='lat' dir='ltr'><strong>velint</strong></span> <span class='ocrx_word' id='word_1_82' title='bbox 622 3118 655 3177; x_wconf 92' lang='lat' dir='ltr'><strong>et</strong></span> <span class='ocrx_word' id='word_1_83' title='bbox 677 3130 861 3177; x_wconf 85' lang='lat' dir='ltr'><strong>assecurare</strong></span> <span class='ocrx_word' id='word_1_84' title='bbox 881 3112 981 3194; x_wconf 91' lang='lat' dir='ltr'><strong>ipsius</strong></span> <span class='ocrx_word' id='word_1_85' title='bbox 1004 3113 1090 3177; x_wconf 90' lang='lat' dir='ltr'><strong>salvo</strong></span> <span class='ocrx_word' id='word_1_86' title='bbox 1105 3114 1263 3181; x_wconf 87' lang='lat' dir='ltr'><strong>conductu</strong></span> 
     </span>
     <span class='ocr_line' id='line_1_14' title="bbox 64 3204 1264 3297; baseline 0.007 -24"><span class='ocrx_word' id='word_1_87' title='bbox 64 3204 105 3262; x_wconf 82' lang='lat' dir='ltr'><strong>et</strong></span> <span class='ocrx_word' id='word_1_88' title='bbox 126 3211 268 3292; x_wconf 91' lang='lat' dir='ltr'><strong>nomine,</strong></span> <span class='ocrx_word' id='word_1_89' title='bbox 301 3218 338 3278; x_wconf 95' lang='lat' dir='ltr'><strong>ut</strong></span> <span class='ocrx_word' id='word_1_90' title='bbox 369 3214 438 3296; x_wconf 90' lang='lat' dir='ltr'><strong>ipse</strong></span> <span class='ocrx_word' id='word_1_91' title='bbox 465 3220 532 3279; x_wconf 90' lang='lat' dir='ltr'><strong>tum</strong></span> <span class='ocrx_word' id='word_1_92' title='bbox 553 3231 612 3297; x_wconf 91' lang='lat' dir='ltr'><strong>pro</strong></span> <span class='ocrx_word' id='word_1_93' title='bbox 636 3213 842 3296; x_wconf 81' lang='lat' dir='ltr'><strong>exstirpanda</strong></span> <span class='ocrx_word' id='word_1_94' title='bbox 863 3230 934 3291; x_wconf 92' lang='lat' dir='ltr'><strong>sua,</strong></span> <span class='ocrx_word' id='word_1_95' title='bbox 967 3219 1033 3277; x_wconf 93' lang='lat' dir='ltr'><strong>tum</strong></span> <span class='ocrx_word' id='word_1_96' title='bbox 1055 3212 1151 3278; x_wconf 89' lang='lat' dir='ltr'><strong>etiam</strong></span> <span class='ocrx_word' id='word_1_97' title='bbox 1171 3216 1264 3295; x_wconf 79' lang='lat' dir='ltr'><strong>regni</strong></span> 
     </span>
     <span class='ocr_line' id='line_1_15' title="bbox 61 3287 1264 3394; baseline 0.007 -22"><span class='ocrx_word' id='word_1_98' title='bbox 61 3287 241 3377; x_wconf 80' lang='lat' dir='ltr'><strong>Bobemiae</strong></span> <span class='ocrx_word' id='word_1_99' title='bbox 262 3312 394 3379; x_wconf 87' lang='lat' dir='ltr'><strong>sinistra</strong></span> <span class='ocrx_word' id='word_1_100' title='bbox 414 3311 557 3394; x_wconf 81' lang='lat' dir='ltr'><strong>infamia,</strong></span> <span class='ocrx_word' id='word_1_101' title='bbox 591 3313 669 3378; x_wconf 88' lang='lat' dir='ltr'><strong>velit</strong></span> <span class='ocrx_word' id='word_1_102' title='bbox 700 3313 810 3379; x_wconf 82' lang='lat' dir='ltr'><strong>venire</strong></span> <span class='ocrx_word' id='word_1_103' title='bbox 841 3311 1058 3378; x_wconf 84' lang='lat' dir='ltr'><strong>Constantiam</strong></span> <span class='ocrx_word' id='word_1_104' title='bbox 1083 3311 1125 3377; x_wconf 92' lang='lat' dir='ltr'><strong>ad</strong></span> <span class='ocrx_word' id='word_1_105' title='bbox 1146 3313 1264 3381; x_wconf 87' lang='lat' dir='ltr'><strong>dictum</strong></span> 
     </span>
     <span class='ocr_line' id='line_1_16' title="bbox 60 3407 1264 3494; baseline 0.005 -20"><span class='ocrx_word' id='word_1_106' title='bbox 60 3407 238 3477; x_wconf 61' lang='lat' dir='ltr'><strong>concilium</strong></span> <span class='ocrx_word' id='word_1_107' title='bbox 274 3413 440 3494; x_wconf 84' lang='lat' dir='ltr'><strong>generale,</strong></span> <span class='ocrx_word' id='word_1_108' title='bbox 474 3413 547 3494; x_wconf 90' lang='lat' dir='ltr'><strong>quia</strong></span> <span class='ocrx_word' id='word_1_109' title='bbox 579 3414 674 3479; x_wconf 88' lang='lat' dir='ltr'><strong>etiam</strong></span> <span class='ocrx_word' id='word_1_110' title='bbox 695 3414 792 3478; x_wconf 89' lang='lat' dir='ltr'><strong>vellet</strong></span> <span class='ocrx_word' id='word_1_111' title='bbox 811 3413 858 3478; x_wconf 94' lang='lat' dir='ltr'><strong>illi</strong></span> <span class='ocrx_word' id='word_1_112' title='bbox 887 3429 961 3477; x_wconf 92' lang='lat' dir='ltr'><strong>suos</strong></span> <span class='ocrx_word' id='word_1_113' title='bbox 983 3411 1138 3493; x_wconf 83' lang='lat' dir='ltr'><strong>speciales</strong></span> <span class='ocrx_word' id='word_1_114' title='bbox 1159 3414 1264 3487; x_wconf 85' lang='lat' dir='ltr'><strong>salvos</strong></span> 
     </span>
     <span class='ocr_line' id='line_1_17' title="bbox 62 3507 1263 3593; baseline 0.01 -24"><span class='ocrx_word' id='word_1_115' title='bbox 62 3507 248 3577; x_wconf 70' lang='lat' dir='ltr'><strong>conductus</strong></span> <span class='ocrx_word' id='word_1_116' title='bbox 270 3512 427 3592; x_wconf 85' lang='lat' dir='ltr'><strong>dirigere,</strong></span> <span class='ocrx_word' id='word_1_117' title='bbox 461 3513 561 3579; x_wconf 80' lang='lat' dir='ltr'><strong>bbere</strong></span> <span class='ocrx_word' id='word_1_118' title='bbox 583 3519 619 3578; x_wconf 91' lang='lat' dir='ltr'><strong>ut</strong></span> <span class='ocrx_word' id='word_1_119' title='bbox 651 3513 870 3579; x_wconf 87' lang='lat' dir='ltr'><strong>Constantiam</strong></span> <span class='ocrx_word' id='word_1_120' title='bbox 890 3512 1036 3593; x_wconf 83' lang='lat' dir='ltr'><strong>veniens,</strong></span> <span class='ocrx_word' id='word_1_121' title='bbox 1069 3531 1086 3577; x_wconf 92' lang='lat' dir='ltr'><strong>e</strong></span> <span class='ocrx_word' id='word_1_122' title='bbox 1109 3531 1263 3580; x_wconf 88' lang='lat' dir='ltr'><strong>converso</strong></span> 
     </span>
     <span class='ocr_line' id='line_1_18' title="bbox 62 3604 1264 3696; baseline 0.005 -22"><span class='ocrx_word' id='word_1_123' title='bbox 62 3606 82 3651; x_wconf 65' lang='lat' dir='ltr'><strong>f</strong></span> <span class='ocrx_word' id='word_1_124' title='bbox 84 3604 179 3677; x_wconf 76' lang='lat' dir='ltr'><strong>edire</strong></span> <span class='ocrx_word' id='word_1_125' title='bbox 195 3612 236 3678; x_wconf 90' lang='lat' dir='ltr'><strong>ad</strong></span> <span class='ocrx_word' id='word_1_126' title='bbox 248 3611 431 3677; x_wconf 89' lang='lat' dir='ltr'><strong>Bohemiam</strong></span> <span class='ocrx_word' id='word_1_127' title='bbox 455 3614 574 3694; x_wconf 82' lang='lat' dir='ltr'><strong>possit,</strong></span> <span class='ocrx_word' id='word_1_128' title='bbox 598 3620 630 3679; x_wconf 95' lang='lat' dir='ltr'><strong>et</strong></span> <span class='ocrx_word' id='word_1_129' title='bbox 651 3613 753 3695; x_wconf 88' lang='lat' dir='ltr'><strong>ipsum</strong></span> <span class='ocrx_word' id='word_1_130' title='bbox 776 3613 937 3696; x_wconf 88' lang='lat' dir='ltr'><strong>spondens</strong></span> <span class='ocrx_word' id='word_1_131' title='bbox 959 3613 1054 3677; x_wconf 89' lang='lat' dir='ltr'><strong>etiam</strong></span> <span class='ocrx_word' id='word_1_132' title='bbox 1074 3610 1108 3678; x_wconf 94' lang='lat' dir='ltr'><strong>in</strong></span> <span class='ocrx_word' id='word_1_133' title='bbox 1130 3621 1264 3681; x_wconf 87' lang='lat' dir='ltr'><strong>suamet</strong></span> 
     </span>
     <span class='ocr_line' id='line_1_19' title="bbox 60 3704 1264 3797; baseline 0.004 -22"><span class='ocrx_word' id='word_1_134' title='bbox 60 3704 155 3777; x_wconf 69' lang='lat' dir='ltr'><strong>Sacri</strong></span> <span class='ocrx_word' id='word_1_135' title='bbox 187 3712 312 3794; x_wconf 91' lang='lat' dir='ltr'><strong>imperii</strong></span> <span class='ocrx_word' id='word_1_136' title='bbox 345 3714 576 3795; x_wconf 86' lang='lat' dir='ltr'><strong>protectionem</strong></span> <span class='ocrx_word' id='word_1_137' title='bbox 607 3715 753 3796; x_wconf 86' lang='lat' dir='ltr'><strong>recipere</strong></span> <span class='ocrx_word' id='word_1_138' title='bbox 785 3717 907 3797; x_wconf 89' lang='lat' dir='ltr'><strong>pariter</strong></span> <span class='ocrx_word' id='word_1_139' title='bbox 938 3720 972 3779; x_wconf 91' lang='lat' dir='ltr'><strong>et</strong></span> <span class='ocrx_word' id='word_1_140' title='bbox 1007 3714 1152 3794; x_wconf 81' lang='lat' dir='ltr'><strong>tutelam3</strong></span> <span class='ocrx_word' id='word_1_141' title='bbox 1179 3715 1264 3780; x_wconf 91' lang='lat' dir='ltr'><strong>unde</strong></span> 
     </span>
     <span class='ocr_line' id='line_1_20' title="bbox 62 3805 1263 3899; baseline 0.002 -22"><span class='ocrx_word' id='word_1_142' title='bbox 62 3805 189 3877; x_wconf 63' lang='lat' dir='ltr'><strong>postea</strong></span> <span class='ocrx_word' id='word_1_143' title='bbox 220 3812 267 3877; x_wconf 93' lang='lat' dir='ltr'><strong>illi</strong></span> <span class='ocrx_word' id='word_1_144' title='bbox 300 3812 428 3877; x_wconf 81' lang='lat' dir='ltr'><strong>eosdem</strong></span> <span class='ocrx_word' id='word_1_145' title='bbox 460 3814 563 3879; x_wconf 89' lang='lat' dir='ltr'><strong>salvos</strong></span> <span class='ocrx_word' id='word_1_146' title='bbox 596 3815 770 3879; x_wconf 90' lang='lat' dir='ltr'><strong>conductus</strong></span> <span class='ocrx_word' id='word_1_147' title='bbox 793 3813 910 3878; x_wconf 82' lang='lat' dir='ltr'><strong>direxit</strong></span> <span class='ocrx_word' id='word_1_148' title='bbox 931 3813 1054 3879; x_wconf 87' lang='lat' dir='ltr'><strong>obviam</strong></span> <span class='ocrx_word' id='word_1_149' title='bbox 1075 3812 1263 3899; x_wconf 87' lang='lat' dir='ltr'><strong>duplicatos,</strong></span> 
     </span>
     <span class='ocr_line' id='line_1_21' title="bbox 58 3896 1261 3997; baseline 0.007 -25"><span class='ocrx_word' id='word_1_150' title='bbox 58 3896 136 3972; x_wconf 70' lang='lat' dir='ltr'><strong>tam</strong></span> <span class='ocrx_word' id='word_1_151' title='bbox 158 3912 256 3976; x_wconf 86' lang='lat' dir='ltr'><strong>latine</strong></span> <span class='ocrx_word' id='word_1_152' title='bbox 284 3931 377 3993; x_wconf 80' lang='lat' dir='ltr'><strong>quiam</strong></span> <span class='ocrx_word' id='word_1_153' title='bbox 399 3914 560 3979; x_wconf 86' lang='lat' dir='ltr'><strong>teutonice</strong></span> <span class='ocrx_word' id='word_1_154' title='bbox 582 3914 732 3997; x_wconf 88' lang='lat' dir='ltr'><strong>scriptos,</strong></span> <span class='ocrx_word' id='word_1_155' title='bbox 765 3931 898 3997; x_wconf 89' lang='lat' dir='ltr'><strong>quorum</strong></span> <span class='ocrx_word' id='word_1_156' title='bbox 920 3919 1014 3978; x_wconf 92' lang='lat' dir='ltr'><strong>tenor</strong></span> <span class='ocrx_word' id='word_1_157' title='bbox 1034 3912 1067 3977; x_wconf 91' lang='lat' dir='ltr'><strong>in</strong></span> <span class='ocrx_word' id='word_1_158' title='bbox 1088 3912 1187 3981; x_wconf 91' lang='lat' dir='ltr'><strong>latino</strong></span> <span class='ocrx_word' id='word_1_159' title='bbox 1210 3932 1261 3981; x_wconf 89' lang='lat' dir='ltr'><strong>se-</strong></span> 
     </span>
     <span class='ocr_line' id='line_1_22' title="bbox 58 4003 469 4078; baseline 0.005 -4"><span class='ocrx_word' id='word_1_160' title='bbox 58 4003 180 4076; x_wconf 72' lang='lat' dir='ltr'><strong>quitur</strong></span> <span class='ocrx_word' id='word_1_161' title='bbox 200 4011 234 4076; x_wconf 91' lang='lat' dir='ltr'><strong>in</strong></span> <span class='ocrx_word' id='word_1_162' title='bbox 255 4012 336 4078; x_wconf 85' lang='lat' dir='ltr'><strong>haec</strong></span> <span class='ocrx_word' id='word_1_163' title='bbox 356 4012 469 4077; x_wconf 85' lang='lat' dir='ltr'><strong>verba:</strong></span> 
     </span>
    </p>
   </div>
   <div class='ocr_carea' id='block_1_7' title="bbox 56 4180 1263 4658">
    <p class='ocr_par' dir='ltr' id='par_1_7' title="bbox 56 4180 1263 4658">
     <span class='ocr_line' id='line_1_23' title="bbox 170 4180 1263 4256; baseline -0.001 -15"><span class='ocrx_word' id='word_1_164' title='bbox 170 4181 371 4255; x_wconf 74' lang='lat' dir='ltr'><strong>sigismundus</strong></span> <span class='ocrx_word' id='word_1_165' title='bbox 400 4181 449 4240; x_wconf 93' lang='lat' dir='ltr'><strong>dei</strong></span> <span class='ocrx_word' id='word_1_166' title='bbox 477 4182 573 4256; x_wconf 78' lang='lat' dir='ltr'><strong>gratia</strong></span> <span class='ocrx_word' id='word_1_167' title='bbox 603 4181 799 4241; x_wconf 86' lang='lat' dir='ltr'><strong>Romanorum</strong></span> <span class='ocrx_word' id='word_1_168' title='bbox 823 4197 878 4240; x_wconf 85' lang='lat' dir='ltr'><strong>rex</strong></span> <span class='ocrx_word' id='word_1_169' title='bbox 906 4195 1024 4253; x_wconf 83' lang='lat' dir='ltr'><strong>semper</strong></span> <span class='ocrx_word' id='word_1_170' title='bbox 1049 4180 1198 4253; x_wconf 81' lang='lat' dir='ltr'><strong>Augustus</strong></span> <span class='ocrx_word' id='word_1_171' title='bbox 1229 4186 1263 4240; x_wconf 88' lang='lat' dir='ltr'><strong>et</strong></span> 
     </span>
     <span class='ocr_line' id='line_1_24' title="bbox 56 4248 1260 4354; baseline 0.002 -18"><span class='ocrx_word' id='word_1_172' title='bbox 56 4248 244 4354; x_wconf 69' lang='lat' dir='ltr'><strong>Hungnnne,</strong></span> <span class='ocrx_word' id='word_1_173' title='bbox 266 4281 437 4351; x_wconf 84' lang='lat' dir='ltr'><strong>Dalmatiae,</strong></span> <span class='ocrx_word' id='word_1_174' title='bbox 461 4282 598 4342; x_wconf 85' lang='lat' dir='ltr'><strong>croatiae</strong></span> <span class='ocrx_word' id='word_1_175' title='bbox 623 4298 661 4345; x_wconf 81' lang='lat' dir='ltr'><strong>ic.</strong></span> <span class='ocrx_word' id='word_1_176' title='bbox 693 4298 754 4352; x_wconf 85' lang='lat' dir='ltr'><strong>rex,</strong></span> <span class='ocrx_word' id='word_1_177' title='bbox 782 4280 926 4340; x_wconf 82' lang='lat' dir='ltr'><strong>uniuersis</strong></span> <span class='ocrx_word' id='word_1_178' title='bbox 954 4285 984 4338; x_wconf 85' lang='lat' dir='ltr'><strong>ct</strong></span> <span class='ocrx_word' id='word_1_179' title='bbox 1005 4278 1127 4351; x_wconf 78' lang='lat' dir='ltr'><strong>singulis</strong></span> <span class='ocrx_word' id='word_1_180' title='bbox 1150 4279 1260 4351; x_wconf 87' lang='lat' dir='ltr'><strong>princi·</strong></span> 
     </span>
     <span class='ocr_line' id='line_1_25' title="bbox 58 4360 1260 4453; baseline 0.002 -16"><span class='ocrx_word' id='word_1_181' title='bbox 58 4360 165 4451; x_wconf 65' lang='lat' dir='ltr'><strong>Dibus,</strong></span> <span class='ocrx_word' id='word_1_182' title='bbox 193 4381 401 4441; x_wconf 89' lang='lat' dir='ltr'><strong>ecclesiasticis</strong></span> <span class='ocrx_word' id='word_1_183' title='bbox 432 4389 462 4441; x_wconf 92' lang='lat' dir='ltr'><strong>et</strong></span> <span class='ocrx_word' id='word_1_184' title='bbox 488 4382 678 4453; x_wconf 88' lang='lat' dir='ltr'><strong>secularibus,</strong></span> <span class='ocrx_word' id='word_1_185' title='bbox 700 4381 829 4451; x_wconf 88' lang='lat' dir='ltr'><strong>ducibus,</strong></span> <span class='ocrx_word' id='word_1_186' title='bbox 851 4379 1075 4447; x_wconf 86' lang='lat' dir='ltr'><strong>marchionibus,</strong></span> <span class='ocrx_word' id='word_1_187' title='bbox 1098 4378 1260 4450; x_wconf 89' lang='lat' dir='ltr'><strong>comitibus,</strong></span> 
     </span>
     <span class='ocr_line' id='line_1_26' title="bbox 63 4450 1260 4555; baseline 0.002 -19"><span class='ocrx_word' id='word_1_188' title='bbox 63 4450 238 4554; x_wconf 67' lang='lat' dir='ltr'><strong>baronius,</strong></span> <span class='ocrx_word' id='word_1_189' title='bbox 259 4481 416 4550; x_wconf 79' lang='lat' dir='ltr'><strong>nobilibus,</strong></span> <span class='ocrx_word' id='word_1_190' title='bbox 438 4483 618 4553; x_wconf 76' lang='lat' dir='ltr'><strong>proceribus,</strong></span> <span class='ocrx_word' id='word_1_191' title='bbox 639 4480 887 4549; x_wconf 72' lang='lat' dir='ltr'><strong>ministerialibus,</strong></span> <span class='ocrx_word' id='word_1_192' title='bbox 915 4478 1064 4547; x_wconf 74' lang='lat' dir='ltr'><strong>miratus,</strong></span> <span class='ocrx_word' id='word_1_193' title='bbox 1093 4478 1260 4555; x_wconf 75' lang='lat' dir='ltr'><strong>sisinius,</strong></span> 
     </span>
     <span class='ocr_line' id='line_1_27' title="bbox 66 4573 1261 4658; baseline -0.008 -14"><span class='ocrx_word' id='word_1_194' title='bbox 66 4573 240 4656; x_wconf 64' lang='lat' dir='ltr'><strong>calitaniis,</strong></span> <span class='ocrx_word' id='word_1_195' title='bbox 254 4583 458 4658; x_wconf 83' lang='lat' dir='ltr'><strong>potestatibus,</strong></span> <span class='ocrx_word' id='word_1_196' title='bbox 472 4581 725 4655; x_wconf 75' lang='lat' dir='ltr'><strong>gubernatoribus,</strong></span> <span class='ocrx_word' id='word_1_197' title='bbox 746 4579 941 4655; x_wconf 86' lang='lat' dir='ltr'><strong>praesidibus,</strong></span> <span class='ocrx_word' id='word_1_198' title='bbox 963 4576 1142 4648; x_wconf 89' lang='lat' dir='ltr'><strong>teloneariis,</strong></span> <span class='ocrx_word' id='word_1_199' title='bbox 1167 4578 1261 4641; x_wconf 85' lang='lat' dir='ltr'><strong>tribu.</strong></span> 
     </span>
    </p>
   </div>
   <div class='ocr_carea' id='block_1_8' title="bbox 0 0 1500 5258">
    <p class='ocr_par' dir='ltr' id='par_1_8' title="bbox 0 0 1500 5258">
     <span class='ocr_line' id='line_1_28' title="bbox 0 0 1500 5258; baseline 0 4"><span class='ocrx_word' id='word_1_200' title='bbox 0 0 1500 5258; x_wconf 95' lang='lat' dir='ltr'><strong> </strong></span> 
     </span>
    </p>
   </div>
  </div>
 </body>
</html>
