2992 5258
149 403 211 469 646
397 396 605 452 Controversiac
623 395 657 451 de
674 394 805 464 religiono
824 396 850 449 in
868 395 1010 450 Bohemia:
1030 395 1104 450 1416.

252 607 278 668 l.
301 599 407 667 Primo
430 601 514 682 quod
537 598 705 664 universus
723 599 827 664 clerus
850 615 920 663 cum
941 597 1060 680 populo
1082 603 1171 666 stent
1191 598 1253 665 sub
1273 598 1343 667 obe

150 705 271 772 dientia
293 705 452 769 Romanae
476 701 630 768 ccclesiae
653 705 686 766 et
706 700 808 782 ipsam
831 698 996 765 ecclesiam
1018 699 1210 780 regentium,
1233 719 1271 768 ac
1285 699 1344 785 ipsi

149 808 187 872 D.
211 806 457 887 Archiepiscopo
484 810 518 871 et
546 805 611 870 suis
638 800 840 890 officialibus,
872 805 970 884 prout
999 801 1088 883 prius
1125 806 1289 868 steterunt
1313 811 1345 870 et

153 929 211 992 per
233 907 499 991 praedecessores
522 923 597 970 suos
619 905 761 987 ipsorum
783 905 862 971 stari
884 903 944 970 luit
965 908 1166 983 consuetum,
1196 911 1231 971 et
1252 913 1346 988 prout

150 1012 183 1076 in
208 1009 316 1090 regnis
337 1007 449 1073 vicinis
471 1013 505 1073 et
526 1024 585 1090 per
605 1011 706 1072 totam
729 1005 1002 1072 Christianitatem
1024 1005 1225 1071 observatur.

250 1116 279 1174 2.
302 1109 340 1174 It.
363 1108 448 1190 quod
470 1108 573 1175 clerus
600 1108 789 1172 restituatur
811 1107 850 1173 ad
872 1106 1025 1189 pristinas
1045 1107 1224 1188 libertates,
1248 1108 1344 1175 etfir·

150 1218 263 1292 metur,
287 1210 371 1291 quod
393 1210 528 1294 amplius
551 1227 615 1275 non
637 1207 839 1301 impediatur,
862 1214 957 1292 prout
978 1208 1067 1292 prius
1089 1209 1150 1276 fuit
1171 1215 1305 1276 tentum.

251 1319 280 1379 3.
303 1315 342 1380 1t.
367 1312 471 1378 clerus
494 1310 628 1393 amplius
643 1309 790 1376 censibus
805 1310 871 1375 suis
893 1315 926 1376 et
946 1310 1017 1377 aliis
1029 1311 1273 1377 obventionibus
1284 1330 1345 1379 non

153 1417 305 1501 privetur,
328 1432 387 1481 nec
402 1413 560 1496 aliquibus
575 1412 725 1479 indebitis
738 1412 956 1479 exactionibus
978 1413 1229 1495 exactioneotur,
1251 1419 1344 1496 prout

149 1518 240 1602 prius
262 1516 324 1582 luit
345 1522 476 1581 tentum.

252 1620 280 1682 4.
303 1616 342 1681 lt.
372 1615 501 1698 plebani
531 1620 563 1680 et
596 1613 777 1682 beneficiati
808 1615 848 1681 ad
877 1616 1020 1700 ipsorum
1047 1614 1198 1681 eeclesias
1227 1621 1262 1681 et
1290 1634 1345 1681 sua

151 1714 305 1784 beneficia
337 1734 374 1782 ao
395 1717 486 1781 villas
516 1721 549 1782 et
571 1715 675 1782 curias
704 1716 882 1797 allodiales,
912 1717 1067 1799 aquibus
1095 1723 1171 1783 sunt
1199 1716 1294 1799 ejecti
1315 1724 1344 1781 ct

152 1819 288 1902 repulsi,
310 1817 393 1883 inira
415 1822 537 1883 certum
567 1824 692 1899 tempus
722 1816 935 1884 restituantur
965 1824 998 1885 et
1026 1817 1248 1900 possessiones
1269 1815 1344 1900 ipsis

154 1919 278 1985 ablatae
301 1917 514 1983 restituantur
536 1922 569 1982 et
591 1917 684 1999 plene
707 1916 891 1983 reddantur.

253 2021 282 2085 b.
325 2018 364 2084 It.
394 2018 478 2100 quod
518 2018 653 2100 amplius
685 2018 792 2083 nullus
828 2017 1000 2101 presbyter
1031 2018 1152 2100 absque
1184 2019 1344 2087 voluntate

152 2121 191 2187 D.
213 2119 453 2202 Archiepiscopi
483 2124 516 2185 et
545 2137 674 2184 suorum
703 2117 885 2185 officialium
908 2126 941 2185 et
962 2120 1031 2186 sine
1059 2137 1218 2186 consensu
1240 2121 1344 2204 pleba-

152 2241 264 2290 norum
287 2240 322 2287 se
343 2221 383 2286 de
406 2219 509 2285 officio
533 2219 778 2302 praedicationis
793 2222 929 2302 ingerat,
955 2220 1006 2286 vel
1026 2220 1216 2303 praedicare
1237 2222 1343 2307 quovis

152 2323 244 2390 modo
267 2330 458 2407 praesumat,
486 2327 582 2404 prout
603 2323 692 2404 prius
714 2322 774 2387 luit
794 2328 927 2388 tentum.

252 2427 280 2490 6.
304 2422 342 2489 lt.
365 2424 449 2505 quod
472 2423 508 2486 D.
525 2422 791 2505 Archiepiscopus
808 2428 840 2488 et
855 2424 955 2506 ipsius
971 2423 1125 2490 officiales
1140 2425 1242 2491 libere
1258 2445 1342 2493 exer·

153 2532 247 2593 ceant
277 2523 381 2591 officia
402 2525 557 2607 ipsorum,
590 2523 732 2603 citando,
766 2525 1065 2591 excommunicando
1092 2531 1126 2591 et
1148 2528 1344 2610 corrigendo,

153 2634 186 2694 et
202 2628 336 2710 amplius
352 2645 415 2691 non
430 2624 653 2708 impediantur,
677 2625 733 2690 sed
754 2626 861 2709 potius
877 2645 971 2692 manu
997 2627 1133 2694 seculari
1147 2628 1342 2711 adjuventur,

153 2734 186 2795 et
207 2729 267 2794 hoc
289 2748 347 2811 per
369 2738 480 2792 sermum
509 2727 685 2809 principem
714 2733 748 2794 et
769 2727 930 2793 dominum
952 2729 990 2795 D.
1014 2729 1236 2796 Wenceslaum
1259 2733 1341 2797 Rom.

152 2836 186 2896 et
206 2829 284 2895 Boh.
307 2846 415 2910 regem
431 2847 469 2894 ac
483 2845 542 2911 per
563 2827 701 2893 barones
718 2833 751 2894 et
772 2829 1014 2896 communitates
1031 2831 1194 2898 civitatum
1217 2839 1251 2897 et
1271 2832 1342 2899 civi·

151 2937 235 2997 tates
258 2938 423 3013 regentes,
454 2936 487 2995 et
508 2931 568 2996 hoc
597 2949 656 3012 per
683 2936 784 2996 totum
815 2949 947 3013 regnum
977 2938 1010 2998 et
1038 2934 1237 3016 provinciam
1257 2933 1342 3016 regni

47 3101 48 3105 ,
151 3033 330 3111 Bohemiao,
353 3024 449 3114 prdut
471 3032 559 3114 prius
582 3037 704 3097 tantum
727 3040 760 3098 et
782 3030 985 3099 observatum
1006 3033 1076 3100 luit.

251 3133 278 3201 7.
301 3133 340 3199 It.
363 3133 405 3196 Μ.
427 3132 568 3198 Joanncs
594 3133 741 3199 desenicz
764 3133 803 3200 de
826 3134 955 3199 civitate
985 3135 1139 3217 Progensi
1162 3138 1293 3204 recedat
1312 3144 1343 3204 et

151 3253 215 3300 nou
237 3239 440 3305 revertatur,
469 3250 633 3314 quousque
657 3232 759 3298 eidem
783 3233 822 3298 de
844 3233 996 3301 beneficio
1019 3237 1229 3303 absolutionis
1252 3239 1342 3304 iuverit

152 3336 329 3419 provisum,
363 3353 402 3399 ex
424 3352 477 3412 co,
512 3333 597 3414 quod
620 3352 678 3416 per
699 3334 737 3399 D.
769 3335 1052 3419 Archiepiscopum
1073 3356 1132 3404 nec
1154 3340 1341 3405 auctoritate

150 3438 251 3520 ipsius
274 3440 381 3518 potest
403 3434 542 3514 absolvi,
577 3440 672 3517 prout
694 3454 753 3517 per
775 3434 918 3501 divorsos
941 3436 1088 3503 doctores
1111 3438 1251 3505 civitatis
1272 3442 1341 3505 Pra-

150 3538 259 3619 gensis
281 3543 314 3601 et
329 3536 407 3600 alios
423 3534 463 3599 de
479 3534 665 3601 Constantia
680 3535 876 3602 sufficienter
892 3543 942 3603 est
964 3544 996 3602 ct
1008 3539 1067 3604 luit
1088 3540 1159 3621 ipse
1181 3541 1219 3607 D.
1236 3540 1342 3606 Archi·

150 3640 319 3720 episcopus
359 3636 559 3716 informatus,
594 3637 741 3718 quoniam
770 3644 903 3720 propter
942 3639 1082 3720 priorem
1118 3643 1339 3708 resumtioncm

151 3738 328 3804 divinorum
352 3744 385 3803 et
412 3738 615 3803 violationem
644 3738 804 3804 interdicti
829 3739 994 3820 praelatus
1016 3741 1054 3805 D.
1076 3742 1338 3826 Archiepiscopus

152 3840 212 3905 luit
233 3845 266 3904 ct
289 3846 338 3903 est
368 3838 580 3918 personaliter
607 3838 646 3904 ad
669 3837 885 3905 Constantiam
910 3842 1041 3920 citatus;
1065 3860 1162 3924 super
1184 3862 1248 3925 qua
1269 3844 1338 3909 cita·

155 3940 241 4006 tione
263 3939 315 4005 die
336 3938 491 4004 hodierna
512 3939 709 4021 disputatur,
734 3946 767 4005 et
788 3942 953 4007 occasione
976 3943 1069 4023 hujus
1092 3943 1257 4009 citationis
1279 3944 1340 4026 ipsc

150 4039 188 4104 D.
211 4040 478 4123 archiepiscopus
502 4039 576 4105 lecit
597 4041 756 4122 impensas
778 4040 817 4106 ad
841 4041 943 4107 0000
966 4060 1140 4126 sexagenas
1163 4062 1339 4126 grossorum

23 4187 28 4200 .
150 4147 373 4222 argenteorum
405 4141 574 4222 Prageusis
596 4147 751 4207 monetae.
795 4142 837 4208 Et
857 4143 890 4207 in
912 4162 996 4224 casu,
1026 4146 1053 4209 si
1077 4144 1184 4211 divina
1204 4162 1339 4211 resume·

150 4249 262 4307 rentur
285 4247 318 4306 et
339 4240 543 4306 interdictum
565 4241 748 4322 violaretur,
771 4261 834 4309 non
857 4251 945 4310 esset
966 4244 1072 4325 aliqua
1093 4262 1168 4328 spes
1191 4245 1231 4311 de
1253 4247 1338 4313 abso·

150 4341 281 4420 lutione,
303 4348 398 4422 prout
428 4341 467 4406 de
491 4339 677 4407 Constantia
699 4341 759 4407 fuit
781 4350 813 4409 at
836 4350 885 4409 est
908 4344 1052 4427 pluribus
1074 4346 1197 4413 vicibus
1219 4347 1338 4413 intima·

152 4446 217 4506 turn
241 4448 273 4507 et
295 4442 499 4524 publicatum.

248 4545 277 4607 8.
300 4541 338 4607 lt.
362 4549 545 4622 praetactas
562 4543 599 4610 D.
623 4543 889 4628 Archiepiscopus
904 4546 1004 4614 voluit
1018 4554 1052 4613 et
1073 4548 1150 4629 vult,
1174 4548 1260 4632 quod
1274 4565 1340 4632 per·

150 4658 247 4708 sonae
270 4642 398 4708 laicales
431 4650 462 4709 et
485 4644 548 4726 alii,
573 4644 686 4728 quibus
714 4663 778 4711 nou
800 4653 850 4712 est
872 4665 1065 4730 concessum,
1087 4668 1107 4717 a
1128 4649 1338 4717 communione
