2992 5258
376 407 545 479 Responsum
564 409 601 464 ld.
619 410 644 465 J.
662 409 721 464 llus
739 408 774 464 ad
792 408 920 464 articulos
936 409 1025 465 Pelet.
1045 411 1119 467 1415.
1291 414 1353 479 217

162 614 256 686 tacite,
279 614 437 675 secandam
459 631 551 687 opera
571 631 672 674 eorum
693 614 783 673 nolite
806 613 920 687 sacere;
942 614 1023 674 etin
1044 614 1104 685 illo,
1126 614 1175 687 qui
1194 631 1246 674 ros
1261 615 1350 690 audit,

161 734 207 776 me
228 717 319 776 rudit

260 817 385 876 Discunt
415 833 485 890 ergo
515 817 573 875 mei
603 815 841 886 calumniatores,
874 817 952 888 quod
979 832 1039 874 non
1072 815 1166 874 solum
1198 822 1265 875 sunt
1297 815 1355 875 XII

166 917 278 977 Christi
310 916 434 976 consilia
459 917 491 976 in
524 917 674 990 evangelio
698 916 856 988 explicata,
890 917 920 975 in
949 917 1052 990 quibus
1079 916 1188 975 subditi
1216 915 1358 975 obediunt

156 1017 280 1076 cbristo
302 1023 333 1076 et
355 1018 415 1075 suis
438 1017 624 1089 praepositis,
648 1016 699 1074 sed
723 1015 800 1088 quod
822 1021 868 1092 tot
888 1022 956 1074 sunt
977 1016 1026 1076 dei
1041 1015 1173 1091 consilia,
1196 1021 1267 1088 quot
1288 1021 1356 1073 sunt
1420 1068 1428 1082 „

153 1115 242 1176 licita
271 1123 302 1174 et
327 1115 453 1175 honesta
474 1116 640 1188 praeceptis
663 1116 711 1174 dei
733 1115 787 1173 sub
809 1116 1041 1188 poenapeccati
1068 1113 1200 1173 mortalis
1223 1113 1354 1187 obligan-

153 1216 240 1274 tibus
256 1216 458 1275 condistincta.
485 1216 576 1276 Omne
599 1216 675 1274 enim
697 1217 755 1274 tale
778 1216 905 1275 consulit
927 1216 1061 1275 dominus
1083 1214 1148 1274 loco
1172 1221 1354 1286 attempero

153 1331 223 1374 cum
246 1315 314 1375 aliis
336 1316 559 1376 circumstantiis
581 1316 618 1375 ad
640 1316 818 1375 voluntatem
840 1317 1004 1388 praepositi
1027 1316 1198 1390 adimplere.

261 1418 310 1474 32.
334 1415 438 1489 „Licet
458 1416 573 1475 clericis
595 1420 622 1476 et
642 1416 729 1474 laicis
744 1417 885 1488 judicare
899 1417 1110 1488 jurisdictione
1118 1414 1298 1488 potestativa
1319 1412 1354 1471 de

153 1516 298 1574 omniteo
313 1517 530 1588 perimetros
551 1517 592 1574 od
618 1517 742 1575 salutem
763 1521 789 1576 et
810 1518 845 1575 de
867 1517 1003 1588 operibus
1018 1517 1251 1589 proclamator
1294 1515 1356 1574 Ista

148 1616 324 1687 propositio
346 1632 405 1674 non
427 1623 473 1675 est
494 1617 524 1675 iu
547 1616 662 1686 libello,
694 1617 747 1676 sed
769 1618 812 1677 sic
834 1617 971 1676 scribitur
999 1616 1070 1690 cap⁰
1094 1619 1130 1675 19
1153 1614 1224 1674 tolio
1248 1616 1281 1674 5:
1310 1615 1355 1674 Ex

148 1714 233 1785 istis,
264 1716 581 1788 convenissemus
604 1718 742 1789 sequitur,
766 1717 843 1790 quod
865 1716 935 1776 lieet
956 1717 1071 1777 clericis
1096 1717 1220 1776 subditis
1241 1717 1298 1774 imo
1321 1720 1351 1773 et

148 1813 242 1873 laicis
274 1815 310 1873 de
346 1830 462 1873 suornm
492 1817 725 1888 praepositorum
761 1817 900 1888 operibus
929 1817 1082 1890 judicare3
1115 1823 1197 1889 patet
1223 1832 1259 1874 ex
1286 1816 1352 1890 hoc,

153 1915 228 1986 quia
259 1915 338 1973 aliud
374 1920 420 1973 ost
449 1916 589 1989 judicium
623 1916 769 1976 discretae
804 1922 834 1975 et
873 1916 1062 1976 absconditae
1088 1916 1288 1975 arbitrationis
1320 1915 1350 1972 in

151 2012 224 2072 foro
246 2014 453 2089 conscientiae,
476 2022 505 2074 et
528 2015 605 2074 aliud
626 2017 765 2089 judicium
788 2016 983 2088 potestativae
1001 2015 1216 2088 jurisdictionis
1237 2016 1267 2074 in
1289 2013 1354 2073 toro

153 2113 313 2173 ecclesiae.
336 2115 434 2174 Primo
449 2116 536 2174 modo
559 2116 693 2175 subditus
716 2115 805 2175 debet
826 2116 1030 2189 principaliter
1051 2132 1083 2174 se
1106 2117 1200 2188 ipsum
1212 2115 1353 2187 judicare,
1433 2088 1449 2127 ⁹

151 2216 241 2287 J‘uxta
261 2214 340 2273 istud
361 2215 457 2277 ICor.
482 2220 537 2274 ll:
568 2215 599 2274 Si
621 2223 737 2275 nosmet
758 2217 839 2287 ipsos
851 2217 1056 2289 indicaremus,
1078 2233 1134 2275 non
1157 2217 1257 2289 utiquo
1274 2216 1355 2288 jndi-

162 2332 308 2385 caremnr:
330 2321 361 2403 et
379 2316 507 2376 secundo
520 2317 607 2376 debet
619 2317 751 2389 judicare
768 2317 864 2390 pmrria
882 2318 939 2376 sibi
961 2324 1174 2389 consequenter
1185 2315 1222 2375 ad
1235 2316 1357 2376 salutem

162 2417 347 2487 pertinentia,
367 2419 451 2489 juxta
466 2417 537 2476 illud
559 2418 656 2477 ICor.
679 2421 710 2475 2:
732 2417 899 2489 Spiritualis
915 2426 1010 2477 autem
1025 2419 1110 2476 bomo
1123 2417 1235 2490 judicat
1250 2416 1355 2473 omnia.

161 2516 248 2575 Ecce·
263 2516 407 2590 quomodo
440 2518 559 2589 ponitur
592 2517 639 2577 bic
661 2518 698 2576 de
717 2519 828 2591 judicio
852 2519 995 2577 discretae
1011 2516 1217 2584 arbitrationis,
1238 2530 1296 2572 non
1318 2513 1356 2571 de

148 2616 266 2687 jndicio
290 2616 481 2688 potestativae
501 2617 735 2690 jurisdictionis,
768 2624 855 2689 prout
887 2619 916 2676 in
949 2616 1071 2676 articulo
1097 2615 1202 2674 inserit
1222 2613 1355 2672 inimicus

161 2713 259 2785 homo;
292 2714 369 2772 ande
392 2715 500 2773 ibidem
524 2717 655 2786 ponitur,
680 2716 757 2789 qnod
779 2723 896 2788 oportet
918 2717 1024 2775 laicum
1047 2715 1088 2775 sic
1107 2715 1241 2789 judicare
1263 2729 1355 2785 opera

158 2814 312 2887 propositi,
334 2815 409 2873 sicut
432 2815 582 2886 apostolus
608 2816 751 2888 judicavit
773 2832 865 2887 opera
886 2816 976 2884 Petri,
1000 2815 1185 2886 corripiendo
1209 2830 1273 2872 eum
1296 2812 1356 2887 (Ad

165 2913 224 2972 Gal.
239 2913 296 2989 2⁰).
326 2913 460 2972 Secundo
477 2915 564 2974 dubet
579 2915 669 2973 laicas
682 2916 815 2988 judicare
831 2916 1029 2988 praepositum
1047 2916 1084 2974 ud
1102 2913 1278 2987 fugiendum
1289 2930 1356 2971 narn

162 3014 263 3073 blatth.
287 3017 305 3073 7
332 3014 404 3071 dicit
424 3015 573 3073 Christus:
595 3016 747 3074 Attendite
770 3033 787 3075 a
809 3014 891 3074 salsis
911 3015 1074 3087 prophetis,
1097 3016 1145 3087 qui
1169 3015 1288 3073 veniunt
1318 3014 1355 3072 ad

161 3130 210 3172 ros
232 3116 261 3172 in
283 3115 466 3173 vestimentis
489 3116 598 3185 ovium,
635 3116 811 3174 intrinsecus
842 3123 939 3174 autem
969 3119 1036 3173 sunt
1060 3114 1121 3186 lupi
1142 3130 1273 3186 rapaces.
1315 3113 1357 3171 Et

163 3215 246 3273 tertio
258 3214 349 3272 debet
358 3215 490 3286 iudicare
503 3215 539 3273 ad
554 3215 745 3286 spiritualiter
757 3213 963 3287 proficiendum
978 3222 1007 3273 et
1018 3214 1212 3286 corporaliter
1226 3213 1354 3270 nutrien-

163 3315 226 3372 dum
255 3313 302 3372 vel
331 3315 417 3372 aliter
445 3313 705 3387 benefaciendum
738 3315 825 3374 aliter
854 3315 931 3373 euim
957 3330 1110 3388 numquam
1139 3314 1356 3386 eligerentura

165 3413 242 3473 laicis
268 3414 378 3473 clerici
410 3415 440 3472 iu
463 3420 589 3486 curatos,
610 3415 639 3472 in
663 3414 850 3474 consessores
872 3415 919 3473 vel
941 3413 1180 3488 elemosynarios.
1202 3412 1283 3470 Haec
1304 3411 1354 3469 ibi.

265 3514 336 3586 Quis
360 3531 430 3588 ergo
453 3519 553 3586 potest
573 3515 682 3573 bomini
704 3515 895 3587 praecludere
914 3515 1055 3588 judicium
1076 3513 1198 3573 rationis
1220 3511 1354 3578 subditis,

165 3616 231 3687 qma
254 3615 370 3687 possint
388 3615 521 3688 iudicare
544 3616 693 3674 caritative
720 3616 757 3674 do
788 3616 927 3688 operibns
955 3615 1167 3687 praelatorum,
1200 3629 1262 3672 cum
1285 3611 1357 3670 dicit

164 3715 405 3774 salratorMattb.
429 3717 483 3773 23:
509 3715 605 3787 Supra
626 3715 793 3774 cathedram
808 3716 908 3790 Moysi
930 3716 1069 3774 sederunt
1090 3714 1205 3774 scribae
1228 3719 1258 3772 et
1278 3712 1355 3783 pba-

163 3815 270 3874 risaei:
304 3817 401 3874 omnia
422 3832 501 3888 crgo,
523 3832 719 3890 quaecamque
735 3818 864 3875 dixerint
883 3816 977 3888 vobis,
998 3815 1093 3885 facite,
1124 3816 1177 3874 sed
1199 3812 1357 3872 secundum

165 3931 253 3987 opera
273 3932 375 3975 eorum
397 3917 489 3975 nolite
510 3916 616 3975 iacere.
660 3917 785 3989 Oportet
807 3917 890 3987 en'un,
913 3917 991 3989 quod
1014 3916 1122 3974 subditi
1144 3914 1258 3972 rationo
1281 3913 1355 3984 diju-

168 4017 264 4075 dicent
286 4032 377 4087 opera
398 4017 613 4090 praelatorum,
642 4018 716 4075 etsi
740 4018 921 4092 sumbone,
955 4016 1062 4075 debent
1087 4014 1214 4085 gaudere
1237 4012 1273 4070 de
1295 4011 1356 4069 illis

166 4121 192 4174 et
219 4116 340 4176 laudaro
370 4117 456 4175 deum
486 4123 516 4175 ct
537 4118 700 4189 praelatos3
741 4119 857 4176 sivero
887 4117 1056 4185 dutmala,
1085 4113 1193 4173 debent
1221 4113 1355 4183 compati,

166 4214 261 4273 dolere
285 4222 316 4274 et
336 4216 416 4275 nolle
440 4218 483 4275 sio
505 4217 579 4276 male
602 4216 708 4291 iacere,
731 4235 767 4275 ne
790 4235 853 4276 cum
875 4218 948 4289 ipsis
971 4218 1077 4276 cadunt
1097 4216 1127 4272 ln
1150 4213 1261 4272 lorsam
1284 4227 1352 4283 pec·

165 4316 217 4373 cati
246 4322 277 4375 et
304 4316 499 4376 damnationis
534 4324 684 4387 aeternae,
714 4335 777 4376 cum
806 4317 884 4375 dieat
911 4317 1044 4375 domiuus
1074 4313 1191 4396 (Matth.
1223 4309 1291 4392 15):
1324 4310 1356 4369 si

166 4431 264 4475 coecas
287 4416 368 4475 ducit
389 4433 515 4486 coecum,
538 4417 622 4474 ambo
645 4418 674 4475 in
697 4416 810 4474 foveam
832 4416 947 4475 cadunt.

259 4518 308 4574 33.
340 4516 442 4590 „Deus
463 4518 616 4589 saepmedit
632 4535 690 4589 per
710 4535 741 4576 se
763 4517 916 4590 quereri-ibet
939 4516 1127 4575 criminosum
1143 4514 1316 4586 praelatum
1337 4529 1356 4570 a

165 4632 213 4676 aaa
245 4619 344 4690 officio
371 4620 418 4680 vel
446 4620 616 4688 aeainisterio,
651 4619 719 4677 dura
748 4618 905 4678 actitetur
933 4621 975 4676 est
1003 4615 1039 4676 e‘a
1068 4615 1196 4683 cnossiae,
1230 4613 1302 4688 prela
1323 4631 1356 4671 co
