2992 5258
413 440 455 492 15.
490 437 621 493 Defensio
639 437 758 492 mandati
776 439 845 508 regii
863 437 896 492 de
914 441 930 494 3
949 438 1067 493 vocibus.
1280 439 1342 508 357

242 641 351 704 Oetam
380 644 418 704 ad
446 659 589 717 praesens
617 644 756 717 sequitur,
786 644 863 719 qnod
893 644 973 705 natio
1006 644 1176 716 Teutonico,
1213 661 1340 719 poscens

143 744 251 806 habere
280 747 434 818 primatum
463 752 494 805 ct
522 745 652 819 regimen
679 745 869 818 praecipuum
893 763 956 805 cum
978 746 1072 806 tribus
1094 745 1217 808 vocibus
1251 764 1342 820 super

144 862 199 905 una
226 862 300 906 vocs
328 847 456 906 nationis
483 847 659 906 Bohemicac
689 847 720 905 iu
748 847 939 907 universitate
969 847 1059 907 studii
1081 849 1249 923 pragensis,
1279 850 1342 909 vult

144 963 208 1007 csse
230 945 375 1007 excelsior
397 947 516 1007 natione
538 945 703 1018 Bohemica,
725 946 787 1006 vult
809 963 875 1007 esse
891 948 920 1007 iu
937 955 1025 1021 caput
1039 955 1068 1008 ct
1082 964 1141 1008 non
1155 949 1185 1008 iu
1208 948 1340 1021 caudam,

144 1049 202 1109 vult
230 1064 298 1108 esse
325 1062 442 1119 semper
470 1063 559 1119 supra
585 1053 615 1105 et
636 1062 696 1105 non
718 1047 829 1124 subter,
852 1064 910 1109 nou
933 1065 1042 1121 parens
1064 1049 1210 1109 mandatis
1240 1049 1339 1123 regiis,

144 1149 322 1209 contravenit
348 1149 392 1209 sic
417 1147 551 1221 exemplo
574 1148 671 1207 divino
701 1153 731 1207 et
751 1148 887 1209 mandato
910 1150 1001 1224 regio,
1023 1151 1054 1210 in
1076 1150 1218 1211 volitioue
1241 1151 1338 1224 quus·

145 1251 220 1311 modi
243 1256 289 1311 est
311 1249 480 1310 nullomodo
502 1248 656 1309 audienda.

240 1376 315 1438 Item
343 1376 463 1437 mandat
492 1392 545 1436 rex
575 1374 759 1447 omnipotens
792 1378 847 1436 sub
875 1377 1060 1436 damnatione
1088 1383 1249 1450 perpetua,
1279 1393 1342 1437 rem

143 1492 197 1537 non
233 1478 443 1551 concupiscere
476 1476 611 1552 proximi,
643 1475 745 1537 dicens
776 1473 887 1557 (Exodi
918 1473 986 1557 20):
1022 1476 1106 1551 „Nou
1149 1479 1342 1551 concupisces

140 1591 201 1637 reru
231 1579 358 1652 proximi
386 1575 461 1638 tui:“
494 1577 548 1637 sed
579 1594 643 1637 cum
672 1578 868 1651 principatum
899 1585 928 1637 et
956 1578 1078 1650 primum
1110 1579 1206 1638 locum
1228 1585 1342 1657 tenere,

137 1679 266 1748 primam
287 1696 389 1740 vocem
411 1677 519 1738 babere
543 1685 573 1738 et
587 1681 737 1757 majorem,
752 1696 787 1739 ac
801 1680 961 1751 praecipue
977 1679 1130 1739 consulere
1146 1681 1176 1738 iu
1191 1679 1341 1751 Bohemia,

137 1787 189 1840 est
210 1797 261 1841 res
285 1782 418 1854 proximi,
440 1780 508 1854 quia
530 1779 725 1840 Bobcmorum
746 1779 794 1839 vel
809 1779 946 1839 Bohemi:
967 1780 1056 1854 igitur
1071 1782 1152 1840 natio
1168 1780 1340 1851 Teutonico,

132 1894 271 1952 poscens
292 1882 381 1942 istam
402 1897 473 1951 rem,
496 1882 679 1941 contravenit
700 1880 837 1941 mandato
860 1880 970 1942 domini
994 1882 1171 1955 supradicte.

242 2010 317 2068 Item
338 2009 387 2067 lex
408 2015 455 2067 est
475 2012 612 2067 naturae:
637 2008 733 2082 „qnod
756 2008 811 2067 tibi
833 2006 898 2068 fieri
919 2024 979 2067 non
1001 2009 1053 2078 vis,
1076 2007 1142 2067 aliis
1172 2023 1209 2066 ne
1233 2006 1340 2069 leceris

125 2106 240 2180 ipse*
265 2113 297 2168 et
320 2109 416 2183 ,quod
437 2109 481 2167 vis
503 2108 557 2168 tibi
579 2106 652 2179 lieri,
673 2109 724 2168 alii
746 2114 777 2168 tu
800 2108 907 2169 leceris
929 2110 1022 2182 ipse.“
1068 2109 1108 2168 Et
1128 2110 1208 2168 natio
1232 2109 1343 2168 Teuto-

122 2211 208 2270 nica
231 2208 328 2269 nollet
349 2208 405 2268 sibi
427 2206 499 2280 fieri,
523 2209 602 2288 quod
624 2211 705 2269 natio
727 2209 885 2269 Bohemioa
907 2216 989 2270 esset
1010 2210 1155 2270 excelsior
1175 2210 1206 2268 in
1229 2210 1343 2269 Vienna

122 2312 185 2372 vel
210 2312 371 2385 Helberga,
399 2318 430 2370 et
451 2310 529 2386 quod
558 2311 639 2369 natio
661 2311 821 2371 Bohemice
842 2317 923 2370 esset
943 2310 985 2369 ibi
1007 2311 1037 2369 iu
1060 2318 1148 2383 capnt
1171 2317 1201 2370 et
1224 2326 1344 2383 semper

120 2425 244 2485 supra3
275 2413 436 2472 etiterum
463 2412 543 2472 natio
568 2411 730 2471 Teutonica
758 2411 848 2472 vellet
876 2411 932 2471 sibi
962 2409 1035 2482 fieri,
1065 2411 1142 2484 quod
1172 2413 1238 2484 ipsa
1266 2410 1344 2472 soret

118 2511 292 2574 excelsior
312 2513 431 2573 natione
453 2513 612 2572 Bohemica
633 2512 662 2571 iu
687 2512 800 2572 Vienna
820 2513 867 2571 vel
889 2513 1050 2586 Helberga:
1079 2513 1225 2587 igiturex
1248 2514 1343 2585 prima

115 2621 227 2683 parte
258 2629 318 2673 non
347 2614 436 2674 debet
463 2613 538 2673 velle
561 2629 628 2672 esse
652 2614 799 2673 excelsior
819 2613 849 2672 in
871 2613 1021 2684 Bohemia,
1041 2628 1098 2674 neo
1118 2615 1149 2674 in
1172 2619 1267 2686 caput,
1289 2631 1344 2674 nec

115 2727 262 2788 semper
283 2730 388 2787 supra;
410 2721 498 2775 etex
521 2713 650 2774 secunda
672 2719 756 2785 parte
779 2713 869 2772 debet
884 2714 970 2789 velle,
993 2715 1071 2787 quod
1087 2716 1166 2774 natio
1183 2714 1343 2775 Bohemiae

112 2810 168 2876 in
200 2823 285 2877 terra
314 2815 473 2875 Bohemiae
500 2814 539 2873 sit
565 2815 631 2874 aliis
662 2814 808 2875 excelsior
838 2816 1017 2885 nationibus,
1039 2822 1071 2876 et
1092 2816 1182 2876 sitin
1204 2824 1345 2888 caputet

109 2928 199 2977 non
232 2917 265 2975 in
294 2915 415 2977 eandam
445 2922 476 2974 et
505 2930 622 2987 semper
651 2931 740 2986 supra
762 2921 792 2974 et
819 2932 878 2973 nou
901 2916 1009 2975 subter.
1054 2914 1243 2976 Confirmavit
1264 2918 1344 2977 istud

117 3000 293 3087 Salvator,
316 3016 417 3077 dicens
432 3012 543 3095 (Lucae
556 3014 624 3094 VI):
649 3016 760 3091 „Preut
787 3016 883 3085 vultis,
910 3023 943 3074 ut
964 3014 1073 3076 iaciant
1094 3017 1179 3076 vobis
1202 3016 1344 3088 homines,

116 3125 174 3179 et
196 3133 252 3177 vos
280 3115 368 3176 facite
396 3115 485 3177 illis.“
531 3114 563 3175 Si
585 3131 656 3189 ergo
678 3115 779 3175 volunt
801 3116 964 3186 Teutonici,
986 3123 1019 3175 ut
1040 3116 1169 3186 Bohemi‚
1197 3117 1221 3175 si
1244 3123 1346 3178 esseut

110 3213 173 3278 in
196 3219 354 3288 Teutonis,
375 3215 570 3288 iacerentsic,
593 3216 670 3291 quod
693 3216 817 3275 consilia
839 3232 949 3293 eorum,
973 3232 1059 3277 voces
1082 3222 1113 3277 ct
1126 3216 1270 3277 utilitates
1285 3234 1344 3278 non

113 3319 290 3381 tollerent
317 3326 348 3379 et
376 3335 408 3379 se
439 3333 528 3390 supra
550 3323 580 3378 et
602 3319 631 3376 in
654 3325 743 3389 caput
764 3334 822 3377 uon
844 3322 995 3389 ponerem,
1018 3316 1126 3377 iaciant
1147 3318 1177 3377 in
1200 3316 1345 3378 Bohemia

106 3419 188 3482 sio
210 3419 361 3480 Bohemis.

244 3522 281 3582 It
302 3521 367 3581 Lex
388 3520 528 3580 canonica
550 3528 580 3579 et
600 3520 649 3578 lex
671 3519 766 3578 civilis
789 3518 904 3589 docent,
926 3518 1038 3579 incolas
1053 3535 1157 3594 regere
1176 3525 1340 3590 extraneos,

95 3612 218 3691 ipsis
239 3621 413 3695 praesidere
436 3627 466 3680 ct
488 3617 566 3702 (eos)
588 3627 733 3694 tamquam
756 3635 857 3680 serves
881 3622 1022 3693 compati;
1043 3621 1134 3693 igitur
1155 3620 1344 3682 naboBobe·

95 3724 219 3784 mica
246 3722 338 3783 debet
363 3724 394 3783 in
423 3738 517 3797 reguo
540 3722 701 3781 Bohemiae
724 3737 827 3796 regere
851 3724 986 3781 nationes
1009 3727 1136 3792 exteras,
1158 3721 1232 3794 ipsis
1255 3738 1340 3795 prae·

97 3817 253 3894 sidere,
287 3832 317 3884 et
345 3838 396 3883 eos
428 3831 573 3897 tamquam
602 3839 702 3882 servos
735 3822 897 3882 incolarum
930 3824 1064 3895 compati,
1097 3839 1162 3882 cum
1193 3839 1252 3882 non
1285 3822 1345 3882 siut

96 3908 269 3984 heredes
300 3931 331 3984 et
359 3924 495 3983 dominae
526 3924 661 3982 nationes
690 3922 856 3997 hujusmodi
886 3924 969 3998 regni
999 3922 1159 3983 Bohemiae
1180 3922 1344 3983 incolarum

99 4030 335 4109 consuetarum
357 4029 388 4083 et
408 4023 439 4082 iu
462 4025 612 4084 extraneis
635 4020 716 4103 (eit).

243 4124 278 4188 It
301 4125 419 4184 Dictum
448 4126 602 4196 poeticum,
631 4125 747 4183 divinae
768 4124 828 4198 legi
851 4125 1037 4196 supradictae
1059 4139 1227 4194 consonum,
1255 4122 1342 4188 dicit:

248 4225 299 4300 ,Si
320 4226 386 4300 quis
408 4226 445 4285 ab
468 4225 577 4285 exteris
599 4241 694 4297 nuper
716 4224 868 4284 devenerit
896 4225 964 4294 oris,
988 4224 1019 4299 (i.
1043 4239 1068 4283 e.
1091 4221 1238 4301 pertibus)

244 4326 310 4387 Non
333 4327 412 4404 licet,
433 4326 580 4399 indigenis
602 4332 635 4385 ut
655 4326 726 4385 velit
748 4342 816 4385 esse
837 4325 944 4398 prior.“

244 4477 279 4537 It
309 4477 392 4537 Deus
422 4478 606 4551 omnipotens
629 4477 783 4537 duodecim
805 4475 940 4536 tribubus
963 4476 1063 4535 divisit
1084 4481 1192 4534 terrem
1215 4471 1343 4536 funiculo

129 4568 368 4650 distributionis,
390 4585 422 4638 ut
444 4594 635 4653 unaquaeque
658 4578 755 4638 tribus
776 4579 836 4638 suis
851 4577 1062 4650 principaliter,
1085 4576 1149 4635 sine
1164 4575 1343 4636 admixtione

138 4670 270 4741 &liuram
283 4678 418 4752 tribuum,
440 4676 586 4756 potiretur
607 4677 729 4754 legibus,
753 4695 790 4738 ne
812 4675 889 4741 foret
910 4679 941 4738 iu
963 4677 1099 4743 tribubus
1120 4676 1203 4741 zelus
1226 4683 1257 4742 et
1272 4692 1341 4741 ceu·
