2992 5258
151 412 213 477 492
285 453 288 460 .
404 407 610 464 Controversiae
625 407 660 465 de
675 408 807 478 religione
822 409 851 464 in
868 409 1011 465 Bobenia:
1030 392 1103 465 illd.

156 617 208 678 est
236 612 277 677 de
304 612 366 679 fide
388 631 448 678 sua
466 614 622 680 rationem
646 611 797 680 reddere:
819 614 847 680 si
868 630 945 696 ergo
966 613 1081 696 aliquis
1102 613 1178 681 vult
1193 612 1257 692 sibi
1272 615 1348 681 boe·

151 713 248 778 resim
270 714 320 778 vel
343 731 484 779 errorem
506 713 655 795 objicere,
681 712 766 796 quod
778 732 816 779 sa
838 714 991 781 inscribat
1012 735 1050 780 ex
1074 714 1259 782 nominoio
1274 733 1348 789 oan-

153 811 282 881 oellaria
303 814 341 879 D.
365 815 604 898 Archiopiscopi
632 815 672 881 ad
693 815 913 881 deducendum
934 815 1060 899 publica
1082 833 1190 882 coram
1210 823 1351 900 utraque

150 920 251 996 parte.

251 1018 279 1080 5.
302 1016 340 1083 It.
364 1018 392 1082 si
420 1019 525 1113 nullus
547 1017 700 1100 objiciens
722 1017 871 1083 inventus
893 1016 990 1083 fuerit
1011 1017 1064 1101 qui
1086 1036 1121 1084 se
1144 1018 1350 1098 inscriberet,

152 1122 308 1182 vocentur
328 1118 388 1197 illi,
424 1119 477 1201 qui
499 1119 539 1184 ad
560 1119 679 1185 curiam
705 1136 807 1201 papae
834 1117 1050 1199 deduxerunt,
1085 1119 1170 1202 quod
1191 1120 1225 1184 in
1248 1137 1351 1202 regno

152 1217 339 1300 Bohemiae,
374 1219 405 1283 in
441 1219 570 1287 civitate
592 1220 745 1301 Pragensi
771 1225 804 1284 et
836 1219 1055 1285 marchionatu
1076 1221 1240 1287 Moraviae
1270 1221 1351 1287 rnul-

153 1323 257 1382 torum
279 1319 375 1386 corda
402 1320 527 1386 haeresi
550 1320 601 1386 vel
623 1337 734 1385 errore
756 1320 821 1386 sint
842 1319 971 1400 iniecta,
1002 1320 1086 1404 qaod
1107 1321 1264 1404 probent,
1296 1321 1351 1404 qui

153 1425 228 1483 sunt
249 1419 310 1499 illi;
334 1421 415 1486 etsi
437 1439 500 1487 non
523 1422 736 1504 probaverint,
759 1421 940 1503 puniantur.

253 1520 282 1585 6.
305 1521 344 1587 It.
368 1522 524 1604 dirigatur
550 1522 590 1588 ad
620 1523 767 1588 doctores
790 1521 969 1603 theologiae
992 1526 1025 1588 et
1042 1523 1125 1605 juris
1146 1523 1294 1588 canonici
1317 1530 1351 1589 et

152 1618 193 1684 ad
215 1622 352 1702 capitula
374 1624 605 1702 canonicorom,
628 1627 662 1686 et
684 1621 865 1705 requiratur
886 1623 926 1688 ab
949 1622 1094 1687 omnibus
1108 1628 1142 1688 et
1162 1643 1183 1689 a
1204 1622 1352 1705 quolibet

153 1717 351 1804 singillatim,
375 1724 458 1806 quod
488 1724 651 1791 nominent
672 1722 809 1804 aliquem
831 1723 857 1787 si
879 1723 984 1789 sciunt
1004 1723 1201 1789 haereticum
1223 1725 1278 1791 vel
1299 1744 1350 1793 er

154 1821 294 1888 roueuni.
337 1823 455 1902 Quodsi
479 1824 619 1890 dixerint
641 1823 851 1906 ,noscimuS,“
879 1831 956 1890 tunc
976 1822 1094 1890 iaciant
1113 1824 1153 1890 ad
1174 1824 1238 1891 boo
1260 1843 1350 1892 reco-

153 1922 327 2004 gnitionem
343 1943 448 1992 coram
463 1925 598 2008 publicis
620 1925 763 2003 notariis,
786 1923 898 2005 sigillis
911 1926 978 1990 suis
999 1925 1131 1991 eandam
1146 1925 1350 1993 roborantes.

254 2024 282 2089 7.
305 2024 344 2091 It.
367 2027 417 2091 his
438 2025 555 2092 habitis
578 2025 615 2090 D.
638 2027 718 2105 Rex,
749 2025 895 2090 similiter
917 2025 1176 2109 archiepiscopus
1197 2027 1349 2093 mandent

154 2125 213 2189 sub
234 2128 361 2209 poenis,
395 2128 479 2211 quod
500 2127 605 2193 nullus
636 2127 732 2193 alium
765 2125 941 2192 haereticet
972 2131 1028 2193 aut
1049 2126 1134 2193 dicat
1167 2145 1346 2208 erroneum,

154 2226 215 2291 nisi
238 2229 316 2293 volit
337 2229 368 2293 in
391 2229 494 2311 ipsum
515 2229 654 2312 probare
675 2244 817 2294 errorem
839 2226 890 2293 vel
911 2227 1070 2293 baeresim
1092 2227 1177 2293 sicut
1197 2228 1302 2295 decet.

252 2332 280 2394 8.
303 2329 341 2395 lt.
364 2335 436 2412 post
463 2330 522 2394 hoc
544 2330 582 2393 D.
615 2330 683 2394 Rex
715 2345 846 2394 concors
869 2346 939 2394 cum
972 2327 1150 2394 baronibus
1172 2328 1346 2395 subsidium

155 2443 212 2492 seu
244 2430 408 2496 collectam
429 2449 449 2496 a
470 2430 556 2496 clero
578 2430 729 2511 recipiat,
763 2434 797 2494 et
817 2429 935 2510 dirigat
955 2429 1161 2497 ambasiatam
1182 2430 1345 2496 honestam

154 2531 195 2598 ad
227 2528 367 2606 Curiam3
390 2549 461 2596 cum
491 2549 554 2611 qua
576 2531 750 2596 ambasiata
781 2529 883 2596 atilli
914 2547 1013 2611 super
1033 2528 1175 2612 propriis
1199 2529 1344 2613 expensis

155 2638 271 2697 exeant
292 2649 350 2713 pro
373 2631 602 2713 expurgatione
628 2631 732 2711 regni,
765 2631 818 2713 qui
841 2647 973 2710 regnum
994 2628 1073 2696 false
1096 2636 1131 2695 et
1151 2629 1341 2712 gravitorin

156 2732 295 2798 Romana
317 2731 407 2798 ouria
427 2731 667 2799 infamaverunt
1309 2794 1313 2809 ,

254 2836 282 2900 9.
305 2834 343 2899 lt.
365 2837 498 2915 propter
530 2832 743 2914 praesentiam
774 2832 814 2895 ll.
841 2830 974 2896 loannis
1009 2830 1079 2896 Hus
1101 2836 1135 2897 et
1167 2829 1238 2914 dns
1258 2846 1341 2912 praa·

156 2932 346 3000 dicationem
379 2950 441 2998 non
473 2932 570 2999 debet
605 2932 732 2997 interim
769 2931 844 3013 poni
877 2930 1098 3010 interdictum,
1132 2931 1218 2997 siout
1248 2944 1340 3011 nuper

156 3034 260 3100 iuerat
272 3035 418 3116 positum,
434 3039 545 3099 contra
556 3032 718 3115 generalia
732 3031 865 3098 concilia
876 3040 909 3096 et
921 3030 1205 3100 determinationes
1217 3035 1336 3096 mactae

156 3134 267 3200 matris
289 3133 452 3201 ecclesiae.
