2992 5258
358 426 399 481 aa
433 420 467 481 D.
484 425 516 481 E.
534 420 617 492 Regis
636 430 664 478 et
680 421 790 491 reginae
810 419 849 476 lic
868 421 904 476 ad
921 417 1022 477 cardiu.
1040 420 1129 477 datae.
1277 425 1339 490 413

726 660 760 730 Ε.

546 849 660 931 Rapina
683 846 798 929 Sophia
820 846 933 911 eidem.

346 1033 464 1117 Sophia
485 1031 597 1113 regina
618 1031 800 1098 Bohemiae.

246 1184 377 1253 Gratam
408 1182 655 1249 benivolentiam
687 1200 758 1247 cum
791 1180 950 1247 desiderio
980 1181 1021 1248 ad
1050 1181 1194 1248 salutem.
1238 1183 1341 1249 lterme

148 1288 255 1370 paterl
300 1284 462 1361 Quoddam
491 1283 673 1350 mandatum
701 1282 819 1350 factum
848 1283 1028 1365 scripturae
1059 1284 1262 1363 contrarium,
1284 1302 1340 1368 po-

148 1388 212 1471 puli
246 1387 440 1453 turbativum
474 1391 507 1450 et
539 1385 629 1466 regni
661 1385 765 1451 nostri
802 1383 998 1450 conlusixum
1030 1383 1071 1449 ad
1103 1385 1341 1469 suggestionem

149 1487 363 1572 quorumdam,
380 1488 433 1570 qui
447 1485 679 1571 praedicationi
695 1485 896 1568 evangelicae
911 1483 1115 1565 dissentiunt,
1132 1486 1340 1566 consurrexit,

149 1591 193 1656 sic
226 1587 310 1671 quod
342 1587 536 1671 praedicatio
570 1586 725 1667 evangelii
759 1591 889 1668 praeter
915 1586 1054 1652 claustra
1082 1592 1115 1652 et
1141 1586 1340 1669 parochiales

150 1689 300 1756 ecclesias
332 1688 365 1754 in
397 1687 526 1770 capellis
560 1687 655 1752 etiam
689 1707 708 1753 a
740 1687 816 1752 sede
849 1687 1023 1770 apostolica
1056 1688 1215 1753 roboratis
1243 1695 1276 1753 et
1308 1688 1341 1752 in

150 1790 293 1857 omnibus
321 1789 391 1855 aliis
418 1789 496 1854 locis
518 1808 576 1870 per
597 1789 790 1869 Pragensem
813 1787 1087 1871 archiepiscopum
1110 1794 1159 1853 est
1181 1787 1342 1869 prohibita

150 1899 182 1960 et
221 1891 282 1957 sub
323 1909 428 1972 poena
470 1889 802 1955 excommunicationis
838 1894 889 1954 est
925 1889 1058 1955 sublata.
1102 1888 1200 1954 Novit
1235 1896 1342 1954 autem

152 1995 204 2059 γ’·
237 1995 332 2059 Pata.
366 1991 498 2073 liquide,
541 1991 624 2073 quod
658 1990 789 2056 verbum
821 1989 940 2055 domini
972 1990 1135 2072 alligatum
1172 2006 1243 2054 esse
1278 2009 1341 2057 nou

150 2094 273 2174 debeat,
303 2094 361 2160 sed
383 2094 416 2158 in
438 2094 524 2172 vicis,
554 2093 587 2156 in
615 2092 740 2174 plateis,
763 2093 796 2157 in
819 2093 922 2172 tectis,
945 2092 1007 2157 imo
1030 2091 1147 2173 ubique
1169 2093 1342 2159 secundum

151 2195 342 2278 exigentiam
363 2193 513 2260 auditorii
535 2193 723 2276 praedicari.
752 2192 955 2276 Quapropter
975 2193 1051 2258 Vmn
1072 2194 1176 2258 Pattem
1195 2210 1342 2273 rogamus

152 2296 382 2378 praesentibus,
411 2300 568 2376 quatenns
595 2294 747 2358 honorem
769 2291 821 2357 dei
842 2292 1026 2375 respiciens,
1049 2293 1184 2358 salutem
1206 2310 1341 2375 perpen-

152 2396 228 2463 dens
264 2396 390 2479 populi,
428 2395 468 2460 de
503 2394 708 2460 libertatione
745 2392 992 2475 praedicationis
1029 2394 1229 2476 evangelicae
1265 2394 1343 2460 velit

153 2497 332 2580 diligentius
358 2495 536 2578 providere.
579 2494 646 2560 Nec
675 2495 760 2558 euim
790 2494 856 2575 pati
886 2511 1063 2575 possumus,
1094 2495 1178 2576 quod
1211 2494 1342 2560 verbum

152 2598 267 2665 domini
289 2598 323 2663 in
336 2597 455 2662 nostris
471 2596 584 2661 castris
601 2601 634 2661 et
649 2594 830 2660 ciuitatibus
846 2600 909 2659 tam
924 2594 1076 2675 grandem
1093 2594 1341 2677 oppugnantiam

153 2700 299 2783 patiatur.
343 2697 520 2763 Praedictis
542 2697 738 2778 diligentiam
752 2697 806 2760 Ψ·
826 2696 919 2760 Pace
940 2695 1097 2775 adhibeat,
1121 2695 1211 2760 nohis
1234 2696 1266 2759 in
1283 2694 1343 2759 hoc

152 2799 322 2866 ostendens
344 2798 603 2881 complacentiam
625 2797 828 2878 singularem.
855 2795 927 2860 Dat.
940 2797 1071 2878 Pragae,
1094 2795 1145 2862 die
1168 2796 1207 2861 16
1222 2797 1342 2861 mensis

153 2900 356 2986 Septembris.

638 2998 756 3080 Sophia
778 2997 829 3062 dei
851 2998 955 3079 gratia
977 2997 1099 3078 Regina
1121 2997 1301 3062 Bohemiae.

652 3184 849 3196 -·------—

732 3379 766 3449 F.

413 3567 552 3636 Berones
574 3570 614 3634 de
637 3566 763 3634 Krawar
783 3570 891 3635 loanni
915 3588 944 3652 p.
968 3568 1074 3635 ΧΧΙΙΙ.

251 3754 456 3839 Subjectione
478 3756 588 3821 humili
610 3755 649 3822 ad
672 3757 780 3821 oscula
801 3755 994 3822 sanctitatis.
1024 3755 1211 3822 Beatissimo
1234 3760 1343 3839 potor!

156 3853 200 3924 Ex
221 3857 356 3942 quadam
380 3865 414 3922 ut
436 3857 538 3923 lertur
559 3857 645 3922 hulla
666 3863 795 3922 sanctae
816 3859 986 3922 memoriae
998 3856 1169 3923 Alexandri
1185 3878 1235 3940 pp.
1250 3859 1285 3924 V¹
1311 3859 1344 3922 in

156 3978 253 4042 regno
282 3958 454 4024 Bohemiae
483 3960 641 4024 emanavit
666 3959 842 4039 sententia,
873 3966 908 4023 ut
933 3960 1007 4024 lihri
1028 3960 1190 4042 cujusdam
1211 3961 1344 4027 loannis

155 4058 270 4128 Wiclei
296 4079 316 4126 a
343 4058 482 4125 fidelium
504 4067 728 4124 amoverentur
753 4061 868 4139 oculis,
897 4060 952 4141 qui
975 4079 1101 4125 errores
1124 4062 1174 4126 vel
1195 4062 1344 4127 haereses

155 4162 364 4240 continerent,
388 4166 422 4226 et
436 4159 520 4241 quod
534 4160 646 4225 nullibi
669 4166 798 4243 praeter
815 4161 954 4227 claustra
975 4169 1008 4226 et
1029 4161 1227 4243 parochiales
1243 4164 1344 4227 eccle·

154 4263 225 4343 sias,
248 4262 346 4328 etiam
367 4279 426 4327 uec
448 4262 479 4326 iu
502 4260 632 4343 capellis
645 4262 819 4343 apostolico
842 4261 1034 4328 confirmatis
1056 4262 1189 4342 indulto,
1214 4264 1344 4328 verbum

154 4364 271 4431 domini
299 4362 511 4446 praedicetur.
556 4363 643 4441 Quae
672 4363 758 4428 hulla
783 4363 823 4427 ad
846 4364 1064 4429 executionem
1086 4365 1190 4446 posita
1212 4382 1344 4445 regnum

153 4463 325 4531 Bohemiae
338 4464 478 4545 graviter
493 4464 660 4529 commovit
676 4471 708 4529 et
723 4465 933 4544 conturbavit,
950 4484 1020 4531 cum
1034 4464 1179 4529 videatur
1193 4464 1345 4530 honorem

152 4565 387 4651 regnicolarum
416 4565 603 4646 extinguere
642 4572 676 4630 et
705 4566 843 4647 verbum¹
865 4565 982 4632 domini
1011 4565 1152 4647 alligare.
1196 4565 1238 4630 Et
1269 4567 1346 4649 quid

152 4666 306 4733 ralehunt
338 4667 478 4749 capellae
508 4665 542 4732 in
567 4665 686 4733 nostris
714 4667 846 4748 castris,
874 4666 1048 4749 inquibus
1077 4665 1196 4733 domini
1222 4668 1346 4737 exstitit
