2992 5258
387 418 429 470 58.
464 416 590 471 Andreas
607 415 641 471 de
659 416 749 471 Rrodn
765 418 940 486 reprehendit
957 419 995 474 dd.
1012 419 1038 475 J.
1055 420 1122 476 Iius.
1287 427 1348 491 519

153 624 273 691 diaboli
299 628 358 701 est,
389 628 584 703 congregata
611 621 816 703 dispergere3
848 621 986 689 officium
1007 630 1113 690 autem
1135 625 1263 709 Christi,
1285 629 1349 695 dis·

152 712 249 808 persa
277 742 480 806 congregare.
525 723 608 788 Ecce
635 723 789 805 magister
819 725 1012 806 reverende,
1045 729 1201 807 quomodo
1233 732 1350 799 caritas

155 831 259 899 tendit
281 829 321 896 ad
343 828 514 894 unitatem!
545 826 629 904 Quid
651 845 728 908 ergo
751 846 809 893 nos
831 829 972 895 dicemus
993 828 1033 894 ad
1056 830 1143 908 haec,
1166 830 1251 896 inter
1270 850 1348 913 quos

152 938 227 997 sunt
260 936 371 996 tantae
404 927 620 994 dissensiones
654 934 686 991 et
720 928 904 1009 schismata,
940 936 975 994 nt
1006 931 1060 996 ille
1087 930 1255 1012 Joannita,
1288 934 1349 998 iste

152 1031 337 1111 Wiclefista,
361 1029 523 1108 ceterique
546 1028 790 1094 Mahometistae
814 1034 1062 1112 nuncupentur?
1095 1030 1137 1097 Et
1158 1032 1278 1099 divisus
1301 1042 1351 1102 est

154 1133 314 1212 Christus;
353 1130 503 1212 numquid
533 1129 649 1196 Wicfef
683 1130 852 1196 crucifixus
892 1139 942 1197 est
975 1151 1032 1214 pro
1073 1134 1191 1199 nobis?
1229 1144 1284 1202 ant
1316 1137 1349 1200 in

154 1236 281 1300 nomine
314 1234 416 1315 ipsius
449 1232 602 1314 baptisati
634 1235 765 1296 snmus?
809 1231 936 1298 Gratias
969 1254 1029 1314 ago
1063 1235 1123 1300 deo
1153 1255 1233 1318 meo,
1267 1237 1352 1318 quod

157 1337 264 1419 opinio
287 1335 388 1416 ipsius
410 1350 580 1414 numquam
602 1333 734 1398 intrarit
756 1335 787 1397 in
810 1353 865 1398 cor
887 1338 1006 1400 rrreom!

255 1436 297 1502 Et
326 1454 383 1501 vos
412 1436 445 1499 in
468 1435 561 1498 litera
583 1440 692 1499 vestra
713 1435 881 1516 appellatis
912 1455 961 1499 me
983 1436 1114 1504 fratrem
1138 1440 1351 1521 carissimum3

153 1539 209 1604 det
237 1538 313 1603 mibi
336 1536 483 1602 Christus
505 1536 599 1601 desus
628 1555 686 1619 pro
714 1557 828 1618 magno
858 1556 977 1619 quaeso
1008 1558 1146 1617 munere,
1170 1548 1206 1606 ut
1228 1542 1299 1608 sitis
1321 1543 1352 1608 in

156 1642 283 1708 domino
313 1643 413 1708 frater
440 1657 549 1709 meus;
579 1657 650 1704 narn
679 1659 718 1703 ex
747 1645 815 1705 toto
844 1640 948 1705 cordis
978 1640 1092 1705 affectu
1117 1641 1273 1722 desidero,
1296 1661 1353 1710 vos

153 1745 195 1812 ad
226 1746 381 1810 unitatem
410 1750 539 1808 sanctae
568 1741 680 1807 matris
702 1742 857 1808 ecclcsiae
877 1742 940 1823 jam
964 1742 1078 1821 redire,
1101 1743 1133 1807 in
1156 1753 1272 1825 quaet
1295 1763 1353 1827 per

154 1868 249 1932 quam
278 1846 454 1914 Christiani
484 1845 660 1910 adinvicem
690 1845 756 1909 veri
784 1846 916 1924 fratrea,
944 1866 964 1911 a
989 1865 1066 1928 qua,
1096 1847 1181 1925 quod
1207 1849 1353 1915 dolenter

153 1950 271 2028 refero,
301 1967 360 2031 per
387 1946 634 2013 inobedientiam
665 1947 854 2011 recessistis.
898 1947 1015 2012 Vestra
1044 1966 1179 2029 namque
1201 1950 1353 2031 patefecit
1447 1960 1449 1965 '

154 2050 258 2125 litera,
292 2068 385 2130 qnam
414 2048 489 2113 mihi
518 2045 713 2123 destinastis
744 2045 857 2129 (quod)
887 2048 967 2112 mori
998 2049 1097 2130 magis
1120 2050 1237 2132 cupitis
1259 2070 1352 2133 qnam

154 2153 284 2217 reverti.
328 2150 491 2228 Quomodo
522 2168 598 2230 ergo
633 2151 750 2212 fratres
784 2148 914 2226 eximus,
948 2167 1082 2229 qnorum
1110 2168 1173 2212 non
1207 2156 1257 2214 est
1290 2169 1353 2217 una

155 2257 260 2318 mater
289 2258 321 2317 et
349 2271 407 2334 par
429 2269 627 2332 consequens
655 2269 714 2315 nec
737 2269 818 2314 nnus
841 2251 955 2331 pater?
978 2256 1009 2314 et
1031 2251 1188 2331 quomodo
1210 2252 1353 2317 scribitis

154 2373 205 2418 me
233 2352 440 2430 carissimum,
469 2371 538 2416 cnm
568 2360 671 2416 tamen
703 2351 836 2417 tenditis
857 2351 896 2416 ad
920 2352 988 2430 boc,
1012 2351 1076 2431 (nt)
1099 2368 1149 2415 me
1174 2352 1353 2418 redderetis

154 2456 299 2520 omnibus
314 2455 501 2519 vilissimum
518 2458 550 2517 et
572 2452 724 2518 odiosum.
768 2453 913 2518 Scribitis
938 2453 1021 2517 enim
1044 2453 1130 2518 socio
1148 2471 1219 2519 mec
1235 2454 1351 2519 dilecto

153 2555 190 2619 D.
214 2557 319 2633 Petro,
342 2556 426 2636 quod
448 2574 486 2619 eu
510 2554 753 2635 participatione
777 2572 847 2618 mea
869 2554 1031 2619 vobiscum
1054 2573 1123 2619 sum
1139 2555 1351 2621 excommuni-

153 2663 252 2735 catus,
283 2655 435 2737 profanus
466 2662 498 2720 et
528 2655 722 2734 irregularis.
768 2655 856 2719 Bene
879 2654 1004 2735 quidem
1026 2656 1133 2720 multis
1156 2656 1351 2736 temporibus

153 2756 219 2821 bibi
242 2763 275 2821 et
308 2756 429 2821 comedi
460 2756 637 2820 vobiscum:
665 2757 721 2820 sed
750 2756 790 2820 ab
820 2756 873 2823 ilio
901 2764 1054 2839 ternpore,
1088 2776 1149 2839 qno
1182 2775 1351 2840 processus

153 2848 266 2933 contra
294 2875 350 2922 uos
380 2864 455 2922 sunt
485 2857 649 2938 publicati,
681 2876 785 2938 neque
815 2875 874 2937 ago
904 2875 959 2922 vos
987 2858 1059 2937 vidi,
1090 2877 1193 2940 neque
1223 2877 1280 2923 vos
1301 2878 1350 2924 me
1403 2906 1407 2917 .

153 2957 293 3035 vidistis;
326 2959 454 3039 palpate
485 2949 561 3037 ergo
591 2963 624 3022 et
653 2957 769 3035 virtute,
797 2964 902 3023 utrum
933 2960 994 3023 ista
1017 2979 1055 3024 ex
1078 2961 1212 3025 caritate
1234 2967 1290 3025 aut
1311 2978 1351 3025 ex

154 3059 227 3123 odio
257 3057 443 3140 procedant.
487 3058 614 3135 Dicitis,
646 3058 730 3138 qnod
753 3061 947 3139 exspectetis
969 3061 1172 3140 martyriam:
1195 3061 1350 3142 quomodo

152 3159 249 3223 vultis
279 3177 352 3223 esse
378 3167 508 3239 martyr,
538 3179 608 3224 com
636 3159 731 3224 etiam
762 3159 881 3238 iocum,
909 3159 963 3224 urbi
991 3162 1192 3239 cognoscitur
1222 3162 1350 3239 veritas

152 3259 320 3326 declinatis
329 3261 344 3322 ἱ)
386 3260 504 3340 Legem
534 3260 605 3324 aliis
635 3260 772 3340 objicitis
804 3278 860 3324 vos
888 3279 1022 3340 unacum
1053 3263 1178 3341 vestris,
1201 3269 1234 3327 et
1258 3279 1350 3327 nemo

152 3380 190 3424 ex
213 3360 304 3424 vobis
320 3359 396 3425 facit
418 3361 528 3440 legem.
573 3361 717 3425 Parietes
732 3361 913 3442 praeceptis
929 3361 1109 3442 depingitis,
1132 3382 1212 3443 quae
1230 3364 1349 3429 utinam

151 3461 183 3523 in
214 3460 364 3525 cordibus
395 3461 573 3524 tenereritis.
617 3460 730 3524 Nonne
760 3461 810 3524 lex
839 3461 925 3537 dicit,
954 3461 1014 3526 diis
1038 3480 1099 3526 nan
1123 3462 1294 3527 detrahes?
1316 3470 1349 3529 et

150 3578 262 3627 omnes
296 3561 393 3626 vestri
427 3562 574 3642 quaterni
607 3568 682 3625 sunt
714 3561 963 3627 detractionibus
999 3570 1032 3627 et
1064 3564 1214 3628 conviciis
1251 3563 1347 3645 pleni.

151 3663 219 3729 Lex
242 3662 423 3742 praecepit:
466 3661 536 3725 Non
567 3663 787 3743 concupisces;
818 3669 851 3727 et
880 3680 935 3726 vos
958 3682 1092 3728 rariacum
1114 3664 1231 3728 vestris
1253 3663 1348 3729 disci·

151 3762 236 3847 pulis
266 3762 374 3827 aliena
400 3761 514 3825 tollere
544 3760 747 3842 praedicatis.
791 3761 868 3825 bfibi
894 3762 1046 3842 judicium
1069 3763 1240 3845 imponitis
1264 3764 1349 3843 quod

151 3871 258 3930 tamen
291 3861 324 3926 in
353 3861 489 3927 veritate
519 3862 594 3926 mibi
622 3860 873 3926 ascriberentur
902 3861 1079 3940 deberetis;
1109 3863 1167 3928 scd
1198 3864 1270 3928 vae!
1294 3864 1347 3944 qui

149 3965 248 4032 alirnn
276 3962 381 4034 doces,
411 3969 443 4027 tc
474 3963 576 4044 ipsum
607 3981 668 4025 non
695 3960 799 4040 doces,
828 3961 905 4027 dicit
936 3964 1110 4045 apostolus.
1155 3963 1259 4040 erare
1293 3980 1347 4029 vos

150 4081 276 4149 papam,
306 4061 492 4140 cardinales,
520 4061 702 4142 episcopos
731 4060 890 4141 praelatos
917 4071 948 4126 ct
982 4082 1090 4127 ornnes
1125 4060 1345 4128 indifferenter

151 4163 286 4232 clericos
316 4161 499 4243 vituperose
529 4163 590 4225 imo
620 4161 771 4242 injuriose
800 4161 905 4224 verius
929 4163 1090 4243 judicatis,
1117 4169 1150 4227 et
1182 4162 1345 4243 imponitis

151 4265 198 4329 eis
221 4263 362 4339 crimina,
385 4281 467 4343 quae
488 4261 633 4326 fortassis
657 4280 719 4342 quo
742 4261 781 4324 ad
805 4280 903 4342 nsque
934 4264 1048 4337 vivitis
1072 4282 1135 4326 non
1158 4261 1346 4343 probaretis.

150 4362 216 4428 Cur
244 4380 308 4426 nou
335 4363 503 4441 sequimini
531 4362 633 4441 legem
665 4361 783 4426 Christi
817 4362 969 4427 dicentis:
1001 4363 1033 4428 Si
1066 4362 1186 4427 videris
1219 4363 1349 4426 fratrem

150 4475 344 4546 peccantem,
368 4463 494 4541 corrige
518 4479 589 4525 euru
612 4463 695 4526 iuter
718 4468 750 4525 te
773 4466 806 4526 et
827 4461 930 4543 ipsum
953 4464 1056 4528 solum
1078 4479 1117 4526 st.
1152 4461 1266 4527 Dicitis
1297 4480 1347 4526 me

149 4564 257 4631 colare
279 4563 411 4627 culicem
441 4569 474 4628 et
506 4562 659 4627 camelum
693 4562 863 4642 deglutire:
896 4563 1002 4628 verius
1036 4563 1094 4627 boc
1126 4561 1165 4626 de
1188 4562 1277 4627 vobis
1300 4561 1346 4626 di·

149 4682 258 4733 cerem
279 4669 313 4729 et
335 4662 374 4732 de
397 4662 528 4741 vestrim
560 4681 631 4733 nam
658 4661 739 4741 illos,
773 4662 826 4751 qui
861 4680 923 4728 non
947 4668 1022 4727 sunt
1051 4661 1091 4728 de
1124 4668 1213 4729 secta
1234 4661 1352 4733 Wiclef
