2992 5258
155 429 216 491 516
399 421 604 477 Controversiae
621 421 655 475 de
675 421 849 498 religionem
868 421 1011 476 Bohemie:
1032 425 1104 476 1413.

155 629 348 708 convocavit,
372 634 404 693 et
426 627 550 707 deinde,
574 626 721 707 quianon
743 631 899 689 venerunt
925 624 1059 707 praelati
1083 631 1115 690 et
1137 626 1191 691 alii
1213 627 1256 692 ad
1274 646 1355 710 quos

156 729 297 810 pertinet
318 729 350 792 iu
380 745 511 792 numero
534 726 722 805 sufficienti,
756 725 901 790 decrevit
921 726 1026 807 ipsum
1048 727 1215 793 consilium
1236 728 1358 794 iterum

156 847 346 908 convocare,
384 836 479 909 atque
511 827 698 892 convocavit.
730 826 770 890 ad
803 825 935 906 primam
970 825 1051 890 diem
1085 825 1184 891 futuri
1216 829 1356 910 proximi

155 930 272 995 mensis
295 928 489 1007 Decembris,
511 929 600 1008 loco,
623 945 715 1008 quem
738 932 814 991 tune
837 944 899 990 nou
922 928 1099 1008 expressit,
1123 928 1234 994 volens
1257 948 1358 1012 super

156 1031 216 1095 hoe
238 1030 278 1095 de
300 1035 406 1094 mente
429 1029 514 1093 ser¹·¹¹
537 1028 690 1110 principis
718 1026 754 1090 l).
779 1026 971 1107 sigismundi
995 1027 1082 1092 Rom.
1105 1034 1139 1093 et
1159 1028 1244 1110 Ung.
1269 1029 1357 1111 regis

155 1130 293 1195 animum
336 1131 511 1208 assentire;
544 1129 584 1194 ad
624 1128 708 1210 quod
741 1127 971 1209 ‹expediendum
1004 1130 1173 1194 terminum
1206 1130 1357 1212 praefixit

155 1232 249 1296 trium
272 1231 442 1310 mensium,
477 1230 660 1295 existimans
693 1229 734 1293 ad
758 1247 825 1293 eem
849 1229 930 1292 bene
953 1230 1012 1293 hoc
1035 1235 1160 1311 tempus
1193 1229 1355 1297 sufficere.

156 1331 226 1396 Hoc
258 1339 365 1396 autem
388 1332 523 1396 termino
558 1330 735 1413 pendente,
768 1328 828 1392 fuit
849 1328 933 1392 idem
967 1329 1004 1392 D.
1026 1330 1167 1395 doaunes
1189 1351 1276 1413 papa
1296 1351 1357 1414 per

154 1432 264 1496 literas
286 1432 386 1513 ipsius
410 1433 446 1495 l).
469 1430 661 1512 Sigismundi
689 1430 774 1510 regis
798 1429 985 1508 requisitus
1019 1436 1055 1493 ut
1076 1439 1150 1495 ante
1173 1430 1356 1512 hujusmodi

156 1531 354 1597 electionem·
371 1533 430 1597 leci
455 1531 549 1597 vellet
572 1537 759 1613 exspectare
781 1546 855 1593 suos
884 1535 1039 1595 oratores.
1082 1533 1182 1608 Quem
1215 1533 1356 1613 requisi-

86 1642 89 1647 “
154 1635 272 1698 tionem
294 1641 445 1715 reputans
468 1633 550 1698 idem
563 1631 600 1696 l).
613 1633 754 1697 Joanues
777 1650 860 1712 papa
882 1631 1056 1711 honestam
1082 1632 1185 1697 locum
1207 1632 1241 1696 in
1260 1652 1355 1716 prae·

153 1735 250 1800 misso
266 1737 402 1799 termino
416 1752 477 1799 non
494 1733 673 1816 publicavit.
708 1727 1015 1814 Super'venientibus
1031 1750 1107 1797 vero
1130 1741 1246 1815 postea
1261 1753 1355 1816 prae·

154 1833 227 1899 latis
242 1834 433 1914 oratoribus,
456 1834 658 1899 existimabat
672 1832 756 1897 idem
772 1832 809 1896 l).
832 1833 973 1897 ioannes
996 1853 1079 1916 papa
1102 1852 1157 1900 eos
1180 1834 1221 1899 de
1244 1843 1354 1901 mente

154 1935 287 2015 praelati
323 1936 407 2016 regis
430 1935 514 1999 circa
536 1935 638 1998 locum
668 1951 740 1997 esse
763 1934 857 2015 plene
879 1934 1053 1999 instructos
1075 1934 1135 2015 itu,
1170 1943 1207 2000 ιιι
1228 1934 1275 2001 eis
1298 1955 1354 2000 au·

153 2034 228 2099 ditis
250 2043 359 2116 posset
381 2035 440 2099 lroc
462 2035 629 2116 expedire3
656 2034 798 2099 sentiens
821 2041 928 2098 autem
954 2040 1082 2116 postea,
1105 2034 1190 2116 quod
1211 2054 1275 2102 non
1298 2036 1353 2102 ba·

153 2135 273 2200 hebent
295 2134 378 2200 circe
400 2136 460 2200 hoc
483 2141 694 2218 potestatem,
718 2133 861 2199 decrevit
883 2152 941 2216 pro
965 2134 1061 2199 celeri
1084 2135 1291 2217 expeditione
1313 2136 1353 2202 ad

154 2233 288 2299 eundem
322 2253 428 2315 regem
462 2234 627 2300 confestim
649 2233 776 2298 mittere
807 2253 902 2296 unum
933 2235 982 2298 vel
1005 2235 1114 2316 plures
1136 2236 1177 2301 de
1199 2236 1352 2303 fratribus

153 2335 236 2414 sum,
270 2335 389 2400 desua
418 2343 523 2400 triente
546 2336 630 2400 circe
663 2335 722 2398 lroc
745 2335 870 2416 plenius
902 2334 1084 2417 institutoS,
1117 2336 1235 2417 quibus
1257 2337 1352 2403 etiem

153 2437 220 2501 suis
243 2435 395 2501 fratribus
418 2437 472 2499 reni
495 2437 545 2500 vel
569 2436 712 2517 pluribus
735 2435 957 2513 committeret,
983 2443 1017 2500 ut
1039 2437 1099 2517 ipsi
1122 2456 1194 2502 curn
1216 2438 1351 2503 consilio

153 2543 187 2600 et
208 2555 341 2601 assensu
365 2535 506 2615 ejusdem
530 2536 615 2616 regis
638 2537 707 2600 sine
729 2553 818 2600 mora
841 2535 942 2599 locum
965 2537 1140 2617 eligerent,
1170 2545 1204 2608 et
1227 2546 1351 2621 tempus

152 2637 361 2717 assignarent.
386 2634 428 2701 itt
449 2637 493 2701 ite
510 2644 623 2717 postea
638 2637 697 2701 boc
709 2635 919 2717 adimplendo,
947 2637 1032 2700 misit
1047 2648 1151 2700 reule*
1175 2640 1206 2704 in
1224 2638 1350 2704 Clrristo

153 2745 262 2819 patres
294 2736 437 2801 dominos
472 2738 642 2801 Antonium
675 2736 760 2800 tituli
795 2746 922 2800 sanctae
945 2736 1104 2802 Caeciliae
1125 2740 1349 2821 presbyterum

153 2846 185 2902 ct
207 2837 410 2902 Franciscum
432 2847 612 2902 sarretorum
640 2837 772 2902 (lesurae
796 2844 828 2900 et
851 2836 995 2901 llmniani
1018 2837 1195 2918 diaconum,
1219 2846 1346 2906 sanctae

152 2939 239 3003 llom.
284 2937 437 3002 ccclesiae
461 2937 647 3012 cardinales,
670 2937 864 3019 apostolicae
887 2937 973 3000 sedis
996 2939 1127 3018 legatos,
1152 2959 1190 3004 ac
1213 2941 1346 3007 nobilem

152 3039 252 3102 virum
282 3038 459 3104 blanuelem
482 3037 673 3119 (ilmysolare
699 3037 770 3109 (sict
795 3038 927 3101 militem
950 3038 1344 3121 Constantinopolitanum,

153 3139 270 3203 tradite
292 3141 337 3203 cis
362 3140 454 3219 plena
477 3140 507 3202 in
532 3138 702 3218 praedictis
725 3144 895 3219 potestate,
923 3146 1018 3219 prout
1040 3147 1168 3205 constat
1191 3141 1225 3205 in
1247 3141 1345 3205 lit-eris

151 3239 343 3320 apostolicis,
370 3258 501 3319 ιμιιιιιιιιι
526 3247 618 3302 tenor
641 3248 691 3301 est
714 3239 800 3302 talis:

253 3394 383 3449 ‚loarmes
412 3395 567 3462 upismrpns
591 3408 691 3448 sersus
715 3409 862 3449 serrorum
887 3393 948 3450 dei:
981 3393 1095 3451 delectis
1127 3390 1197 3452 liliis
1221 3396 1343 3454 Armonio

151 3505 186 3553 tc.
211 3493 312 3551 Datum
343 3494 420 3562 uprrd
443 3492 471 3547 S.
496 3491 651 3549 dutonium
686 3500 770 3550 extre
795 3510 891 3550 neurus
917 3493 1099 3562 Florentiae,
1131 3494 1200 3553 Vlll
1223 3496 1342 3555 Kalend.

150 3590 345 3662 Septembris,
368 3592 551 3663 pentilieutns
575 3594 667 3650 nestri
690 3611 766 3650 uerno
790 3601 900 3665 ιμιιιιιο.
930 3600 948 3670 (
959 3595 1026 3653 Vide
1047 3610 1141 3664 snpra
1159 3613 1233 3669 pap.
1259 3600 1341 3665 513.)

235 3741 355 3817 Quibus
378 3740 502 3820 quidem
526 3741 623 3804 rcv'¹'‘·
656 3742 685 3803 iu
711 3743 837 3806 (dirimo
860 3742 1005 3823 [ratribus
1021 3744 1285 3825 pervenientibus
1306 3743 1341 3809 ad

150 3842 252 3922 ipsum
269 3859 385 3919 regern,
408 3841 467 3921 ipsi
492 3861 561 3905 cum
584 3859 622 3905 eo
645 3842 684 3903 dc
708 3842 880 3921 praedictis
896 3844 1077 3907 tract-ebant
1098 3843 1241 3925 perdies
1259 3853 1338 3910 octo·

150 3941 252 4006 decim
274 3943 324 4007 vel
345 3942 438 4020 circa,
462 3950 525 4006 tam
540 3942 653 4007 dicbus
675 3961 767 4023 «prum
791 3944 945 4016 noctibus,
968 3952 1001 4009 ct
1023 3944 1156 4023 singulis
1181 3946 1340 4012 lerehoris

150 4042 289 4122 ipsarum
311 4041 451 4121 dierum,
475 4051 569 4124 prout
592 4045 696 4108 omnia
718 4052 750 4107 et
773 4045 898 4124 singule
920 4043 1083 4126 praedicta
1106 4047 1264 4128 praedicti
1280 4064 1339 4124 res,

128 4142 245 4222 legati
279 4152 312 4205 et
333 4144 539 4208 commissarii
562 4164 667 4209 coram
691 4145 781 4209 nobis
804 4144 1015 4226 infrascriptis
1048 4146 1184 4211 notariis
1219 4165 1339 4213 asseru-

149 4251 253 4320 erunt,
276 4248 309 4305 ct
324 4251 399 4308 sum
414 4245 509 4309 etiam
532 4247 696 4327 praedicta
717 4266 776 4326 pro
798 4246 908 4327 majori
931 4253 1023 4326 parte
1046 4248 1224 4313 nrauilesta
1248 4250 1336 4314 Prae·

148 4340 263 4406 missas
292 4342 387 4406 etiam
410 4343 520 4408 literas
552 4345 744 4425 apostolicas
772 4345 906 4410 vidimus
929 4346 1065 4411 bullatas
1087 4346 1176 4412 bulla
1198 4348 1336 4429 plumbea

149 4459 237 4505 more
260 4442 417 4509 Romanae
441 4444 548 4510 curiae
577 4453 610 4510 ct
631 4464 694 4509 uon
715 4447 851 4516 abolitas
873 4466 931 4511 nec
954 4447 1099 4527 vitiatas,
1134 4450 1185 4513 vel
1207 4449 1240 4515 in
1261 4448 1338 4514 nuta

149 4546 240 4620 parte
273 4552 466 4625 suspectas.¹
494 4545 634 4610 Tandem
666 4553 772 4611 autem
806 4548 876 4629 ipsa
908 4547 974 4629 die,
1010 4549 1138 4616 favente
1172 4550 1336 4630 gratiarum

149 4642 286 4707 onmium
303 4644 463 4726 largitore,
487 4645 563 4710 dicti
586 4665 651 4727 rex,
675 4647 771 4728 legati
786 4655 818 4713 ct
842 4649 1049 4714 commissarii
1071 4649 1335 4717 conveneruntin
