2992 5258
161 414 223 479 270
371 410 444 465 Petri
462 409 495 464 de
513 409 689 464 biladcnowic
706 410 802 464 relatio
820 410 857 463 de
872 408 908 463 bl.
926 409 952 464 J.
970 408 1029 464 Huc
1045 424 1138 464 cansa:

160 620 264 687 petunt
285 615 377 674 dictas
400 614 607 682 Pateruitotes,
630 621 772 686 quatenus
797 615 881 686 hujus
904 615 1024 675 cedulae
1041 615 1349 687 tenoremetpctitio-

160 734 226 774 ncm
248 716 475 787 suprascriptam
496 716 570 786 ipsis
600 730 655 786 per
675 702 968 773 notarium'vcstrum
997 715 1144 786 publicum
1172 718 1202 775 iu
1225 714 1348 774 sormam

160 817 305 890 publicam
327 816 420 888 redigi
450 822 479 873 et
499 815 656 898 naussumi
676 815 771 873 velitis
795 816 954 873 decernere
977 821 1006 873 et
1032 815 1191 887 gratiosius
1221 830 1348 873 consen·

160 919 216 977 tire
237 916 349 974 meliori
372 915 457 973 rnodo
480 921 509 973 et
531 913 631 984 forma,
665 915 769 988 quibus
791 912 855 973 fieri
878 915 994 973 solitum
1017 921 1064 974 ast
1096 923 1125 974 et
1147 914 1346 974 consuetum.“

261 1066 370 1124 Harum
392 1081 462 1138 crgo
483 1063 697 1122 rationabilium
719 1070 750 1122 et
766 1065 910 1136 justarum
931 1065 1102 1136 petitionum
1114 1063 1200 1123 dietis
1224 1061 1348 1121 dominis

158 1175 359 1240 porrectarum
380 1165 483 1223 intuitu
506 1164 629 1221 Vestrae
659 1163 856 1235 supplicamus
877 1163 988 1237 Regiae
1009 1163 1176 1238 armestun,
1205 1168 1348 1236 quatenus

158 1284 257 1327 aurore
287 1265 419 1338 J'ustitiao
443 1270 472 1322 et
494 1261 587 1321 famae
608 1264 753 1335 praeclari
775 1265 857 1336 regui
879 1264 1050 1333 Bobemiae‚
1073 1265 1155 1338 cujus
1177 1263 1231 1321 abs
1257 1258 1348 1320 dubio

158 1369 244 1428 berea
268 1374 298 1425 et
318 1365 451 1424 dominos
474 1378 663 1422 successurus
685 1379 751 1422 esse
775 1371 805 1421 et
825 1363 888 1422 sore
909 1364 1076 1433 noscimini,
1108 1370 1138 1423 et
1157 1361 1250 1422 vestri
1274 1359 1348 1419 salai

158 1467 318 1527 conductus
349 1463 478 1522 libertati
500 1463 700 1534 providentes,
730 1479 799 1536 erga
826 1464 921 1523 dictos
943 1470 1043 1522 rernm·
1065 1469 1164 1536 patres
1193 1467 1225 1520 ct
1253 1459 1347 1519 dorni·

158 1584 211 1625 nos
238 1565 333 1624 uelitis
361 1564 548 1635 interponere
578 1571 678 1636 partes
708 1570 836 1633 uestras,
867 1570 898 1622 ut
924 1581 979 1622 uos
1000 1564 1031 1621 iu
1059 1564 1115 1622 bac
1132 1565 1215 1635 jnsta
1243 1567 1348 1620 nostra

157 1667 299 1740 petitione
321 1664 394 1741 ipsis
417 1669 448 1721 ut
470 1661 640 1733 praefertur
662 1662 762 1722 oblata
782 1664 874 1722 uelint
894 1662 1085 1723 effectualiter
1107 1661 1257 1722 exaudire.
1302 1660 1347 1720 Ne

157 1773 253 1826 autem
285 1765 393 1824 inimici
426 1763 546 1822 bonoris
569 1761 714 1822 etiamne
748 1764 893 1836 praeclari
926 1764 996 1822 dicti
1025 1763 1108 1835 regni
1135 1761 1296 1821 Bobemiae
1319 1769 1348 1822 ct

155 1867 251 1925 nostri
271 1866 383 1937 pariter
404 1864 619 1921 obtrectatores
634 1863 719 1921 nobis
741 1864 772 1922 in
793 1871 943 1935 posterum
957 1869 1081 1934 possent
1102 1862 1269 1938 detrahere,
1292 1878 1348 1921 nes

155 1965 278 2025 forsitan
311 1964 537 2035 praetendentes
562 1962 666 2035 'aliquo
687 1963 801 2033 illicita,
830 1962 1043 2022 irrationabilia
1065 1979 1117 2020 seu
1138 1961 1348 2021 inordinatae

156 2067 240 2126 dictis
262 2063 353 2124 revmi·
375 2064 506 2135 patribus
533 2062 711 2134 postulasse:
740 2064 808 2122 idco
830 2065 955 2134 petimus
977 2064 1070 2121 dictos
1094 2063 1227 2120 dominos
1251 2063 1347 2134 depu-

155 2175 248 2236 tatos,
281 2173 422 2238 ‹prratonus
454 2169 572 2220 nostrae
596 2157 726 2220 tenorem
747 2163 868 2222 cedulae
890 2164 981 2222 uelint
1002 2163 1161 2222 decernere
1182 2179 1268 2221 manu
1291 2164 1346 2223 sub

155 2266 273 2340 publica
293 2263 556 2322 authenticandurn.
579 2261 719 2321 Similiter
740 2270 771 2321 et
792 2264 926 2322 Vestram
947 2263 1126 2334 praedictam
1149 2263 1345 2323 Serenitatem

155 2383 291 2441 rogamus
313 2365 467 2432 attentius,
500 2372 643 2435 quotenus
671 2365 783 2435 pariter
811 2364 877 2436 ipsa
897 2366 1006 2424 Vestra
1027 2363 1177 2424 Serenitas
1206 2365 1346 2439 dignetur

154 2476 187 2528 et
206 2466 277 2526 velit
298 2466 368 2524 dare
391 2464 477 2523 nobis
498 2462 694 2521 testimoninm
716 2464 951 2535 praemissorum.

252 2617 423 2694 Postquam
454 2610 551 2691 igitur
583 2609 662 2674 baec
693 2610 887 2676 cedula'dio
920 2618 953 2676 et
974 2612 1043 2677 loco
1071 2612 1244 2694 praedictis
1265 2613 1345 2696 ipsis

154 2717 315 2784 nationum
355 2711 515 2792 deputatis
547 2717 751 2792 praesentata
781 2710 911 2791 luisset,
947 2712 985 2776 D.
1019 2714 1200 2786 patriarcha
1231 2714 1346 2779 Antio·

155 2817 274 2882 chenus
306 2811 432 2877 nomine
464 2810 687 2891 deputatorum
710 2812 890 2892 respondit,
925 2813 1026 2893 primo
1049 2812 1088 2876 de
1110 2814 1344 2895 protestatione

153 2917 237 2982 facta
267 2913 389 2978 dicens:
421 2910 455 2976 Si
480 2910 535 2975 illa
556 2911 746 2992 protestatio
769 2910 837 2992 ejus
858 2912 955 2976 fuerit
976 2912 1093 2992 valida,
1126 2912 1290 2979 videbitur
1309 2915 1343 2979 iu

152 3032 304 3099 processu
337 3028 465 3089 causam
488 3010 642 3089 secundo,
676 3010 715 3075 de
745 3013 949 3094 excerptione
971 3011 1051 3078 ialsa
1072 3030 1201 3078 suornm
1221 3015 1342 3080 articu-

153 3119 254 3183 lorum
285 3131 344 3197 per
374 3111 514 3178 aemulos
541 3111 685 3190 magistri
716 3111 800 3177 iacta
831 3113 925 3178 dixit:
959 3112 991 3178 Si
1018 3114 1099 3178 bene
1120 3114 1172 3178 vel
1192 3115 1342 3180 maleex-

154 3217 255 3299 cerpti
277 3218 360 3293 sunt,
383 3211 543 3286 videbitur
564 3211 597 3275 in
623 3209 686 3274 fine
708 3217 742 3276 et
763 3213 923 3278 sententia
944 3211 1126 3295 diffinitiva,
1157 3215 1192 3279 iu
1212 3232 1293 3296 quo,
1315 3214 1343 3280 si

152 3318 221 3399 ipse
239 3315 346 3396 justus
367 3311 571 3388 decernetur,
594 3318 669 3375 tuuc
690 3312 805 3377 aemuli
827 3318 860 3378 et
881 3313 1000 3379 inimici
1021 3315 1071 3379 sui
1092 3314 1342 3393 confundentur3

152 3416 192 3481 de
214 3414 368 3480 carrtionis
388 3429 465 3477 aero
486 3410 704 3492 fidejussoriae
731 3412 925 3478 exhibitione
948 3434 1006 3496 per
1030 3415 1173 3480 dominos
1195 3433 1255 3497 pro
1270 3432 1342 3496 per·

152 3533 230 3580 sona
262 3514 304 3578 M.
336 3513 428 3579 dean.
450 3510 519 3574 Hus
542 3511 723 3592 respondit,
756 3513 840 3594 quod
863 3514 890 3578 si
911 3515 997 3579 millo
1018 3514 1224 3596 fidejussores
1245 3515 1342 3581 etiam

151 3619 354 3696 ponerentur,
377 3610 460 3693 qued
482 3612 524 3675 sit
544 3611 622 3692 ipsis
644 3611 804 3694 deputatis
826 3619 938 3680 contra
958 3615 1099 3697 ipsorum
1121 3614 1341 3693 conscientias,

151 3714 247 3778 talem
267 3713 432 3791 bominem,
456 3712 506 3776 cui
528 3712 728 3777 nullomodo
750 3713 942 3778 credendum
957 3722 1016 3795 cst,
1038 3715 1117 3781 dare
1140 3715 1174 3780 iu
1195 3715 1341 3781 manibus

150 3812 377 3894 fidejnssorum.
411 3813 459 3877 De
491 3811 577 3876 finali
608 3830 684 3878 vero
717 3812 897 3878 audientiae
929 3816 1031 3895 petito
1053 3815 1234 3898 respondit,
1256 3815 1341 3898 qnod

150 3913 268 3978 domini
304 3913 448 3995 deputati
486 3912 671 3994 petitionem
703 3912 900 3977 dominorum
932 3914 1177 3994 exterminarant,
1214 3921 1249 3981 et
1279 3914 1340 3998 ipsi

150 4014 266 4081 loanni
293 4015 364 4079 llus
385 4012 437 4077 die
458 4012 610 4076 Mercurii
631 4014 782 4094 proxima,
805 4014 837 4079 id
860 4020 909 4080 est
930 4015 1010 4081 foria
1032 4023 1147 4097 quarta
1169 4015 1340 4082 immediate

149 4120 226 4181 tuuc
247 4116 407 4195 sequenti,
437 4132 518 4195 quae
539 4122 610 4179 crat
632 4113 699 4179 dies
720 4114 808 4180 iunii
830 4117 957 4196 quinta,
980 4117 1090 4181 volunt
1111 4116 1188 4182 darc
1210 4116 1340 4182 audien

150 4216 225 4280 tiam
258 4214 415 4296 publicam
436 4213 655 4293 favorabilem,
680 4220 714 4279 et
745 4231 816 4278 eurn
839 4216 891 4296 pie
920 4216 1029 4281 uolunt
1056 4222 1205 4281 tractare.
1239 4215 1339 4299 [Quae

149 4321 255 4380 autem
277 4321 311 4380 et
331 4315 447 4396 qualis,
470 4320 503 4379 et
524 4333 616 4395 quam
638 4315 690 4396 pia
711 4314 809 4380 iraerit
830 4316 884 4380 illa
905 4316 1074 4398 audientia,
1097 4322 1188 4398 patet
1209 4317 1264 4396 ibi,
1286 4316 1339 4381 ubi

148 4412 203 4479 illa
224 4414 414 4480 describitur
434 4433 567 4479 unacum
591 4414 661 4479 aliis
684 4415 889 4495 sequentibus
911 4416 981 4481 loco
1004 4433 1070 4496 suo,
1092 4416 1246 4482 videlicet
1259 4416 1339 4481 feria

149 4519 263 4594 quarta
293 4522 367 4596 post
397 4514 539 4579 Marcelli
572 4514 606 4599 (5
637 4514 726 4598 lun.)
758 4516 901 4597 proxima
929 4524 1003 4583 ante
1024 4517 1186 4599 ecclipsim
1208 4517 1286 4583 selis
1306 4521 1339 4581 ct

149 4613 229 4679 ieria
259 4621 349 4680 sexta
380 4612 414 4694 (l
446 4612 535 4697 Juu.)
568 4617 600 4680 in
633 4615 684 4681 die
716 4616 861 4698 ecclipsis
884 4618 960 4683 solis
982 4624 1016 4684 et
1036 4618 1170 4683 sabbato
1193 4620 1229 4697 (8
1248 4613 1335 4698 iun.)
