2992 5258
375 421 430 476 112.
449 418 555 489 Sigism.
571 420 706 477 Bohemos
722 426 821 489 monet,
839 426 871 476 ut
887 421 1000 478 ennodio
1016 427 1139 492 pareant.
1174 470 1180 485 ,
1290 428 1350 494 661

161 628 195 689 et
223 621 384 703 docentes,
416 641 475 706 per
503 623 663 689 cmciatus
692 629 725 690 et
755 630 917 691 tormenta
949 625 1099 692 aaronica
1125 626 1350 710 persecutione

158 721 253 790 iidem
282 724 476 805 catholicam,
509 743 602 808 quam
629 724 895 809 praedicaverunt
922 731 956 792 et
984 725 1169 808 docuerunt,
1203 727 1349 811 abjurare

161 832 327 909 coguntur,
342 827 586 894 constitutiones
602 825 732 893 frivolae
745 831 856 894 contra
866 827 1163 894 determinationem
1175 834 1208 895 et
1219 829 1351 896 decreta

159 934 289 993 sanctae
309 928 420 993 matris
443 928 596 994 ecclesiae
618 934 652 994 et
672 929 766 1012 buius
788 929 871 996 sacri
892 928 1026 1012 concilii,
1048 930 1237 1014 praesertim
1252 946 1350 1013 super

159 1029 379 1094 communione
400 1031 459 1096 sub
482 1037 616 1113 utraque
638 1030 745 1112 specie
761 1030 931 1097 temerarie
946 1030 1196 1113 promulgantur,
1219 1037 1253 1097 et
1272 1048 1350 1096 non·

160 1129 238 1196 nulli
268 1130 414 1196 catholici
443 1130 482 1196 ad
508 1130 687 1213 hujusmodi
715 1131 965 1197 communionem
992 1131 1051 1197 sub
1084 1140 1221 1214 utraque
1243 1132 1349 1214 specie

159 1231 394 1313 suscipiendam
416 1250 509 1297 manu
524 1231 661 1297 seculari
683 1231 827 1298 erebrius
853 1232 1081 1313 astringuntur.
1115 1232 1204 1299 Aliae
1225 1249 1350 1313 quoque

156 1332 405 1412 molestationes,
428 1331 661 1414 oppressiones,
685 1331 927 1414 persecutiones
943 1337 976 1397 et
990 1332 1241 1399 abominationes
1256 1332 1348 1398 deso·

155 1432 319 1512 latiorum,
341 1449 423 1516 quae
444 1431 552 1515 lingua
573 1433 677 1514 caruis
699 1450 763 1500 non
791 1431 910 1499 sufficit
936 1433 996 1499 lari
1019 1440 1052 1500 et
1073 1434 1270 1516 depromere,
1293 1439 1349 1499 aut

156 1538 245 1600 certe
278 1534 416 1600 calamus
448 1532 589 1599 seribere
622 1534 717 1599 etiam
758 1533 910 1601 velociter
943 1534 1113 1601 scribentis
1146 1534 1211 1600 stili
1245 1533 1348 1600 officio

157 1632 286 1700 minime
314 1652 558 1712 commemorare
586 1633 678 1714 valet,
706 1634 815 1716 quales
837 1653 897 1699 nec
918 1641 1062 1718 tempore
1084 1633 1266 1714 Pharaonis,
1289 1651 1348 1699 nec

157 1741 302 1817 tempore
331 1752 526 1817 paganorum
555 1741 793 1817 persecutorum
824 1736 977 1801 ecclesiae
1006 1736 1134 1802 auditae
1156 1741 1239 1816 sunt,
1262 1733 1348 1800 claro

149 1840 192 1901 et
220 1835 375 1901 catholico
404 1835 521 1918 populo
550 1836 712 1918 tyrannice
740 1836 929 1917 inferuntur,
959 1854 1036 1919 ques
1065 1843 1100 1904 et
1119 1835 1230 1902 audire
1251 1851 1346 1901 aures

157 1936 230 2018 piae
262 1936 390 2018 penitus
423 1936 685 2018 perhorrescunt,
720 1943 753 2002 et
783 1935 905 2002 referre
939 1937 1064 2018 singula
1095 1956 1134 2004 eu
1166 1932 1347 2018 hujusmodi

156 2035 368 2119 frequentatis
390 2036 589 2118 clamoribus,
614 2038 674 2102 buc
696 2038 869 2120 perductis,
891 2039 1018 2104 minime
1041 2039 1190 2105 valemus.

257 2137 386 2202 Talibus
408 2154 484 2217 ergo
507 2143 540 2202 et
562 2144 624 2203 tarn
646 2138 815 2204 horrendis
837 2140 976 2221 querelis
998 2146 1032 2205 et
1045 2138 1234 2206 clamoribus
1256 2133 1347 2201 lacri-

156 2237 254 2304 mosis
276 2238 353 2303 oleri
376 2243 409 2303 et
431 2238 538 2320 populi
561 2237 607 2302 sic
629 2238 739 2304 afflicti
762 2241 822 2304 hoc
844 2258 968 2305 sucrum
983 2240 1149 2306 concilium
1164 2239 1345 2316 excitatum,

156 2336 345 2404 decreverat
359 2337 408 2402 his
424 2337 536 2403 diebus
552 2345 664 2405 contra
679 2339 808 2405 fratrem
824 2345 967 2407 nostrum
981 2341 1079 2407 veluti
1095 2339 1347 2407 dissimulantem

158 2438 332 2521 praedicta,
354 2474 394 2484 -
418 2438 636 2521 (suspicantur
651 2439 788 2523 denique
804 2442 930 2524 plurimi
945 2450 979 2509 et
993 2447 1255 2525 argumentantur
1268 2455 1348 2506 nou·

154 2539 234 2604 nubi
255 2538 430 2619 manifeste,
453 2539 537 2621 quod
559 2541 591 2605 in
613 2546 702 2608 terra
723 2548 755 2608 et
777 2543 808 2607 in
831 2561 931 2625 regno
954 2544 1105 2627 principis
1128 2549 1160 2610 et
1182 2541 1267 2624 regis
1281 2544 1346 2605 tam

154 2640 295 2723 potentis
316 2645 439 2705 tantum
460 2640 565 2706 scelus
586 2648 620 2706 et
640 2641 761 2708 facinus
777 2644 989 2723 inhumanum,
1011 2645 1227 2726 horribileque
1247 2638 1345 2707 sacri

154 2741 282 2822 legium,
311 2741 380 2806 sine
406 2741 506 2823 ipsius
534 2743 736 2809 conniventia
748 2744 781 2826 *l
821 2762 885 2810 non
913 2747 1055 2828 potuerit
1083 2746 1260 2828 subripere,
1293 2739 1345 2806 hic

154 2846 261 2907 tamen
273 2839 325 2922 **)
341 2842 466 2908 notorie
481 2848 515 2908 et
527 2841 659 2923 inolere,
675 2843 730 2924 (si)
752 2844 814 2910 sibi
834 2845 904 2927 hoc,
937 2846 1020 2913 sicut
1035 2846 1191 2924 decuerit,
1210 2843 1344 2911 deberet

154 2959 287 3025 prorsus
315 2942 498 3025 displicere)
533 2979 562 2989 -
600 2942 641 3008 de
662 2961 743 3009 novo
771 2945 882 3010 durius
903 2944 1095 3030 procedere:
1116 2945 1218 3012 nostri
1239 2949 1344 3008 muron

154 3041 348 3124 interventu,
370 3044 423 3125 qui
444 3044 579 3126 praefati
600 3044 709 3110 fratria
731 3046 833 3112 nostri
854 3047 1006 3112 bonorem
1028 3063 1154 3128 semper
1175 3043 1343 3110 defensare

154 3142 361 3227 disponimus,
382 3151 418 3209 ut
439 3150 594 3225 tenemur,
616 3145 657 3211 ab
671 3144 849 3228 hujusmodi
865 3164 1017 3229 processu
1032 3144 1214 3228 aliquandiu
1229 3160 1342 3226 super·

155 3244 270 3311 sedere
299 3245 457 3329 proponit,
484 3244 655 3326 arbitrans,
683 3245 767 3329 quod
787 3246 872 3312 idem
893 3248 992 3315 irater
1015 3253 1124 3314 noster
1143 3245 1291 3328 neglecta
1312 3246 1344 3311 iu

153 3347 267 3413 melius
289 3344 470 3412 emendabit
492 3352 525 3412 et
546 3346 586 3413 de
607 3347 724 3414 futuris
744 3349 903 3414 salubrius
924 3348 1116 3434 providebit.
1157 3350 1228 3415 Jam
1257 3348 1343 3414 enim

152 3445 222 3513 iere
236 3466 296 3532 per
308 3447 480 3514 triennium
495 3465 679 3531 processum
693 3450 882 3532 hujusmodi,
903 3450 979 3518 licet
1000 3470 1070 3518 cum
1090 3449 1203 3532 mandi
1223 3449 1342 3515 laboris

153 3547 315 3628 instantia,
337 3549 389 3614 vix
411 3549 561 3632 suspendi
583 3551 830 3633 procuravimus,
853 3570 912 3619 uec
940 3552 1075 3635 amplius
1096 3551 1183 3617 salvo
1205 3551 1342 3616 Nostrae

152 3648 248 3733 Majl·
277 3651 398 3716 honore
429 3669 467 3717 ac
498 3651 609 3734 grandi
644 3652 797 3734 periculo,
834 3655 895 3718 nisi
928 3653 1023 3721 aliter
1055 3651 1213 3735 extemplo
1245 3649 1342 3716 fuerit

152 3750 363 3832 emendatum,
385 3751 563 3834 hujusmodi
586 3771 769 3836 processum
785 3755 960 3838 poterimus
975 3754 1141 3822 retardare
1156 3753 1207 3818 vel
1221 3752 1341 3834 aliqua·

154 3857 248 3919 tenus
270 3852 435 3936 impedire.

253 3951 299 4019 Ut
319 3953 417 4035 igitur
439 3953 534 4021 saluti
555 3961 682 4022 vestrae
704 3961 737 4022 et
757 3958 907 4040 antiquae
928 3956 1073 4022 iehcitati
1095 3953 1187 4036 regni
1210 3959 1244 4019 et
1257 3968 1342 4019 com·

151 4053 316 4119 munitatis
338 4060 465 4120 vestrae
487 4057 687 4122 consulamus
701 4058 885 4140 pariterque
905 4062 939 4122 et
952 4056 1075 4134 honori,
1103 4054 1342 4120 universitatem

151 4159 290 4220 rosham
313 4171 485 4236 monemus,
507 4157 697 4238 requirimus
720 4165 752 4223 et
773 4157 939 4223 hortamnr
959 4156 1113 4223 attentius
1136 4154 1341 4221 obsecrantes

150 4255 185 4320 in
205 4254 270 4335 illo,
292 4255 441 4338 quivere
463 4257 550 4322 solus
572 4257 717 4324 dominus
738 4258 966 4324 dominantium
989 4263 1023 4323 et
1044 4275 1101 4322 rex
1115 4273 1227 4337 regum
1241 4254 1339 4320 hono·

151 4356 217 4422 rari
246 4361 279 4422 et
307 4356 415 4438 sperni
444 4374 479 4422 se
508 4357 695 4440 reputatio
722 4358 787 4424 suis
817 4358 980 4440 ministris,
1004 4393 1042 4404 -
1070 4356 1156 4439 (cum
1184 4372 1341 4448 personae

210 4589 236 4655 *l
253 4592 306 4643 MS.
323 4594 494 4642 convenientia.

191 4671 233 4744 ”l
250 4674 302 4732 Β
320 4677 423 4733 omnine.
