2992 5258
364 426 402 477 19.
438 423 538 478 Vicarii
556 423 673 493 regiain
691 422 805 477 concilio
825 421 924 477 Pisano
942 423 1150 479 constituuntur.
1301 425 1360 492 371

164 636 345 694 nostrorum
367 632 536 703 stateram,
569 625 756 706 dignitatern
781 633 814 691 ct
836 625 959 707 pondus
982 626 1180 707 tangentium
1205 644 1263 692 nos
1279 643 1361 690 corn·

162 729 285 812 pellunt
300 728 340 794 ad
355 745 517 811 praesens,
540 727 572 791 in
588 727 647 792 boc
663 722 725 790 vim
747 726 926 809 hujusmodi
942 735 1072 793 nostrae
1088 727 1193 792 lacere
1212 728 1361 812 propriae

161 831 328 895 voluntati.
361 829 409 894 Ne
443 829 551 910 itaque
581 827 751 909 praelatae.
779 834 887 909 partes
914 828 1025 894 ltaliae
1059 828 1150 895 nobis
1173 828 1360 894 absentibus

160 929 265 996 fructu
299 931 500 996 necessariae
534 929 752 1011 providentiae
786 937 931 994 careant:
965 948 1055 1006 ecce,
1082 929 1166 1010 quod
1188 929 1229 993 de
1252 930 1362 995 innata

159 1029 233 1097 fidei
258 1031 420 1112 legalitate
443 1037 476 1096 et
497 1029 677 1096 devotionis
700 1029 895 1109 constantia,
924 1031 1083 1114 probitate
1106 1049 1228 1096 morum
1251 1038 1284 1096 ct
1299 1034 1359 1096 vir·

160 1132 239 1196 tutis
255 1139 289 1195 ct
310 1150 443 1214 magnae
458 1130 751 1213 circumspectionis
774 1130 931 1195 industria
946 1131 1034 1195 rcv¹¹¹¹
1058 1131 1089 1194 in
1113 1129 1241 1197 Christo
1258 1133 1359 1213 patris

160 1232 341 1299 wenceslai
363 1232 563 1314 patriarchae
586 1231 809 1296 Antiochensis
828 1248 883 1311 aa,
911 1231 1100 1296 venerabilis
1122 1232 1272 1313 Tymouis
1295 1233 1359 1314 epi·

158 1334 249 1415 scopi
270 1332 442 1398 ltlisnensis
458 1333 645 1414 principum,
669 1339 702 1396 et
723 1332 850 1417 nobilis
865 1330 992 1396 Benosii
1016 1332 1055 1397 de
1074 1332 1225 1412 Clrusnilr,
1242 1333 1359 1413 regalis

158 1450 306 1498 camerae
320 1440 450 1499 nostrae
465 1433 620 1512 magistri,
643 1432 896 1498 consiliariorum
913 1438 1094 1499 nostrorum
1108 1432 1248 1500 fidelium
1261 1434 1358 1508 devo·

159 1541 273 1614 torum,
297 1534 422 1615 plenam
438 1540 471 1598 ct
493 1533 703 1598 indubitatam
718 1531 863 1597 fiduciam
879 1532 1071 1613 obtinentes
1100 1534 1186 1616 ipsos
1201 1534 1241 1599 de
1257 1534 1358 1599 latere

158 1640 270 1700 nostro
293 1640 415 1698 sumtos
448 1638 482 1697 et
516 1631 546 1696 in
569 1640 692 1714 partem
714 1639 844 1697 nostrae
867 1632 1088 1698 sollicitudinis
1112 1640 1271 1710 evocatos,
1299 1651 1357 1697 nec
1411 1661 1413 1665 ’

158 1753 222 1800 oon
238 1751 348 1800 eorum
361 1733 536 1815 quemlibet
549 1734 582 1797 io
598 1733 741 1814 solidum,
754 1734 987 1811 ammonitores
998 1735 1145 1813 lactares,
1157 1736 1357 1815 negotiorum

159 1844 315 1916 gestores,
338 1834 423 1899 vices
439 1839 590 1913 gerentes
607 1841 639 1898 et
662 1834 818 1899 solemnes
836 1835 965 1898 nuntios
978 1834 1133 1916 speciales
1148 1835 1225 1914 vice,
1249 1843 1357 1899 aucto·

159 1937 265 2013 ritate,
288 1942 560 2019 potestatemque
577 1936 838 2000 uominanostris
861 1942 894 2000 et
909 1935 1033 2016 imperii
1055 1937 1137 2000 sacri
1160 1936 1192 2000 in
1212 1934 1356 2000 omnibus

157 2044 191 2102 ct
211 2056 271 2119 por
282 2037 396 2116 omnia,
423 2034 648 2100 universaliter
669 2036 702 2098 in
724 2035 883 2100 universis
898 2041 931 2100 et
954 2036 1159 2115 singulariter
1174 2037 1208 2101 iu
1222 2036 1356 2115 singulis

159 2137 280 2218 regnis,
303 2136 488 2215 ducatibus,
511 2135 699 2218 provinciis,
722 2135 908 2213 territoriis,
932 2136 1128 2214 ciuitatibus,
1152 2137 1356 2202 communita·

156 2237 258 2317 tibus,
281 2236 501 2316 districtibuS,
523 2236 671 2302 dominiis
692 2241 789 2316 atque
812 2235 923 2307 terris,
946 2240 979 2299 et
1001 2236 1165 2315 signanter
1187 2237 1219 2301 in
1243 2242 1276 2301 et
1298 2254 1356 2318 per

157 2339 323 2403 uniuersas
345 2338 572 2417 Lombardiae,
601 2337 729 2416 ltaliae,
759 2335 908 2415 Tusciae,
943 2336 1103 2400 Marchiae
1126 2337 1353 2416 Anconitanae,

155 2438 390 2516 Romandiolae,
407 2439 550 2521 Apuliae,
567 2437 817 2514 Pedemontiurn,
840 2435 1003 2515 Abrutiae,
1027 2435 1200 2514 Calabriae,
1217 2437 1356 2511 Siciliae,

152 2538 228 2604 Furi
249 2540 343 2619 Julii,
376 2540 554 2618 Terrisiae,
588 2536 749 2603 Marchiae
775 2544 809 2601 ct
831 2536 991 2617 quaslibet
1017 2536 1095 2600 alias
1118 2544 1227 2619 partes
1249 2545 1354 2603 traus-

151 2648 322 2707 montanas
337 2647 371 2705 et
385 2640 523 2718 Italicas,
541 2687 548 2701 .
584 2686 590 2701 .
625 2687 632 2701 .
650 2638 689 2704 ad
705 2657 764 2703 nos
785 2657 823 2702 ac
846 2656 970 2703 sacrum
997 2639 1171 2702 Romanum
1187 2639 1354 2721 imperium

150 2741 392 2818 quomodolibet
420 2741 646 2823 pertinentes.
681 2786 688 2800 .
791 2738 894 2819 (sequ.
919 2738 1021 2802 sonna
1046 2738 1160 2820 plenae
1183 2740 1353 2821 potestatis

148 2838 248 2909 datae
275 2842 369 2908 dictis
404 2840 688 2915 „ambasiatoribus
714 2840 781 2903 sive
804 2840 936 2919 legatis
963 2837 1135 2921 prolixa).
1170 2887 1177 2902 .
1212 2889 1219 2902 .
1253 2841 1350 2906 .Dat.

152 2939 286 3022 Plagae,
308 2962 380 3008 anu.
403 2942 484 3007 dom.
509 2939 719 3019 Moccclrd,
742 2941 793 3005 die
815 2943 874 3006 XV
897 2941 1021 3020 Martii,
1044 2958 1215 3021 regnorum
1228 2947 1354 3006 nostro·

148 3057 227 3106 rum
247 3060 329 3108 auno
351 3043 523 3108 Boherniae
545 3042 694 3119 XLV1¹⁰,
716 3042 927 3106 Romanorum
950 3058 1025 3105 vcro
1048 3040 1211 3104 xxxlua

854 3157 903 3221 nd
928 3157 1110 3222 mandatum
1136 3159 1174 3223 D.
1197 3159 1312 3239 Regis:

816 3261 954 3324 lacobus
976 3260 1148 3324 canonicus
1169 3260 1350 3341 Pragensis.

259 3382 280 3442 n
304 3386 412 3458 tergo:
434 3379 470 3443 a.
495 3376 615 3458 Caspar
638 3375 678 3439 dc
701 3377 852 3441 Leu'bica.
