2992 5258
374 423 431 481 1Ιᾶ
448 423 565 480 Articuli
580 423 674 479 xxm
690 422 757 479 cleri
772 423 853 492 Preg.
871 427 965 480 metra
979 424 1129 481 Taboritaa
1284 429 1343 495 681

153 629 311 696 seducant
337 629 446 695 oculos
478 627 669 693 sumentium
696 646 716 693 a
744 634 894 710 respectu
927 628 1076 695 dominici
1106 628 1260 713 eorporis,
1290 636 1346 695 aut

153 736 293 796 mentem
308 728 487 795 dintrahant
508 728 558 794 uel
572 727 667 794 aliter
688 726 871 811 impediant
894 728 964 795 Non
987 735 1095 795 autem
1117 747 1189 795 csse
1211 736 1346 812 possunt

154 838 191 898 ut
211 829 410 914 aliquomodo
431 829 606 896 adorentur
633 836 690 896 aut
718 829 863 897 colantur
886 847 944 912 per
966 830 1170 897 candelarum
1191 829 1345 897 sacrificia

152 933 205 1000 uel
225 931 475 1016 geniculationes
502 930 553 996 vel
574 929 655 997 alios
683 930 788 997 cultus
811 930 919 1013 potius
942 930 1047 998 divino
1070 932 1198 1015 corpori
1218 931 1343 1015 impen-

151 1032 285 1101 dondcs:
310 1032 368 1098 sed
389 1030 587 1101 solummodo
614 1030 656 1097 ad
683 1030 800 1097 nudum
821 1030 1083 1112 significationem
1108 1050 1217 1098 rerum
1238 1039 1342 1114 gesta·

152 1154 223 1200 rum
243 1134 277 1201 in
299 1132 426 1213 busto
448 1140 505 1200 aut
525 1150 544 1197 a
565 1130 703 1213 Christo,
729 1150 808 1216 quas
823 1133 856 1198 in
877 1133 918 1199 iis
939 1134 1100 1217 simplices
1121 1134 1255 1201 faciliori
1278 1133 1341 1199 dis·

151 1253 246 1302 cursu
269 1239 403 1319 possunt
424 1231 585 1318 respicere
607 1233 702 1299 etsie
722 1232 756 1299 in
777 1250 836 1300 sna
857 1233 1027 1301 devotione
1048 1234 1239 1318 promoveri.

250 1340 301 1401 21.
323 1334 361 1401 It
389 1332 475 1417 quod
502 1333 571 1399 dies
593 1331 769 1400 dominicus
791 1333 927 1401 atellae
953 1333 1144 1401 festivitates
1172 1334 1290 1401 Christi
1312 1342 1346 1401 ct
1433 1364 1441 1381 ·

151 1437 264 1503 beatae
286 1435 418 1517 virginis
445 1441 478 1500 et
503 1434 720 1518 apostolorum
741 1434 938 1516 aliorumque
967 1441 1148 1502 sanctorum
1171 1436 1205 1502 in
1238 1436 1345 1518 primi·

151 1537 219 1604 tiua
240 1536 374 1604 ecclesia
403 1535 600 1615 observatae,
629 1541 664 1601 et
683 1553 744 1618 per
764 1542 946 1602 sanctorum
974 1536 1139 1603 doctorum
1166 1537 1347 1603 testimonia

152 1636 357 1721 approbatae,
379 1645 455 1703 sunt
476 1635 702 1702 observandae.
754 1636 791 1701 In
814 1637 861 1701 eis
883 1656 1018 1719 namque
1044 1654 1083 1702 ex
1104 1634 1268 1704 affluentia
1289 1656 1345 1720 po-

151 1737 217 1821 puli
238 1737 338 1804 multa
369 1737 452 1804 bona
474 1744 645 1803 causantur
675 1736 709 1802 in
731 1738 849 1820 populo
874 1736 1069 1820 Christiano,
1092 1744 1171 1822 puta
1205 1739 1345 1820 cognitio

152 1837 241 1903 uerbi
264 1836 316 1904 dei
344 1845 378 1904 et
406 1838 646 1905 communicatio
676 1837 888 1905 eucharIstiae
917 1845 951 1906 et
979 1839 1101 1906 uacatio
1130 1839 1234 1923 plebis
1261 1840 1347 1906 circa

152 1937 258 2003 divina
286 1937 453 2021 obsequia3
483 1957 564 2021 quae
586 1944 622 2005 ut
651 1943 829 2021 augeantur
855 1946 889 2005 et
916 1939 1121 2007 crebrescent
1147 1940 1179 2006 in
1209 1940 1345 2023 populis,

151 2043 227 2104 eunt
247 2036 385 2104 fideliter
412 2038 642 2122 promovenda3
664 2058 684 2105 a
704 2039 820 2122 quibus
842 2039 1014 2106 detrahere
1042 2041 1195 2123 populum
1220 2040 1347 2107 videtur

150 2136 307 2206 sacrificia
320 2138 427 2206 duna
441 2138 617 2207 diminuere
632 2158 710 2222 erga
723 2139 844 2222 plebes,
861 2139 945 2222 qued
959 2158 1024 2207 uon
1039 2139 1159 2225 proluit
1173 2140 1247 2207 filiis
1262 2140 1345 2205 Heli.

250 2245 300 2306 22.
325 2240 364 2306 It.
384 2240 505 2322 jeJ'unia
526 2240 689 2320 ecclesiae,
704 2246 782 2323 puta
797 2241 1058 2324 quadragesimae
1070 2249 1103 2309 et
1118 2249 1256 2326 quatuor
1267 2248 1345 2308 tern-

149 2359 272 2424 porum‚
294 2340 441 2406 similiter
462 2340 589 2423 vigiliae
611 2348 803 2421 sanctorum,
825 2350 904 2424 puta
918 2341 1043 2409 christi
1067 2349 1099 2410 et
1120 2344 1345 2427 apostolorum

150 2440 275 2508 suntab
291 2440 349 2521 his,
366 2441 419 2522 qni
433 2440 519 2505 ferre
531 2446 674 2524 possunt,
695 2442 829 2508 ferenda
844 2448 877 2509 et
892 2443 1102 2525 obseruanda,
1118 2462 1177 2510 nec
1198 2443 1346 2511 carnibus

147 2545 205 2607 aut
225 2540 297 2606 elide
312 2539 594 2607 comessationibus
608 2540 819 2608 dissolvenda.
838 2541 984 2610 Christus
999 2544 1083 2611 enim
1099 2563 1169 2610 cum
1185 2545 1251 2610 suis
1271 2564 1346 2626 apo·

150 2641 251 2721 stolis,
284 2639 431 2706 similiter
459 2658 529 2706 cum
556 2640 735 2724 potioribus
762 2643 890 2723 sanctie,
928 2644 1109 2726 hujusmodi
1136 2645 1346 2712 abstinentias

149 2740 443 2809 commendabiliter
464 2740 580 2823 docuit
603 2743 690 2811 etin
712 2761 748 2809 sc
773 2745 1012 2826 poenitentibus
1034 2745 1167 2813 maxime
1190 2745 1343 2828 prodesse

150 2844 349 2911 monstravit
365 2843 513 2925 Alioquin
535 2842 698 2910 obseruas
720 2844 900 2926 hujusmodi
919 2844 1050 2928 jejuniis
1072 2846 1183 2928 plebes
1204 2846 1245 2912 ad
1256 2847 1346 2928 gulas

151 2944 304 3025 carnium,
327 2963 346 3009 a
367 2943 481 3026 quibus
495 2944 609 3026 stringi
631 2944 800 3026 debebant,
815 2945 1004 3013 laxarentur
1018 2954 1053 3014 et
1072 2946 1106 3012 in
1127 2946 1343 3031 indispositio-

154 3063 213 3112 nes
235 3062 403 3129 corporum
424 3044 661 3112 inducerentur.

254 3152 304 3213 23.
336 3147 376 3213 It'.
402 3147 487 3230 qnod
515 3147 698 3214 sacerdotes
726 3147 910 3230 evangelici,
936 3147 1119 3215 laborantes
1152 3148 1345 3231 complebo,

156 3251 291 3330 possunt
318 3249 500 3314 necessaria
527 3248 597 3314 sine
629 3248 843 3332 impbcatione
872 3247 922 3314 sui
954 3249 1055 3332 ipsius
1080 3248 1153 3332 jure
1179 3249 1285 3316 diurno
1315 3256 1348 3316 et

154 3346 294 3413 naturali
322 3365 393 3415 cum
421 3348 635 3414 moderamine
663 3349 790 3431 habere,
822 3356 856 3416 et
882 3368 921 3415 ex
943 3349 992 3414 his
1022 3349 1083 3415 sibi
1111 3353 1145 3415 et
1173 3368 1347 3434 pauperum

155 3449 401 3515 necessitatibus
422 3448 559 3516 fideliter
571 3450 747 3531 providere
769 3450 911 3533 quamvis
931 3455 1103 3518 teneantur
1126 3451 1347 3535 possessiones

156 3547 267 3615 civiles
288 3549 466 3617 omnimodo
488 3537 646 3617 abdicare'.
