2992 5258
319 370 322 377 ,
347 404 404 460 1OE
427 403 480 459 hit
498 404 604 459 concilii
625 404 660 459 de
678 404 785 459 haeresi
802 404 868 458 Boh
887 410 915 460 ct
932 404 1057 460 socordia
1074 406 1169 460 Wenc
1287 409 1349 474 649

253 607 293 673 lt.
315 609 421 676 clerus
442 627 462 675 a
482 608 626 691 pluribus
648 609 740 674 annis
761 609 830 675 sine
851 609 1087 674 intermissione
1109 607 1265 690 spoliatur
1291 627 1350 691 per

153 709 245 776 villas
258 717 291 776 et
303 712 457 790 civitates,
467 712 639 777 nonsolum
654 712 688 776 in
700 711 856 790 censibus,
867 709 923 776 sed
935 711 967 776 in
982 710 1053 777 aliis
1063 710 1160 775 rebus
1171 709 1348 775 mobilibus.

254 812 292 877 lt.
313 812 416 877 clerus
432 811 606 879 catholicus
621 812 704 876 male
716 819 881 891 tractatur,
892 811 1079 894 percutitur,
1097 810 1252 876 occiditur
1263 811 1349 876 nullo

152 912 316 994 puniente.
361 913 403 978 Et
425 913 540 979 Judaei
561 911 673 992 majori
695 913 838 994 gaudent
858 912 1017 990 libertate,
1042 930 1136 994 quam
1157 913 1351 977 sacerdotes.

255 1012 293 1078 It
316 1013 426 1081 fideles
447 1015 515 1078 veri
537 1013 689 1092 canonici,
711 1013 893 1095 presbyteri
916 1019 949 1079 et
972 1012 1099 1095 plebani
1121 1013 1229 1077 asnis
1255 1011 1351 1078 hene-
1462 1058 1465 1063 ,

151 1109 233 1178 ficiis
255 1119 288 1179 et
309 1115 453 1181 ecclesiis
474 1123 549 1180 sunt
570 1115 691 1197 repulsi
713 1119 746 1179 ct
761 1113 953 1181 Wiclefistae
975 1114 1099 1192 intrusi,
1122 1114 1176 1195 qui
1198 1114 1349 1196 populum

154 1211 322 1290 seducunt,
346 1232 474 1280 errores
496 1206 690 1281 seminando.

254 1314 293 1381 lt
315 1315 519 1381 interdictum
542 1316 576 1380 in
592 1316 737 1397 pluribus
754 1314 900 1381 ecclesiis
917 1321 951 1380 ct
971 1315 1174 1399 monasteriis
1196 1316 1229 1380 in
1251 1317 1353 1397 Prugu

156 1420 305 1480 servatur
327 1424 461 1498 propter
484 1417 697 1499 praesentiam
719 1417 812 1481 unius
835 1417 926 1483 erilis
954 1436 1113 1499 personae
1136 1421 1169 1482 ct
1199 1417 1353 1483 conditio·

156 1516 207 1581 nis
229 1517 374 1594 miserae,
407 1518 540 1584 loannis
561 1517 720 1597 berenice
745 1537 784 1583 ex
807 1535 870 1598 quo
899 1518 998 1583 multa
1020 1525 1154 1584 centena
1183 1519 1349 1583 missarum

152 1617 296 1699 qnotidie
317 1619 531 1699 negliguntur.

254 1719 293 1784 It.
317 1719 452 1785 ecclesis
467 1719 720 1800 metropolitano,
744 1718 798 1785 ubi
820 1722 984 1786 consuevit
1008 1719 1078 1786 fieri
1100 1720 1204 1786 cultus
1226 1719 1351 1786 divinus

155 1818 208 1885 die
229 1826 397 1901 noctuque,
429 1822 494 1903 jam
516 1821 588 1902 plus
617 1839 709 1902 quam
732 1821 772 1886 ab
794 1837 857 1886 uno
880 1839 961 1886 anno
992 1827 1056 1886 stat
1078 1819 1259 1901 inofficiata,
1286 1840 1350 1887 non

156 1920 260 1986 solum
282 1926 415 2003 propter
436 1920 650 1999 interdictum,
676 1920 734 1986 sed
756 1921 851 1986 ctiam
883 1928 1014 2003 propter
1036 1922 1171 2003 spolium
1200 1940 1350 1987 censuum

155 2028 189 2088 st
210 2022 381 2100 bonorum3
405 2024 436 2086 in
459 2042 521 2104 qua
543 2030 648 2089 tamen
672 2030 834 2089 trecentae
856 2041 1012 2104 personae
1035 2022 1271 2089 ecclesiasticae
1300 2040 1350 2086 se-

152 2123 290 2191 cundum
302 2123 420 2205 gradus
434 2130 526 2189 crant
541 2130 739 2189 sustentatas
762 2142 820 2205 per
836 2122 1030 2189 dotationem
1053 2123 1145 2189 divae
1177 2125 1349 2188 memoriae

153 2225 408 2291 christianissimi
435 2226 589 2310 principis
617 2226 736 2305 Karoli,
773 2227 929 2306 genitoris
951 2224 1050 2291 vestri
1077 2224 1297 2306 gloriosissimi
1319 2232 1351 2289 et

153 2326 421 2410 praedecessoris,
450 2328 505 2393 ubi
526 2326 736 2410 corporaliter
756 2327 938 2408 requiescit

256 2426 295 2491 lt.
317 2428 402 2510 quod
423 2428 534 2494 cadem
549 2428 685 2494 ecclesia
707 2429 852 2494 omnihus
867 2429 1020 2509 reliquiis,
1044 2427 1084 2493 ad
1106 2446 1185 2509 quas
1206 2425 1351 2492 omuibus

152 2528 266 2594 diebus
288 2530 321 2594 in
343 2548 426 2596 auno
448 2531 585 2613 populus
608 2532 775 2597 consuerit
796 2549 997 2609 concurrere,
1013 2536 1064 2596 est
1086 2548 1144 2613 per
1158 2529 1274 2595 multos
1296 2546 1351 2592 an-

154 2645 214 2695 nos
235 2630 380 2712 spoliata.

252 2730 290 2796 lt.
314 2731 399 2813 quod
420 2733 500 2798 certi
514 2732 651 2797 barones
675 2732 734 2799 hoc
756 2751 880 2798 sacrum
893 2732 1059 2798 concilium
1081 2731 1148 2797 suis
1169 2731 1271 2797 literis
1293 2730 1352 2795 dil·

151 2831 351 2898 lamarerunt
375 2835 409 2896 et
432 2852 467 2897 se
489 2833 623 2899 invicem
644 2833 848 2914 colligarunt,
879 2840 914 2898 ut
941 2833 1131 2916 prohibeant
1159 2833 1244 2899 clero
1274 2832 1351 2914 ipsis

151 2932 297 3014 subjecto
326 2934 470 3016 recipcre
502 2935 651 2999 mandata
679 2934 771 3014 huJus
800 2935 883 2998 sacri
906 2934 1045 3011 concilii;
1068 2939 1102 2999 et
1130 2931 1220 2996 multi
1243 2952 1282 2997 ex
1305 2934 1352 2997 eis

151 3050 264 3099 eorum
290 3034 444 3115 plebanos
473 3035 690 3116 spoliaverunt
719 3041 752 3100 et
774 3033 974 3117 expulerunt,
997 3033 1050 3115 qui
1082 3032 1239 3098 mandatis
1268 3034 1350 3098 sacri

150 3133 280 3199 concilii
302 3134 463 3200 obediunt.

253 3234 388 3316 Insuper
409 3235 487 3300 illud
510 3237 673 3316 egregium
688 3235 828 3300 studium
851 3235 1020 3313 Progensc,
1036 3232 1120 3313 quod
1137 3233 1221 3298 iuter
1243 3239 1352 3299 cetera

150 3336 274 3416 maiora
295 3335 382 3400 orbis
410 3337 512 3401 nostri
536 3335 823 3401 couuumerabatur
845 3334 998 3412 clenodia,
1021 3333 1158 3415 qualiter
1185 3334 1351 3400 occasione

151 3435 240 3502 illius
261 3442 368 3502 sectae
391 3437 488 3519 periit
516 3438 602 3502 etin
624 3437 757 3502 nihilum
779 3436 943 3502 reductum
964 3435 1016 3513 sit,
1039 3451 1102 3499 non
1125 3434 1195 3498 siue
1217 3435 1351 3501 maxima

152 3535 371 3618 compassione
409 3527 548 3602 omnium
580 3538 714 3618 illorum,
747 3536 802 3619 qui
829 3535 906 3601 illud
935 3536 967 3599 iu
989 3540 1075 3599 statu
1111 3551 1168 3598 suo
1193 3535 1351 3615 viderunt,

151 3636 280 3720 plenius
294 3638 383 3703 novit
398 3635 520 3702 Vestra
540 3637 701 3717 Majestas.
714 3637 793 3702 Nam
809 3638 870 3720 ipsi
894 3638 995 3719 primo
1016 3637 1095 3702 alias
1110 3638 1256 3701 nationes
1272 3641 1348 3716 tres,

151 3745 186 3803 et
206 3744 320 3820 postea
347 3739 517 3819 magistros
544 3746 578 3803 et
600 3738 748 3805 doctores
771 3738 811 3803 de
838 3738 969 3819 propria
997 3739 1135 3816 natione,
1167 3737 1219 3818 qui
1248 3737 1349 3802 eisin

151 3837 316 3904 erroribus
339 3836 600 3917 adversabantur,
623 3845 659 3903 nt
681 3856 808 3904 errores
831 3856 905 3903 suos
928 3844 1060 3920 possent
1081 3838 1168 3903 nullo
1190 3836 1350 3903 contradi·

150 3944 246 4005 cente
268 3938 368 4005 libere
390 3937 585 4019 praedicare,
610 3939 808 4021 repulerunt,
820 3939 978 4005 neminem
1000 3940 1195 4004 contrarium
1209 3938 1349 4002 moribus

150 4038 219 4106 suis
241 4036 283 4102 ibi
307 4038 394 4119 passi
416 4045 490 4104 sunt
511 4039 639 4119 morari,
663 4046 696 4105 et
718 4045 874 4121 quotquot
896 4039 1085 4104 resistentes
1102 4043 1280 4116 senserunt,
1303 4036 1350 4101 di·

150 4145 241 4205 recte
270 4136 321 4202 vel
343 4137 499 4203 indirecte
528 4139 691 4221 usquead
720 4139 848 4204 exilium
878 4139 1039 4221 pepulere.
1079 4138 1194 4219 Sicquc
1216 4137 1256 4203 de
1286 4144 1350 4202 tam

149 4237 320 4322 spectabili
341 4238 549 4305 universitate
561 4240 707 4306 fecerunt
734 4240 836 4306 locum
854 4239 1060 4306 habitationis
1083 4238 1230 4303 desertae
1251 4245 1350 4304 etva-

149 4339 295 4405 stitatem
318 4337 499 4403 solitudinis
521 4324 860 4420 abhorrenduesscnjus
883 4338 1132 4419 magnitudinem
1147 4337 1253 4402 damni
1276 4355 1349 4403 con·

149 4437 305 4520 tingentis
327 4457 367 4503 ex
390 4436 493 4502 dictae
516 4438 734 4504 universitatis
756 4437 953 4504 desolatione
977 4439 1156 4520 exprimere
1179 4455 1237 4520 pro
1256 4456 1350 4520 prac-

149 4539 236 4606 scnti
258 4537 387 4617 longum
409 4537 502 4602 foret.
525 4537 604 4602 Nam
626 4540 765 4603 omnium
787 4538 965 4603 studiorum
980 4538 1188 4603 Germanicae
1210 4539 1348 4603 nationis

148 4637 229 4706 illud
249 4637 420 4704 maximum
440 4655 504 4705 non
515 4638 674 4706 immerito
696 4638 889 4707 famabatur:
911 4637 952 4706 ad
964 4638 1048 4721 quod
1070 4638 1110 4706 dc
1125 4638 1259 4723 singulis
1275 4655 1349 4723 reg-
