2992 5258
189 395 265 461 VIII

189 596 324 660 Romam
350 594 473 687 missus
492 599 555 670 est,
581 600 619 657 ut
642 591 685 656 M.
715 590 851 661 Joannis
874 592 915 656 de
944 591 1115 673 Rolrycan,
1144 591 1383 676 archiepiscopi

190 694 361 777 Pragensis
383 693 553 777 designati,
575 693 845 776 approbationem
867 712 887 756 a
909 693 999 757 curia
1012 692 1160 758 Romana
1181 692 1380 776 impetraret.

189 796 310 860 Postea
330 794 420 859 nulla
441 794 510 877 ejus
525 795 646 859 mentio
668 795 701 859 in
723 792 861 857 historia
876 792 1066 873 Bobemiae;
1089 794 1156 858 vita
1172 792 1321 871 decessit,
1345 799 1383 858 ut

190 897 353 979 Lupacius
374 895 549 960 memoriae
570 893 723 978 prodidit,
747 893 800 959 die
822 893 1081 959 7m.Februarii
1103 914 1132 958 a
1155 897 1244 960 1451.
1265 893 1382 958 Petrus

67 1037 71 1046 ·
192 996 232 1062 de
254 995 464 1073 Mladenovic,
486 1013 682 1080 quamquam
697 993 901 1076 nec-ingenio
915 1014 976 1058 nec
997 993 1148 1059 doctrina
1170 1000 1241 1059 erat
1256 993 1383 1077 conspi-

193 1117 280 1173 cuus,
310 1115 415 1180 neque
437 1101 569 1178 praeter
598 1093 716 1159 librum
738 1092 779 1159 de
801 1092 909 1158 Husso
933 1092 973 1158 de
997 1092 1064 1157 ullo
1086 1094 1150 1158 alio
1170 1095 1239 1177 ejus
1261 1094 1384 1176 scripto

192 1202 333 1261 constat:
360 1202 482 1274 tamen,
506 1215 605 1280 quum
627 1201 759 1280 praeter
783 1201 908 1259 ceteros
930 1195 1064 1276 martyri
1089 1193 1268 1259 clarissimo
1293 1193 1384 1257 Iami-

192 1296 281 1361 liaris
303 1297 437 1382 ejusque
460 1295 611 1380 supplicii
639 1295 733 1360 testis
759 1294 889 1372 luisset,
915 1293 1051 1359 multum
1074 1294 1272 1360 auctoritate
1297 1292 1385 1377 apud

192 1396 348 1481 populum
372 1395 518 1474 valebat;
546 1396 754 1480 quinetiam,
777 1415 876 1480 quum
894 1395 1140 1461 anniversarius
1160 1395 1275 1458 mortis
1287 1393 1385 1457 Hussi

194 1497 262 1562 dies
284 1496 503 1568 in,Bohemia
531 1496 573 1562 ab
602 1496 671 1579 ejus
700 1494 880 1562 cultoribus
911 1495 1131 1561 celebraretur
1155 1515 1195 1559 ac
1217 1515 1275 1578 pro
1301 1493 1385 1559 festo

193 1595 245 1661 die
267 1595 456 1674 baberetur,
477 1596 511 1660 in
533 1595 679 1662 ecclesiis
708 1616 820 1661 eorum
845 1596 888 1661 ad
917 1596 1105 1662 memoriam
1126 1595 1230 1659 sancti
1250 1594 1385 1659 Joaonis

193 1696 263 1761 Hus
288 1697 341 1780 pie
365 1695 571 1761 recolendam
596 1697 805 1762 summarium
829 1694 998 1762 relationis
1016 1694 1314 1762 Mladenoriciauae
1336 1716 1385 1759 re·

192 1797 286 1862 citari
308 1794 444 1862 solebat

293 1896 383 1961 Libri
404 1896 445 1962 de
461 1902 606 1962 extrema
630 1896 729 1962 Hussi
749 1897 818 1961 vita
831 1896 1110 1974 Mladenoviciani,
1136 1895 1225 1980 quod
1242 1894 1284 1960 ad
1301 1913 1385 1958 com-

194 1999 389 2084 positionem
410 1997 539 2077 attinet,
564 1995 738 2081 peculiaris
759 1997 919 2082 quaedam
940 1997 1045 2062 forma
1066 2003 1117 2062 est
1138 2017 1177 2061 ac
1198 1995 1294 2080 plane
1321 1995 1384 2058 sin-

142 2154 145 2163 .
195 2099 325 2183 gularis.
368 2098 644 2183 Compositionem
671 2105 780 2163 autem
808 2117 906 2182 quam
933 2096 1021 2177 dico,
1055 2118 1127 2162 eam
1164 2096 1385 2165 confusionem

195 2201 305 2285 potius
329 2199 500 2265 dicendam
522 2219 593 2265 esse
607 2220 673 2264 non
687 2198 816 2282 ignor03
839 2217 944 2282 neque
964 2199 1049 2264 enim
1065 2198 1204 2281 scriptor
1226 2197 1267 2263 de
1279 2203 1387 2274 formo

194 2300 390 2366 narrationis
408 2299 575 2365 laborasse
596 2299 738 2377 videtur3
765 2297 847 2365 adeo
863 2304 969 2364 totum
991 2318 1073 2382 opus
1084 2297 1252 2376 incultum,
1276 2298 1386 2362 incon·

197 2400 310 2479 ditum,
326 2400 586 2483 incompositum.
608 2398 759 2482 Magnam
775 2398 829 2463 ille
845 2398 976 2484 quidem
991 2398 1254 2481 gravissimorum
1275 2418 1387 2463 monu-

195 2506 378 2567 mentorum
399 2500 440 2566 de
463 2521 521 2566 suo
544 2499 700 2585 magistro
729 2499 858 2585 copiam
879 2499 1028 2583 collegit,
1050 2500 1108 2566 sed
1134 2500 1167 2564 in
1185 2499 1311 2582 justum
1334 2520 1385 2563 or-

197 2600 305 2666 dinem
327 2623 398 2667 eam
419 2600 567 2684 redigere
582 2607 682 2685 atque
697 2598 847 2667 sollerter
862 2600 1058 2684 conjungere
1073 2600 1250 2667 nesciebat.
1272 2600 1387 2686 ltaque

197 2722 279 2786 opus
301 2702 371 2785 ejus
392 2700 473 2766 nihil
495 2699 585 2766 aliud
607 2707 658 2766 est
678 2700 740 2765 nisi
767 2700 848 2766 silva
874 2699 1036 2785 quaedam
1065 2722 1187 2781 rerum,
1220 2700 1310 2766 rudis
1331 2699 1389 2765 illa

197 2802 328 2889 quidem
358 2808 457 2886 atque
484 2801 714 2887 incomposita,
749 2807 970 2866 verumtamen
992 2801 1183 2885 gravissima
1212 2808 1246 2868 et
1266 2801 1388 2885 dignis·

197 2903 286 2982 sima,
309 2923 375 2988 qua
394 2902 541 2969 historici
566 2909 708 2968 utantur.

296 3003 395 3088 'lypis
417 3002 515 3068 Hussi
526 3003 650 3088 scripta
660 3003 798 3087 primurn
813 3003 938 3082 Pragae
955 3004 1044 3070 edita
1059 3011 1135 3070 sunt
1149 3026 1177 3070 a.
1192 3007 1271 3070 1502
1284 3005 1389 3069 forma

198 3103 416 3191 quartanaria,
429 3103 517 3189 quod
532 3125 572 3168 ex
583 3105 719 3188 antiquo
731 3104 885 3170 Reuschii
899 3103 1056 3171 librorum
1071 3105 1221 3189 catalogo
1234 3113 1389 3189 apparct;

198 3204 256 3269 sed
277 3203 356 3268 mihi
378 3203 509 3290 quidem
537 3225 602 3269 non
631 3204 784 3287 contigit,
814 3211 852 3268 ut
883 3203 985 3268 ullum
1014 3223 1166 3288 umquam
1192 3203 1288 3287 hujus
1321 3204 1388 3269 edi-

197 3305 296 3370 tionis
318 3305 484 3390 exemplar
506 3305 736 3389 conspicerem,
757 3305 945 3389 ignoroque,
969 3326 1045 3369 num
1067 3303 1145 3389 quid
1168 3325 1208 3368 ex
1221 3303 1388 3370 Mladeno-

198 3404 271 3469 vicii
291 3405 479 3471 narratione
500 3405 653 3470 haustum
676 3405 851 3470 contineat.
894 3404 985 3470 Idem
1007 3405 1086 3470 mihi
1108 3403 1326 3469 confitendum
1348 3404 1389 3470 de

198 3505 322 3588 majore
349 3511 442 3589 parte
477 3504 645 3584 editionis,
676 3525 760 3590 quae
789 3505 875 3570 circa
904 3525 932 3570 a.
964 3507 1043 3569 1525
1071 3505 1280 3588 Argentorati
1312 3526 1389 3571 cura

200 3605 329 3670 Ottonis
352 3605 392 3670 de
414 3604 566 3670 Brunlels
587 3605 724 3689 prodiit,
753 3605 809 3690 qui
831 3625 906 3669 vero
928 3604 1016 3671 haud
1040 3625 1145 3688 pauca
1166 3604 1325 3671 Matthiae
1349 3606 1389 3672 de

198 3705 310 3771 Ianow
332 3706 455 3790 scripta
466 3705 574 3770 Husso
593 3726 766 3790 perperam
785 3705 946 3770 attribuit.
969 3707 1155 3788 Anonymus
1168 3705 1274 3772 editor
1288 3704 1389 3771 libelli

202 3805 389 3890 ,Epistolae
411 3805 571 3891 quaedam
586 3805 751 3889 piissimae
773 3813 807 3871 et
832 3806 1070 3871 eruditissimae
1081 3805 1216 3871 Ioannis
1238 3805 1324 3870 Hus“
1342 3825 1389 3882 tt,

199 3905 445 3990 Wittenbergae
467 3929 552 3972 anuo
577 3908 657 3972 1537
679 3906 775 3986 editi,
809 3907 861 3971 cui
886 3906 1017 3984 „addita
1039 3914 1089 3971 est
1112 3907 1149 3971 1).
1172 3907 1305 3973 Martini
1326 3908 1389 3971 Lu·

200 4005 285 4071 theri
307 4007 498 4090 praefatio“,
519 4006 746 4073 Mladenoricii
770 4028 868 4091 opere
890 4027 966 4072 usus
983 4014 1049 4085 est3
1072 4029 1111 4072 ex
1127 4027 1191 4093 quo
1207 4006 1388 4072 nonsolum

162 4175 166 4184 ,
200 4105 328 4193 aliquot
349 4107 504 4192 epistolas
525 4107 640 4187 Hussi,
663 4107 721 4172 sed
743 4108 841 4174 etiam
863 4109 1085 4174 narrationem
1107 4107 1148 4173 de
1164 4115 1309 4173 extrema
1320 4109 1389 4192 ejus
1459 4137 1464 4146 ·

200 4209 268 4274 rita
288 4207 408 4288 hausit,
434 4228 541 4293 neque
574 4215 682 4274 tamen
711 4210 883 4294 genuinam
911 4210 1047 4274 formam
1076 4210 1228 4285 servavit3
1249 4229 1390 4295 namque

193 4330 267 4376 oon
287 4309 385 4374 modo
406 4309 505 4374 Hussi
528 4316 561 4375 et
582 4310 809 4376 blladenovicii
831 4311 1037 4391 latinitatem,
1059 4331 1137 4377 sane
1160 4310 1322 4376 interdum
1339 4330 1389 4373 so-

201 4409 340 4490 loecam,
373 4411 545 4478 emendare
577 4413 698 4496 passim
731 4412 886 4478 studebat
918 4412 1098 4497 elegantius
1130 4411 1259 4477 dicendi
1288 4431 1390 4495 genus

201 4505 341 4589 secutus,
363 4511 421 4577 sed
443 4512 540 4579 etiam
562 4512 718 4579 nonnulla
741 4514 858 4592 omisit,
882 4512 948 4579 alia
969 4513 1112 4592 addidit,
1141 4532 1225 4599 quae
1247 4511 1390 4578 indolem

203 4635 281 4680 suae
296 4615 404 4698 potius
419 4615 537 4680 aetabs
551 4615 711 4681 referrent
721 4635 819 4700 quam
830 4615 1020 4683 Hussianae.
1037 4617 1108 4694 Quo
1124 4637 1221 4700 opere
1236 4613 1390 4699 deinceps
