2992 5258
40 419 43 423 d
150 435 212 502 374
405 418 609 487 Controversiae
628 429 661 484 de
679 428 809 497 religione
825 428 853 482 in
870 425 1016 482 Bohemia:
1035 426 1113 514 1409.Ι

721 711 778 785 21.

149 944 399 1030 Alexander
449 971 524 1051 pp.
569 939 608 1022 V
650 938 932 1050 Zbynconcm
978 936 1348 1048 arehiepiscopum

149 1081 412 1193 Pragensem
437 1075 666 1186 prohibere
676 1074 814 1182 jubet,
849 1076 1074 1183 quominus
1100 1076 1144 1156 in
1165 1072 1350 1157 dioecesi

148 1246 226 1300 sua
252 1213 419 1297 articuli
441 1213 606 1293 erronei
633 1209 663 1292 J
666 1211 815 1291 oannis
835 1205 1000 1290 Wielef
1019 1208 1256 1291 doceantur
1281 1208 1348 1292 vel

151 1349 467 1460 approbentur,
501 1375 607 1427 neve
633 1343 803 1455 Pragae
835 1345 1016 1453 privatis
1046 1343 1153 1425 locis
1179 1341 1351 1452 praedi-

154 1497 284 1588 cetru,
325 1481 601 1589 mandatque,
647 1492 693 1560 ut
721 1478 820 1559 libri
851 1475 1018 1561 Wielcf
1044 1477 1183 1561 eidem
1213 1477 1350 1561 archi-

156 1622 361 1729 episcopo
390 1613 615 1698 tradautnr
647 1644 696 1716 ,a
716 1611 905 1694 fidelium
925 1613 1057 1695 oeulis
1080 1612 1345 1697 amovendi.“

576 1844 692 1911 Platorii,
713 1847 785 1911 1409,
803 1848 837 1898 20
854 1845 919 1898 Dec.

153 2154 196 2218 (E
212 2151 273 2206 Me.
293 2151 390 2204 Vicae.
408 2146 490 2211 3149,
505 2150 530 2219 f.
549 2148 616 2202 255.
653 2151 689 2203 It.
708 2169 721 2202 e
738 2150 851 2218 repertio
863 2149 1020 2203 Alexandri
1041 2148 1161 2204 Venice
1180 2149 1351 2219 Ramnes

331 2238 361 2287 in
378 2236 482 2290 Annei.
501 2237 592 2289 coclea.
611 2245 673 2288 tom.
693 2233 800 2295 XVII,
818 2234 858 2286 ad
874 2252 941 2287 ann.
964 2232 1036 2288 1409
1052 2234 1077 2303 ἕ.
1097 2231 1158 2299 89.)

694 2390 698 2395 -
721 2389 797 2396 --—-
814 2390 851 2395 ...-

251 2539 430 2604 Alexander
452 2539 630 2620 episcopus
659 2557 772 2602 servus
795 2557 959 2604 servorem
983 2539 1043 2618 dei,
1066 2540 1242 2606 venerabili
1258 2541 1350 2607 fratri

151 2643 308 2723 Sbynconi
342 2641 581 2723 archiepiscopo
612 2641 765 2721 Pragensi
801 2642 992 2706 salutemet
1024 2642 1232 2724 apostolicam
1255 2641 1355 2708 hene·

151 2743 329 2808 dictionem.

250 2844 340 2910 Sedis
370 2844 565 2925 apostolicae
588 2843 754 2925 diligentia
780 2845 1012 2928 circumspecta
1033 2852 1145 2911 contra
1167 2844 1360 2912 haereticae

150 2945 318 3027 pravitatis
340 2944 410 3009 labe
433 2963 614 3026 respersos
648 2964 781 3026 qrrornrn
808 2948 953 3028 nequitia
975 2948 1075 3030 serpit
1096 2953 1133 3013 nt
1155 2966 1288 3027 cancer,
1310 2967 1363 3014 ne

151 3049 181 3112 in
215 3047 348 3111 aliorum
381 3045 555 3127 perniciem
578 3064 636 3112 sna
663 3064 786 3112 vertera
812 3046 980 3127 diffundat,
1014 3049 1188 3114 remedium
1212 3049 1370 3115 libenter·

151 3148 282 3212 adhibet
314 3155 545 3228 opportunum,
579 3153 612 3211 et
634 3154 669 3211 ut
696 3149 859 3228 negotium
881 3148 954 3213 fidei
974 3150 1042 3230 jugi
1065 3150 1228 3232 prosectu,
1262 3150 1365 3215 elisis

151 3249 277 3313 amerino
311 3253 344 3311 et
376 3247 546 3313 eradicatis
580 3247 742 3312 erroribus
776 3256 987 3330 prosperetur
1019 3268 1056 3313 ac
1084 3248 1164 3313 fides
1188 3251 1373 3323 catholica-

150 3349 263 3414 fortius
297 3349 486 3425 invalescat,
520 3367 596 3413 snae
630 3349 854 3414 sollicitudinis
888 3356 996 3432 partes
1024 3351 1210 3432 interponit
1238 3351 1377 3435 Nuper·

151 3450 305 3530 siqnidem
337 3448 376 3513 ad
408 3449 600 3513 audientiam
623 3455 765 3514 nostram
788 3453 880 3531 qnam
913 3451 1050 3532 plurium
1083 3448 1145 3516 fide
1178 3451 1369 3533 dignorum

151 3550 305 3615 relatione
328 3550 474 3627 deducto,
498 3551 581 3631 qriod
598 3550 671 3614 olim
695 3569 713 3614 a
735 3551 922 3630 quibusdam
944 3553 1086 3633 proxime
1109 3552 1207 3635 lapsis
1224 3560 1371 3637 tempo‘

152 3652 256 3729 ribru,
289 3651 415 3716 hnmani
439 3652 566 3730 generis
589 3651 717 3716 inimico
743 3658 950 3734 procurante,
987 3655 1017 3717 in
1042 3652 1170 3717 civitate
1194 3652 1375 3735 Pragensi

152 3759 184 3816 et
208 3770 305 3831 regne
329 3751 501 3816 Bohemiae
524 3772 560 3816 ac
583 3753 800 3817 marchionatu
828 3753 988 3818 Moraviae
1011 3762 1045 3818 ot
1065 3752 1256 3834 quibusdam
1279 3756 1378 3822 aliis

150 3852 337 3931 provinciis,
366 3853 507 3916 nonnulli
532 3853 656 3917 articuli
681 3853 815 3930 erronei,
840 3855 892 3934 qni
915 3853 1072 3917 haeresim
1095 3871 1152 3917 sen
1175 3857 1378 3922 scissuram

151 3952 182 4016 in
217 3950 278 4014 fide
301 3951 457 4015 catholiea
479 3954 621 4033 sapiunt,
656 3956 843 4036 praesertim
868 3955 950 4019 eirca
973 3962 1207 4020 sacramentnm
1231 3958 1377 4023 eucha‘

150 4052 274 4130 ristiae,
306 4071 363 4133 por
385 4052 565 4117 damnatum
591 4054 846 4120 haeresiarcham
869 4055 1025 4136 (luendam
1047 4055 1207 4119 loannem
1230 4051 1379 4123 winter

150 4153 294 4233 concepti
328 4160 360 4217 et
395 4154 426 4216 in
460 4153 549 4216 libris
580 4153 647 4233 ejus
677 4155 878 4236 (logmatisati
902 4147 1124 4220 darnnabiliter
1146 4155 1373 4236 pullularunt

150 4258 183 4316 et
214 4253 383 4318 nndtornm
417 4251 513 4317 corda
542 4254 622 4317 adeo
645 4255 838 4327 infecerunt,
873 4256 956 4336 qnod
979 4255 1120 4336 utramvis
1143 4257 1373 4336 postmodnm

149 4371 208 4433 per
240 4353 405 4418 ecclesiam
434 4354 521 4434 juste
551 4354 669 4435 jndicio
704 4356 865 4436 reprobati
899 4356 1053 4429 fuissent,
1086 4355 1218 4436 expedit
1240 4364 1366 4423 tamen

150 4460 282 4534 propter
315 4472 457 4533 inagnum
491 4453 724 4519 rnnltitiulincnr
747 4475 872 4531 eornm,
906 4457 957 4536 qni
982 4455 1160 4536 lnrjusmodi
1183 4460 1363 4539 perversis

134 4553 292 4616 ‘articulis
326 4563 358 4618 et
380 4555 579 4635 ‹logmatihns
602 4563 676 4619 sunt
699 4556 822 4633 insecti,
857 4564 892 4620 nt
913 4556 1087 4621 ronredinrn
1110 4557 1349 4625 emendationis

151 4655 414 4735 recorrectionis
437 4675 476 4720 no
492 4655 626 4720 ulterius
641 4655 799 4738 pullulent
813 4662 846 4720 ot
867 4675 997 4740 gregem
1012 4657 1203 4725 dominicum
1220 4678 1344 4743 peram·
