2992 5258
151 354 211 421 712
571 346 839 407 addinmontunrl.
858 352 908 406 III.

253 552 330 607 Unde
347 560 540 622 arymrsentam
560 555 679 622 repotia?
712 554 755 608 Ex
772 561 867 609 nostra
884 552 945 608 fide.

250 635 371 701 Quando
390 640 555 688 ornament?
589 637 619 689 Iu
637 635 732 690 ultima
750 637 850 692 Christi
868 652 961 692 coena.

246 720 414 788 Ecquando
428 720 511 789 finem
528 721 659 774 iacebit?
680 721 730 787 nto
746 721 849 790 judicii,
868 721 938 775 sicut
955 720 1020 775 dicit
1036 736 1058 775 s.
1076 718 1178 774 Paulus
1197 720 1209 774 I
1229 719 1342 787 epistola

148 802 184 858 ad
202 803 362 870 corinthios,
381 817 439 870 cap.
458 803 505 857 XI.

254 886 372 941 Videsne
390 903 489 955 corpus
505 888 551 941 dei
568 888 647 941 oculo
665 898 811 957 cooporoo?
846 889 907 943 Non
925 888 1011 943 video.

251 969 392 1035 Quomodo
403 971 494 1024 vicos?
509 973 648 1039 Assequar
659 971 688 1025 id
700 971 754 1027 fide
771 986 840 1039 mea,
858 988 938 1046 quam
950 972 1016 1026 mihi
1036 971 1111 1026 dedit
1128 970 1246 1026 dilectus
1268 975 1344 1040 pater

150 1058 178 1108 et
195 1052 317 1108 dominns
335 1059 363 1107 et
380 1052 447 1108 deus
465 1070 548 1123 mens,
567 1055 609 1109 cui
628 1055 678 1109 soli
695 1054 755 1109 Iaus
772 1053 809 1108 sit
824 1056 852 1108 in
870 1056 962 1110 secula
980 1055 1140 1111 seculorum.
1176 1056 1270 1109 suen.

250 1407 323 1460 laid.
341 1406 388 1468 fol.
406 1407 462 1460 215
481 1406 632 1475 (posterior,
650 1414 680 1461 ut
697 1407 811 1475 videtur,
829 1407 1020 1476 interpolatio).

255 1489 373 1545 vianne
394 1507 495 1560 corpus
518 1491 562 1544 dot
578 1493 656 1545 oculo
679 1498 830 1560 corporeo?
862 1492 924 1546 Non
940 1492 1019 1547 video
1036 1492 1114 1546 oculo
1134 1507 1282 1560 corporeo,
1300 1490 1344 1546 sed

160 1574 277 1628 nteriore
295 1581 407 1629 tantum.

253 1657 305 1712 Ubi
322 1659 354 1712 iot
370 1662 575 1728 scriptumest?
592 1660 624 1713 In
642 1659 765 1713 lectionis
777 1676 799 1714 s.
816 1661 929 1714 Joannis
947 1675 1004 1728 cap.
1024 1659 1049 1713 I:
1068 1659 1172 1727 „Deum
1190 1675 1270 1715 nemo
1281 1659 1343 1713 vidit

151 1742 307 1810 umquam;“
332 1748 360 1796 et
376 1743 402 1796 in
427 1743 547 1798 seeundo
573 1743 643 1797 libro
671 1743 773 1811 Moysis
791 1743 938 1797 Deuteron.
950 1743 975 1810 ¹¹)
995 1745 1041 1798 33:
1060 1743 1139 1811 „Non
1158 1742 1231 1797 emm
1249 1742 1345 1796 videbit

150 1839 193 1879 me
210 1825 290 1880 homo
309 1832 336 1881 et
352 1824 449 1881 vivet.’'

252 1909 327 1975 Qoto
343 1921 435 1965 autom
451 1913 544 1965 vides?
561 1911 648 1966 Video
665 1917 864 1966 sacramentam
883 1911 1004 1979 corporIs
1026 1910 1070 1965 dei
1088 1916 1117 1965 et
1134 1911 1276 1979 sanguinis
1293 1909 1341 1978 dei,

151 1993 220 2049 aIeut
237 1993 303 2049 dicit
319 2010 339 2049 s.
358 1997 538 2065 Augustinus:
557 1996 626 2064 „Est
642 1995 755 2050 vIsibiIis
772 1994 860 2050 forma
876 1995 1017 2050 Invisibilis
1036 1993 1167 2063 φαίνεθ’

250 2078 327 2133 Num
352 2079 501 2149 franyitur
519 2097 619 2149 oot‘pus
635 2080 698 2133 otei?
731 2079 791 2133 Non
811 2078 958 2147 frangitur3
976 2079 1015 2132 ita
1042 2079 1112 2132 enim
1130 2078 1260 2147 scriptum
1277 2077 1341 2132 fibro

151 2160 249 2229 Exodi,
268 2178 326 2229 cap.
344 2160 410 2216 XII:
428 2162 504 2231 „Nec
521 2178 551 2216 os
571 2162 644 2217 illius
662 2162 862 2230 confringetis.'‘

254 2246 330 2312 Quia
347 2256 440 2299 aretem
452 2246 620 2316 fronyitur?
653 2247 857 2300 Sacramentum
875 2247 994 2314 corporis
1012 2245 1064 2300 dei.

253 2329 329 2383 Nam
346 2333 441 2400 tannia
459 2348 560 2400 corpus
578 2331 643 2384 dei?
666 2330 727 2384 Non
745 2336 836 2398 tango,
855 2332 924 2383 sicut
936 2336 1076 2384 cantamus
1092 2329 1120 2383 ia
1139 2328 1212 2384 festo
1229 2330 1342 2398 corporis

159 2412 269 2468 Christi:
288 2414 383 2481 „Quod
400 2429 453 2468 non
472 2415 553 2481 capis,
571 2413 643 2481 quod
660 2430 714 2467 non
731 2413 815 2481 vides,
833 2413 952 2467 animose
970 2412 1058 2467 firmat
1074 2412 1170 2467 fides.’‘

255 2496 329 2562 Quia
346 2499 433 2566 Igitur
451 2499 565 2566 canois?
585 2499 789 2553 Sacramentum
808 2497 927 2565 corporis
945 2495 989 2551 dei
1007 2503 1035 2550 et
1052 2496 1193 2564 sanguinis
1211 2496 1263 2551 dei.

254 2579 309 2633 Ouo·
325 2583 466 2635 mesoides
482 2599 532 2635 neo
548 2584 659 2649 tonyia?
708 2582 777 2649 Quia
795 2596 887 2636 aarum
905 2589 1101 2637 sacramentum
1120 2582 1241 2650 corporis
1258 2581 1300 2637 dei
1317 2589 1342 2634 ct

153 2663 291 2729 sanguinis
308 2663 353 2718 dei
370 2681 422 2719 non
439 2671 530 2734 potest
547 2665 737 2734 comprehendi
755 2666 879 2721 sensibus
896 2668 1024 2735 corporis

255 2747 389 2813 Quietae
406 2750 495 2804 dicit?
513 2749 539 2804 S.
558 2749 658 2804 Paulus
668 2748 703 2802 ad
714 2750 850 2804 Romanos
859 2765 918 2818 cap.
936 2751 987 2805 XI:
1008 2750 1046 2818 „0
1064 2750 1180 2806 altitudo
1194 2750 1341 2806 divitiarum

154 2831 302 2899 sapientias
321 2840 348 2887 et
376 2833 506 2888 scientIae
524 2835 584 2903 dei,
611 2849 691 2902 qnam
708 2834 988 2902 incomprehensibilia
1015 2842 1078 2889 sunt
1092 2834 1197 2903 judicia
1213 2835 1292 2891 tna!“
1310 2835 1342 2889 Et

152 2915 180 2969 iu
198 2915 328 2983 epistolae
352 2916 387 2971 ad
410 2917 563 2973 CorinthIos
587 2935 646 2986 cap.
664 2918 690 2972 II
714 2918 779 2972 dicit
795 2935 818 2972 s.
835 2919 951 2973 Paulus:
986 2919 1082 2987 „Quod
1099 2920 1194 2974 oculus
1212 2937 1265 2975 non
1283 2919 1343 2974 vidit

153 3014 204 3137 351⁰
220 3001 293 3055 auris
311 2999 413 3055 audivit
429 3018 480 3056 nec
496 3004 523 3057 in
541 3018 587 3058 cor
604 3003 720 3057 hominis
730 3003 861 3071 ascendit,
879 3018 949 3071 quae
967 3004 1139 3072 praeparavit
1156 3003 1224 3060 dous
1242 3005 1285 3071 iis,
1301 3000 1342 3072 qui

174 3083 179 3095 '
192 3084 269 3152 ignat
285 3085 387 3139 illum.''

154 4521 346 4532 ——-—-

213 4589 238 4658 *)
256 4591 410 4641 Scribendum
429 4595 540 4650 „ExodI‘
560 4598 599 4654 33,
618 4599 657 4645 20.
