2992 5258
146 404 207 466 120
375 391 516 468 Epistolae
534 399 652 467 scriptae
669 397 847 454 consuntiae
864 414 957 456 menae
972 399 1057 482 lanio
1073 400 1138 455 1415

146 600 254 667 cordia
267 599 327 682 dei,
351 606 384 666 et
406 600 447 666 de
462 601 617 667 bonorum
632 601 793 667 hominum
807 603 976 687 adjutorio,
998 600 1084 683 quod
1106 618 1161 667 vos
1182 600 1347 668 dimittent

146 719 216 768 curn
237 719 332 783 pace,
349 701 491 784 quamvis
509 701 622 767 Paleou
638 720 708 767 cum
723 704 884 770 consortio
900 722 957 769 suo
972 702 1111 782 laboret,
1134 701 1219 785 quod
1233 718 1345 769 omnes

145 802 357 870 adhaerentes
372 801 644 885 condemnentur.
672 802 775 878 Scito,
791 805 865 887 quia
891 806 967 870 vivit
995 803 1099 872 adhuc
1112 803 1268 882 dominus,
1291 801 1344 885 qni

145 903 266 987 poterit
291 922 348 970 vos
374 922 485 970 omnes
506 904 540 968 in
561 922 620 971 sua
641 904 745 984 gratia
765 923 971 984 conservare,
998 906 1143 972 inimicos
1163 909 1270 971 autem
1292 921 1345 971 ve·

145 1004 251 1071 ritulis
271 1003 464 1071 mortificare
486 1011 520 1070 et
541 1005 677 1087 perdere
699 1004 732 1069 in
754 1006 940 1085 gehennam.

245 1105 478 1172 Recommendo
500 1106 558 1171 tibi
580 1106 697 1171 fratres
719 1123 823 1190 meos;
846 1106 1024 1186 carissime,
1047 1107 1096 1172 lac
1117 1108 1201 1172 sicut
1221 1105 1285 1170 scis
1306 1104 1347 1170 ad

144 1205 224 1271 illos.
240 1206 401 1273 Salutabis
416 1224 510 1290 spero
525 1212 666 1273 sanctam
681 1206 809 1274 Petram
824 1226 894 1273 cum
910 1208 1019 1274 Duora
1034 1212 1068 1274 et
1080 1206 1207 1287 familia,
1222 1222 1347 1272 omnes·

144 1325 206 1390 quc
216 1307 320 1375 socios
335 1306 376 1374 ad
389 1306 553 1374 Betlehcm
565 1307 773 1390 pertinentes.
787 1307 1003 1388 Katherinam,
1018 1308 1134 1375 dictam
1149 1306 1228 1389 Hcs,
1251 1323 1347 1390 spero

145 1408 300 1490 virginem
322 1414 471 1487 sanctam,
495 1408 700 1475 Girzilmnem
714 1408 893 1490 plebanum,
910 1407 1069 1476 dominam
1081 1410 1115 1474 in
1135 1407 1266 1490 Zderaz,
1288 1406 1348 1475 Mi·

145 1508 286 1575 chaelem
308 1509 356 1576 de.
370 1508 568 1586 Prachatica,
597 1507 780 1573 Mauritium
802 1508 915 1589 Kacer,
939 1517 972 1576 et
993 1528 1102 1576 omncs
1123 1509 1242 1575 amicos
1265 1507 1348 1573 neri·

146 1609 232 1690 tatia,
245 1610 265 1676 J
267 1610 474 1690 eikonissam,
490 1610 527 1673 D.
539 1609 728 1690 Gregorium
741 1614 775 1674 et
789 1626 898 1674 omnes
910 1612 1088 1691 magistros,
1104 1610 1124 1676 J
1126 1609 1262 1690 esenicz,
1283 1609 1350 1675 Ku-

146 1713 230 1792 bam,
248 1711 410 1804 ¹Simonem
432 1718 610 1792 utrumque,
633 1710 805 1789 Nicolaum,
831 1711 1050 1776 llarlilronem.
1075 1709 1152 1776 Cum
1174 1711 1266 1777 libris
1288 1709 1352 1777 erit

145 1818 266 1893 cautus,
281 1812 352 1894 quis
366 1830 421 1878 eos
436 1811 533 1877 habet
548 1812 598 1876 vel
614 1811 752 1876 habebit.
775 1813 939 1883 Doctores.
953 1830 1040 1877 meos
1051 1813 1168 1877 fratres
1182 1811 1352 1878 inchristo

146 1913 293 1990 dilectos,
322 1917 457 1989 sutores,
480 1919 622 1977 sartores
645 1919 679 1977 et
701 1912 876 1993 scriptores
899 1913 995 1977 etiam
1017 1912 1181 1993 salutabis,
1206 1911 1352 1993 dicendo,

14 2030 18 2037 ·
145 2021 181 2080 ut
195 2014 261 2078 sint
275 2013 314 2078 de
330 2015 401 2093 lege
417 2012 536 2078 Christi
552 2012 679 2080 solliciti
695 2018 728 2076 et
739 2013 902 2078 humiliter
916 2015 1053 2096 sapiant,
1079 2022 1111 2079 et
1133 2031 1197 2079 non
1219 2018 1353 2079 utantur

145 2116 260 2198 glossis
283 2114 431 2197 propriis
446 2113 503 2178 sed
519 2118 708 2179 sanctorum.
726 2112 762 2178 D.
772 2112 945 2179 Henricum
954 2113 1021 2178 Lefl
1036 2114 1146 2195 utique
1153 2100 1254 2195 petas,
1262 2112 1349 2195 quod

145 2216 266 2282 Jacobo
293 2215 442 2296 scriptori
470 2213 524 2279 det-
545 2233 640 2279 unam
668 2232 871 2295 sexagenum,
901 2234 994 2297 quam
1015 2215 1076 2281 sibi
1098 2215 1253 2298 promisit.
1275 2214 1347 2280 Ma-

146 2315 245 2382 thiam
272 2305 346 2381 olim
372 2312 616 2382 Betlehemitam
639 2315 758 2390 saluta,
784 2316 821 2380 D.
844 2314 998 2382 Mathiam
1021 2315 1131 2397 Ghudy
1153 2315 1348 2397 specialiter,

145 2410 183 2484 'ut
209 2423 280 2482 oret
302 2435 360 2499 pro
383 2434 433 2483 me
455 2422 641 2499 peccatore,
668 2415 824 2481 loannem
847 2415 958 2482 Vitlini
981 2414 1115 2482 fidelem.
1159 2415 1258 2483 Filios
1283 2416 1348 2483 fra·

148 2517 207 2587 tris
229 2516 301 2595 mei,
325 2516 353 2582 si
375 2516 509 2594 videtur,
526 2516 660 2598 dispone
681 2516 722 2582 ad
742 2514 923 2594 artificium,
945 2517 1019 2598 quia
1041 2517 1146 2597 timeo,
1169 2533 1220 2593 ne,
1242 2517 1271 2582 si
1292 2534 1347 2583 ve·

147 2611 253 2684 nireo't
275 2617 315 2683 ad
337 2621 455 2683 statum
477 2616 690 2699 spiritualem,
716 2617 804 2681 illum
827 2635 890 2682 non
913 2621 1051 2696 servent,
1075 2618 1158 2683 sicut
1179 2616 1346 2683 deberent

146 2718 366 2798 Debitoribus
394 2717 506 2799 quibus
534 2722 654 2795 teneor,
678 2715 834 2798 quomodo
859 2718 933 2794 scia,
959 2718 1005 2783 sic
1027 2718 1076 2784 lac
1099 2735 1347 2800 recompensam.

147 2819 180 2888 Si
195 2825 301 2887 tamen
317 2826 450 2902 propter
464 2818 557 2884 deum
581 2824 614 2883 et
635 2836 773 2883 amorem
796 2819 856 2884 mei
880 2820 1040 2885 voluerint
1062 2820 1236 2899 remittere,
1259 2819 1351 2887 dabit

136 2920 225 3007 ‚neus
252 2920 331 3005 ipsis
357 2918 501 3005 amplius.
539 2917 699 3001 Quidquid
722 2919 796 2984 boni
818 2918 956 2986 didicisti
979 2940 998 2986 a
1019 2939 1084 3000 me,
1112 2926 1197 2987 tene.
1219 2921 1253 2987 Si
1275 2922 1353 3005 quid

146 3022 318 3088 inordinati
341 3022 373 3087 in
395 3039 446 3085 me
468 3019 679 3101 conspexisti,
710 3019 812 3102 abjice
835 3027 868 3085 et
889 3040 947 3088 ora
967 3021 1060 3087 deum
1083 3040 1140 3103 pro
1162 3039 1222 3103 me,
1245 3029 1281 3087 ut
1303 3022 1351 3089 di·

126 3129 263 3214 =‚gnetur
283 3122 361 3187 mihi
388 3137 531 3204 parcere.
555 3119 638 3198 Quid
652 3120 705 3200 sia,
722 3119 798 3201 quid
812 3121 921 3201 fueris,
944 3121 1020 3213 quid
1041 3122 1115 3201 criS,
1138 3139 1264 3204 semper
1284 3141 1352 3189 me·

139 3223 269 3290 diteris.
292 3223 412 3303 Plange
433 3221 624 3305 praeterita,
641 3220 775 3288 emenda
790 3224 981 3304 praesentia,
997 3240 1137 3305 caveque
1152 3222 1267 3304 utura,
1289 3224 1352 3291 sci·

147 3324 223 3391 licet
256 3331 395 3406 peccata.
418 3320 506 3387 Deus
529 3321 630 3386 omnis
652 3322 774 3402 gratiae
797 3321 957 3389 confortet
978 3331 1011 3389 te
1034 3343 1105 3390 cum
1126 3323 1273 3391 omnibus
1295 3342 1349 3391 su·

146 3425 392 3510 prenominatis
407 3424 560 3490 iratribus
581 3431 702 3490 etcum
721 3423 792 3489 aliis
808 3426 840 3490 in
862 3443 921 3514 sua
942 3429 1054 3508 gratia,
1078 3433 1111 3492 et
1134 3424 1290 3508 perducat
1309 3424 1352 3492 ad

148 3525 295 3608 gloriam,
318 3525 444 3606 inqua,
481 3541 575 3607 spero
598 3523 638 3590 de
660 3541 718 3590 sua
731 3523 958 3605 misericordia,
974 3525 1162 3593 laetabimur
1177 3543 1288 3592 omnes
1308 3525 1351 3592 si·

148 3626 227 3700 mul,
249 3632 419 3707 antequam
441 3624 515 3691 anni
538 3623 670 3705 triginta
692 3624 845 3705 temporis
867 3625 1043 3692 elabantur.
1067 3627 1146 3692 Vale
1167 3644 1296 3709 semper
1317 3626 1351 3692 in

149 3726 277 3792 Christo
297 3725 391 3806 Jesu,
414 3725 576 3791 carissime
597 3724 707 3796 frater,
730 3742 800 3788 cum
823 3726 977 3804 omnibus,
1001 3727 1056 3809 qui
1077 3726 1215 3808 diligunt
1235 3744 1352 3793 noman

134 3826 267 3892 domini
293 3826 396 3893 nostri
422 3826 501 3894 Jesu
530 3823 658 3891 Christi.
702 3824 863 3908 Scriptum
896 3827 1075 3893 incarcere
1097 3826 1256 3893 dominico
1277 3830 1352 3909 poet

148 3928 263 3995 testum
286 3927 361 3993 Viti.

156 4055 161 4063 ·
250 4044 277 4097 rc
294 4042 356 4099 ars.
376 4042 503 4098 maan.
521 4028 549 4112 ρ’.
567 4041 614 4100 aa
649 4041 733 4098 nass.
759 4042 856 4098 Vama.
876 4044 962 4108 4524,
976 4045 1002 4116 s.
1021 4043 1065 4100 oe.
1090 4073 1118 4083 -
1139 4041 1224 4104 coar.
1242 4042 1268 4113 s.
1286 4040 1349 4097 aaa

150 4124 212 4180 ΜΒ.
231 4128 319 4197 capit.
337 4127 429 4195 Prop.
442 4124 468 4195 f.
488 4125 532 4179 75.

248 4228 325 4283 Edit.
343 4229 375 4281 ia
392 4227 447 4296 Dp.
465 4228 544 4296 piiss.
563 4225 595 4278 F.
612 4225 641 4280 3,
678 4226 749 4294 Opp.
768 4226 842 4288 Huc,
861 4228 885 4282 1.
905 4224 946 4281 6⁵6
963 4237 989 4281 et
1006 4225 1050 4281 84.

649 4482 833 4493 ———..-—---
