2992 5258
148 400 188 464 56
625 389 765 460 Epistulae
782 387 898 458 scriptae

148 600 237 684 prius
259 615 334 663 vere
368 595 550 663 fatebantur
585 594 757 662 secundum
793 595 896 675 legem
918 592 1037 661 Christi
1072 593 1247 679 veritatem,
1286 599 1343 667 sed

149 701 262 767 timore
283 697 426 780 percussi
447 697 481 762 in
502 695 716 762 adulationem
735 714 837 779 papae
858 700 892 761 et
912 695 946 762 in
967 694 1164 762 mendacium
1179 704 1254 766 suut
1268 717 1343 765 eon·

149 801 241 867 versi.
284 799 326 865 nt
339 798 451 864 Palecz
474 802 566 863 vocat
586 814 645 862 nos
660 793 859 877 Wiclefistas,
881 797 971 879 quasi
992 796 1024 863 in
1046 801 1115 863 tota
1135 794 1197 863 fide
1210 797 1344 866 Christi·

148 902 277 969 enitatis
295 901 476 981 deviantes3
499 904 532 965 et
552 897 729 965 Stanislaus
751 903 842 964 vocat
860 894 1013 977 infideles,
1035 895 1183 980 perfidos,
1213 899 1344 966 insanos

149 1010 182 1071 et
203 1005 322 1069 clerum
343 1000 554 1071 maledictum.
598 999 661 1067 Sed
693 1000 755 1066 ista
776 1017 839 1065 nou
860 998 1069 1079 adverterem,
1092 997 1259 1066 dummodo
1279 1019 1345 1068 non

149 1103 365 1171 confortarent
385 1103 418 1167 in
440 1101 562 1167 malitia
582 1101 819 1167 Antichristum.
863 1099 925 1167 Sed
947 1117 1041 1182 spero
1064 1118 1135 1166 cum
1155 1100 1208 1168 dei
1229 1102 1342 1183 gnatia,

149 1204 242 1286 quod,
265 1205 293 1269 si
315 1203 503 1286 oportuerit,
525 1202 596 1268 volo
625 1221 675 1269 me
696 1201 849 1268 adversus
871 1220 926 1269 eos
948 1219 1049 1282 usque
1069 1201 1111 1267 ad
1131 1202 1238 1283 ignem
1259 1219 1343 1268 com·

148 1304 325 1371 burendum
347 1307 499 1369 statuere.
541 1302 584 1368 Et
616 1303 643 1368 si
677 1320 736 1384 ego
768 1320 832 1370 non
853 1320 983 1386 possum
1005 1302 1156 1369 libertate
1178 1302 1345 1369 veritatem

150 1423 208 1491 per
229 1404 342 1486 omnia,
365 1404 469 1470 saltim
490 1403 563 1470 nolo
587 1422 657 1470 esse
679 1404 822 1470 inimicus
844 1405 990 1471 veritatis
1012 1410 1046 1470 et
1066 1423 1124 1487 per
1139 1407 1275 1471 mortam
1288 1403 1344 1470 oli·

152 1507 267 1573 sistere
289 1504 466 1571 consensui.
510 1503 626 1571 Currat
656 1505 799 1586 mundus,
834 1506 916 1571 sicut
948 1504 1027 1571 dous
1059 1524 1131 1571 eum
1162 1504 1346 1588 permiserit

151 1624 289 1674 currere.
332 1604 448 1670 Melius
470 1609 520 1672 est
540 1604 621 1671 bene
642 1606 732 1685 mori,
755 1624 847 1689 quam
868 1605 950 1672 male
970 1605 1094 1685 vivere3
1116 1611 1249 1689 propter
1262 1622 1345 1672 mor·

151 1709 192 1775 tis
214 1706 401 1791 supplicium
422 1723 486 1771 non
507 1711 557 1773 est
586 1705 793 1789 peccandum3
829 1710 1031 1790 praesentem
1063 1707 1159 1772 vitam
1190 1703 1281 1773 finire
1313 1705 1347 1772 in

150 1808 254 1891 gratia
286 1811 336 1872 est
357 1806 445 1873 exire
468 1806 507 1871 de
528 1805 670 1887 miseria;
697 1808 750 1890 qui
771 1806 860 1873 addit
881 1807 1054 1888 scientiam,
1076 1805 1165 1873 addit
1185 1805 1346 1885 laborem3

151 1910 204 1992 qui
226 1908 393 1974 veritatem
415 1907 564 1991 loquitur,
587 1913 682 1990 caput
704 1907 763 1975 sibi
787 1909 982 1988 concutitur,
1005 1908 1057 1990 qui
1071 1912 1206 1974 mortem
1221 1906 1345 1989 metuit,

151 2009 268 2077 amittit
289 2008 403 2091 gaudia
426 2008 525 2088 vitae;
560 2027 657 2092 super
678 2009 783 2076 omnia
804 2009 902 2077 vincit
923 2009 1054 2089 veritas3
1088 2008 1194 2088 vincit,
1217 2008 1272 2090 qui
1292 2026 1345 2077 oc·

152 2110 276 2190 ciditur,
300 2109 374 2191 quia
394 2108 482 2175 nulla
503 2109 533 2175 ei
555 2114 649 2175 nocet
670 2109 856 2190 adversitas
880 2110 907 2176 si
929 2110 1015 2176 nulla
1037 2111 1066 2176 si
1086 2109 1266 2176 dominatur
1285 2107 1346 2177 ini·

152 2211 267 2294 quitos.
308 2210 363 2275 Ait
383 2210 467 2276 euim
488 2211 603 2277 Petrus
624 2211 800 2295 apostolus:
835 2211 911 2290 Quis
940 2216 999 2292 est,
1034 2211 1088 2293 qui
1110 2211 1200 2277 vobis
1222 2216 1346 2292 noceat,

151 2313 180 2379 si
200 2309 411 2377 aemulatores
432 2311 508 2378 boni
529 2310 675 2377 fueritis?
697 2311 788 2377 Beati
810 2312 897 2392 estis,
921 2330 990 2378 cum
1012 2310 1235 2379 maledixerint
1256 2311 1346 2381 vobis

151 2413 303 2493 homines,
326 2412 371 2478 ait
392 2412 519 2480 veritas.
543 2414 642 2480 Omne
657 2413 805 2496 gaudium
821 2414 998 2480 existimate
1009 2411 1135 2494 fratres,
1158 2432 1228 2479 cum
1239 2416 1343 2481 teuta·

152 2515 255 2580 tiones
277 2513 380 2579 varias
401 2512 594 2593 incideritis;
615 2513 796 2596 beatusvir,
819 2514 872 2597 qui
894 2512 1008 2580 suffert
1021 2515 1238 2595 tentationem,
1260 2512 1343 2597 quia,

153 2634 222 2681 cum
244 2613 396 2698 probatus
428 2612 533 2695 fuerit,
566 2615 700 2698 accipiet
732 2633 879 2681 coronam
913 2615 1006 2681 vitae.
1049 2613 1137 2681 Haec
1168 2621 1243 2681 sunt
1274 2633 1345 2682 maa

152 2715 354 2781 fundamenta
376 2719 408 2780 et
429 2711 556 2795 fercula,
579 2713 692 2796 quibus
714 2713 855 2781 reficitur
876 2716 1008 2798 spiritus
1022 2734 1120 2798 meus
1143 2720 1179 2781 ut
1192 2715 1236 2781 sit
1251 2714 1343 2783 fortis

152 2822 263 2883 contra
278 2833 386 2881 omnes
408 2815 607 2882 adversarios
629 2817 783 2901 veritatis.
806 2816 849 2883 Et
870 2816 1017 2884 doctores
1038 2816 1094 2898 illi,
1117 2816 1286 2900 dequibus
1303 2815 1349 2884 di·

154 2917 234 2998 citis,
261 2914 372 2983 nolunt
404 2915 508 2982 facere
542 2921 652 2984 eontra
686 2919 920 2986 conscientiam.
964 2920 1028 2986 Vos
1061 2921 1162 3002 scitis,
1193 2921 1349 3004 quomodo

152 3018 264 3085 Paleou
286 3017 476 3100 loquebatur
497 3019 586 3102 prius
607 3019 641 3083 in
665 3018 756 3088 domo
779 3028 894 3087 vestra.
929 3021 972 3087 Et
994 3022 1058 3087 scio
1075 3022 1350 3105 certitudiualiter,

154 3121 238 3203 quod
261 3118 437 3186 Stanislans
459 3120 563 3187 tenuit
584 3125 618 3185 et
638 3121 671 3184 in
693 3121 814 3204 scripto
837 3121 1070 3188 sententialiter
1092 3122 1220 3205 scripsit
1240 3121 1281 3189 de
1299 3141 1349 3191 re·

153 3222 313 3288 manentia
333 3220 439 3304 panis:
468 3228 501 3286 et
522 3240 542 3287 a
562 3241 612 3287 me
635 3221 799 3304 qrvaesivit,
821 3228 989 3305 antequam
1011 3222 1200 3288 disturbium
1221 3223 1350 3308 incepit,

154 3325 181 3389 si
204 3322 315 3388 vellem
336 3321 421 3387 idem
444 3340 550 3388 secum
572 3328 692 3389 tenere.
735 3322 818 3389 Ecce
841 3327 953 3406 postea
982 3321 1101 3404 juravit
1130 3329 1163 3389 et
1184 3322 1350 3405 abJuravit,

153 3430 187 3491 ct
207 3429 281 3506 post
302 3421 381 3509 duos
402 3440 512 3504 anuos,
535 3422 659 3506 quando
681 3423 812 3490 Stiekna
826 3425 914 3490 venit
929 3442 999 3490 cum
1015 3441 1071 3490 suo
1093 3429 1239 3505 tractatu,
1261 3428 1350 3509 post·

155 3542 247 3607 quam
277 3522 382 3589 timuit
413 3523 704 3608 archiepiscopum.
731 3526 877 3591 nesciens
910 3524 1143 3608 subterfugere,
1179 3523 1259 3592 dixit
1290 3542 1350 3609 por

152 3625 374 3707 jnramentum,
409 3626 494 3707 quod
515 3629 685 3691 mactatum
716 3625 804 3691 illum
835 3643 900 3693 non
931 3625 1073 3710 perfecit
1116 3624 1159 3691 Et
1180 3629 1351 3707 antequam

154 3725 214 3792 fuit
224 3729 354 3791 vocatus
376 3725 416 3791 ad
438 3725 556 3793 curiam
577 3726 816 3811 archiepiscopi,
838 3725 935 3792 dixit:
957 3726 1102 3810 Oportet,
1118 3725 1202 3809 quod
1217 3725 1351 3794 sualua

155 3828 325 3894 monachus
346 3826 454 3894 flectat
474 3833 548 3894 aute
570 3846 619 3894 me
631 3847 734 3910 genua
756 3834 788 3895 et
809 3829 1140 3913 petatquodparcam,
1156 3827 1348 3908 quodausns

155 3934 205 3995 est
226 3934 396 3996 necatum
407 3948 510 3995 meum
521 3949 632 3999 novam
645 3931 872 4015 plantationem
891 3949 1057 3998 erroneam
1079 3933 1242 3996 annotare.
1264 3927 1349 4006 Quo·

154 4030 246 4096 modo
269 4048 346 4112 ergo
367 4049 496 4115 possum
518 4033 565 4099 eis
587 4032 727 4115 credere,
757 4034 841 4116 quod
862 4050 926 4098 non
947 4032 1085 4098 libenter
1106 4028 1249 4096 facerent
1276 4046 1351 4094 con-

155 4135 206 4197 tra
227 4132 475 4199 conscientiam?
497 4134 539 4199 Et
560 4140 651 4201 estne
675 4135 720 4201 eis
744 4136 864 4202 salvum
885 4152 942 4217 pro
966 4132 1168 4212 conscientia,
1191 4128 1277 4212 quod
1292 4147 1352 4196 nos

155 4236 270 4298 vocant
292 4230 444 4315 infideles,
467 4233 616 4318 perfidos,
637 4236 826 4316 insensatos,
848 4254 867 4301 a
886 4240 952 4301 tota
972 4231 1033 4299 fide
1048 4231 1166 4298 Christi
1187 4229 1353 4297 deviantes

155 4337 189 4399 et
210 4333 412 4401 maledictum
448 4335 588 4403 clerum?
631 4335 719 4403 Deus
754 4336 815 4403 hoc
848 4335 978 4417 judicet
1022 4334 1071 4400 De
1106 4330 1352 4400 commutatione

155 4438 263 4500 vestra
284 4434 410 4502 videtur
423 4435 500 4501 mihi
515 4436 548 4500 in
560 4436 764 4517 conscientia,
787 4435 871 4520 quod
885 4433 1065 4501 nullomodo
1084 4432 1252 4500 dimittatis
1268 4448 1354 4514 ωας

155 4535 230 4618 quia
251 4553 354 4619 spero,
391 4536 476 4620 quod
509 4536 586 4603 estis
609 4536 653 4602 ibi
687 4535 807 4619 clipeus
840 4541 950 4602 contra
977 4534 1215 4602 Andetristum.
1258 4531 1353 4600 Unde

155 4635 233 4707 devs
255 4636 413 4707 ordinavit
433 4636 652 4722 meoiudicio,
675 4636 768 4719 quod,
790 4636 873 4705 sicut
894 4636 979 4706 circa
1004 4636 1090 4704 illam
1111 4634 1277 4703 ecclesiam
1288 4632 1351 4701 fuit
