2992 5258
374 424 415 478 58.
450 423 576 478 Andreas
594 423 627 478 de
645 423 735 478 Broda
752 424 927 493 reprehendit
946 425 985 479 M.
1002 424 1026 480 J.
1045 425 1112 479 Hns.
1280 431 1338 493 521

149 631 266 713 plicem
296 647 354 711 per
385 629 461 694 talia
490 628 647 711 decipitis,
677 630 769 695 deum
798 635 904 695 tamen
930 650 988 713 per
1010 632 1086 697 talia
1108 632 1256 713 decipere
1278 650 1341 696 non

148 734 294 815 potestis.
330 731 393 796 Ubi
408 738 466 808 est,
483 748 611 812 quaeso,
635 732 810 812 compassio
833 739 941 798 vestra
966 750 1062 815 super
1077 733 1226 799 afflictis?
1258 734 1342 798 Ecce

147 839 306 899 vestrates
335 833 503 898 intrudunt
532 851 567 897 se
598 832 638 898 ad
668 832 821 898 beneficia
848 833 991 914 aliorum,
1022 844 1055 900 et
1082 842 1117 901 ut
1138 837 1263 916 dicitur,
1287 856 1343 902 vos

148 937 227 1000 estis
248 935 362 999 horum
384 935 561 999 instructor
583 940 615 999 et
637 929 835 1015 procurator.
865 934 928 1000 Ubi
951 942 1001 1001 est
1016 935 1211 1018 praedicatio
1226 945 1344 1020 vestra,

147 1036 211 1101 imo
234 1037 338 1100 cantio
354 1041 478 1113 nestra,
511 1053 573 1100 non
598 1037 825 1118 concupisces?
847 1053 885 1101 tc.
931 1036 993 1102 Ubi
1017 1044 1068 1103 ost
1090 1040 1205 1104 caritas
1228 1048 1344 1114 vestra,

150 1155 231 1218 quae
260 1154 325 1201 non
354 1137 539 1216 aemulatur,
570 1157 632 1203 uon
662 1139 728 1219 agit
757 1157 934 1220 perperam,
963 1159 1027 1205 non
1050 1140 1188 1222 inflatur,
1210 1161 1273 1206 non
1296 1149 1346 1207 est

150 1238 327 1319 ambitiosa,
350 1258 413 1305 non
436 1239 570 1321 quaerit,
593 1259 673 1322 quae
696 1247 853 1318 excusant,
877 1260 940 1306 non
955 1242 1109 1312 irritatur,
1137 1261 1200 1308 nou
1227 1244 1347 1326 cogitat

149 1335 288 1407 malurn?
309 1357 347 1406 rc.
392 1340 457 1405 Vos
485 1346 591 1405 autem
618 1341 776 1421 cogitatis,
806 1349 842 1406 ut
864 1359 920 1407 vos
944 1343 1023 1425 ipse,
1049 1345 1346 1422 excommunicatus,

152 1441 341 1509 interdictus
371 1446 404 1507 et
432 1459 607 1523 suspensus
634 1462 654 1507 a
680 1442 805 1520 divinis,
836 1444 867 1506 in
897 1444 989 1525 plebe
1018 1464 1088 1509 mea
1115 1444 1222 1509 divina
1244 1443 1348 1510 officia

151 1542 437 1626 peragatis;'quod
460 1544 564 1621 etiam,
587 1545 614 1608 si
627 1544 811 1625 praemissis
835 1544 969 1609 vinculis
992 1564 1054 1610 nou
1084 1547 1198 1610 essetis
1222 1547 1346 1626 ligatus,

151 1662 216 1710 non
245 1652 349 1708 tamen
379 1648 529 1721 vocatuS,
560 1645 592 1708 in
618 1643 754 1708 alienam
783 1662 918 1709 messam
952 1664 1150 1727 nequaquam
1186 1646 1348 1712 deberetis

152 1745 282 1810 mittere
310 1743 432 1809 falcem.
476 1744 556 1808 Item
586 1743 720 1808 subditis
749 1745 781 1807 in
810 1745 918 1810 litera:
950 1744 1133 1819 ,sxrfficeret
1161 1747 1219 1812 tibi
1250 1749 1347 1813 caris-

154 1846 389 1927 simeonque
409 1846 527 1927 justam
551 1845 906 1910 excommunicationem
936 1849 1157 1929 praelatorum
1188 1849 1348 1927 aestimas

152 1948 238 2029 quod
266 1948 471 2013 denuntiares
501 1946 626 2028 pupulo,
655 1945 729 2028 qrria
751 1946 811 2028 ipsi
834 1965 883 2011 me
905 1950 1187 2027 excommunicant,
1211 1956 1243 2014 et
1265 1950 1350 2031 qinod

152 2049 289 2132 populus
329 2049 361 2113 in
390 2048 476 2113 rrnrlln
506 2048 587 2112 malo
614 2066 664 2111 mc
698 2048 894 2112 confortaret
926 2048 976 2112 sel
1009 2049 1039 2111 in
1075 2051 1195 2115 malitia
1227 2069 1349 2116 mecum

152 2149 391 2234 participaret.“
438 2150 603 2214 Venenum
626 2150 676 2213 hic
699 2149 801 2226 video,
824 2156 857 2213 et
872 2150 1039 2214 articulum
1067 2151 1185 2217 Wiclei
1196 2153 1350 2218 inclusum

153 2254 189 2317 iu
213 2251 263 2316 his
279 2251 400 2315 verbis:
424 2251 578 2332 intelligo,
613 2250 697 2331 qxrod
712 2250 826 2314 nititur
842 2249 958 2328 dicere,
975 2269 1039 2316 non
1054 2269 1126 2317 esse
1141 2255 1351 2318 exeommuni-

153 2359 261 2418 cetnm
284 2352 470 2433 quempiam,
494 2351 554 2415 uisi
577 2371 649 2417 eum
671 2351 750 2415 denis
772 2352 1031 2416 excommunicet.
1077 2354 1175 2433 Rogo,
1203 2355 1273 2437 anis
1295 2373 1351 2421 vos

153 2459 278 2518 certum
300 2451 448 2530 reddidit,
470 2453 541 2533 quis
557 2454 735 2519 cautionem
752 2452 841 2518 vobis
857 2453 965 2534 posuit
981 2452 1020 2516 de
1036 2453 1352 2534 praedestinatione?

153 2555 226 2637 quis
259 2571 316 2618 vos
348 2554 540 2619 sanctiorem
573 2555 668 2620 beato
699 2554 796 2618 Paulo
830 2553 913 2631 iecit,
948 2554 1001 2634 qni
1035 2554 1125 2618 dixit:
1157 2556 1243 2621 Nihil
1276 2557 1352 2621 mihi

153 2657 303 2723 conscius
326 2674 403 2735 sum,
428 2657 569 2722 sednon
593 2658 623 2721 in
648 2657 707 2722 hnc
728 2653 918 2736 justificatus
945 2674 1022 2719 sum.
1069 2654 1147 2720 Cum
1169 2656 1268 2736 igitur
1289 2675 1353 2721 non

154 2759 235 2824 estis
257 2764 365 2824 certus
388 2758 427 2823 de
450 2765 559 2823 vestra
580 2757 883 2839 praedestinatione,
907 2774 964 2819 cur
984 2756 1031 2822 ita
1053 2757 1266 2839 praesumitis,
1290 2775 1352 2822 non

153 2879 227 2926 esse
249 2877 306 2926 vos
339 2880 358 2925 a
390 2860 450 2924 deo
484 2858 810 2925 excommunicatum?
853 2857 944 2935 ltem,
978 2859 1030 2924 ubi
1063 2860 1181 2936 dicitis,
1214 2859 1354 2941 quodsi

153 2962 258 3028 sancti
281 2967 315 3026 et
336 2966 465 3027 sanctae
487 2961 564 3025 mihi
587 2961 618 3025 in
641 2961 746 3042 patria
769 2958 884 3034 lavent,
918 2976 976 3040 per
998 2966 1086 3025 tunm
1107 2960 1258 3041 judicium
1280 2965 1355 3024 suin

152 3084 173 3131 a
198 3063 417 3130 communione
439 3069 630 3139 satiatorum,
654 3068 687 3127 et
709 3062 754 3126 sic
776 3079 795 3124 a
817 3058 1015 3125 beatitudine
1038 3062 1186 3143 separati.
1231 3059 1354 3125 Vellem

153 3181 213 3229 vos
231 3163 399 3247 pauciores
415 3164 556 3244 argutias
572 3163 603 3226 iu
620 3162 736 3227 vestris
759 3162 887 3243 scriptis
910 3178 1039 3242 ponere.
1077 3162 1172 3227 Scitis
1196 3179 1252 3225 vos
1275 3161 1354 3241 ipse,

154 3265 241 3348 quod
265 3265 605 3332 excommunicationes
627 3263 667 3328 ab
689 3263 814 3327 homine
837 3280 901 3328 non
916 3262 1034 3327 cadunt
1055 3263 1087 3327 in
1103 3262 1175 3328 illos
1191 3262 1224 3327 in
1239 3261 1354 3342 patria,

153 3366 214 3431 sed
237 3367 453 3432 tantummodo
476 3364 618 3430 alliciunt
640 3365 787 3429 viatores.
815 3363 895 3428 Item
918 3362 1036 3426 dicitis:
1062 3362 1144 3426 Ecce
1177 3380 1235 3442 ego
1258 3360 1355 3424 mani·

154 3466 239 3532 feste
261 3468 386 3533 ambulo
408 3468 441 3533 in
464 3467 601 3544 civitate,
625 3477 658 3530 et
680 3465 854 3546 respiciunt
882 3482 931 3528 me
954 3463 1082 3545 plebani
1105 3461 1355 3544 etpresbyteri,

154 3577 192 3638 et
212 3587 322 3636 ornnes
344 3569 460 3645 sciunt,
482 3568 646 3650 quodsum
669 3566 701 3629 in
723 3565 896 3644 Bethleem,
920 3570 953 3628 et
975 3571 1081 3628 tamen
1103 3582 1167 3629 uon
1189 3568 1357 3628 cessante

154 3668 329 3753 divinis.*)
371 3668 527 3749 Magister
568 3666 759 3732 reverende!
800 3683 862 3731 nou
897 3664 1005 3741 crede,
1041 3665 1125 3746 quod
1159 3682 1215 3728 vos
1248 3678 1356 3726 omnes

154 3771 371 3839 ambulantem
399 3769 569 3845 vidisseut3
600 3769 694 3832 nimis
728 3767 791 3833 cito
821 3773 853 3831 et
876 3767 989 3830 leviter
1012 3765 1229 3831 condemnatis
1251 3762 1357 3826 multi·

156 3872 303 3940 tudinem
334 3877 470 3935 tanturn:
505 3870 603 3933 nolite
627 3868 771 3949 judicare
797 3874 831 3933 et
863 3883 926 3931 non
953 3865 1180 3947 judicabimini.
1224 3861 1359 3928 Constat

154 3970 350 4057 oppositum,
380 3970 463 4051 quia,
492 3988 584 4051 quam
608 3969 670 4034 cito
693 3968 863 4043 sciverunt,
887 3983 943 4031 vos
968 3982 1039 4029 esse
1061 3965 1092 4028 in
1117 3965 1227 4042 Praga,
1251 3961 1358 4025 statim

154 4097 176 4143 a
210 4073 326 4138 divinis
360 4075 578 4137 cessaverunt.
623 4069 649 4134 Ο
683 4067 898 4133 venerandum
932 4065 1195 4149 praedicatorem,
1231 4062 1283 4143 qui
1318 4060 1357 4124 de

154 4196 219 4243 sna
244 4173 366 4240 malitia
393 4177 426 4236 et
456 4169 496 4235 de
527 4169 742 4251 proximorum
772 4167 913 4249 periculo
944 4166 1114 4246 gloriatur!
1159 4159 1221 4227 Ubi
1243 4161 1359 4226 mansit

219 4362 248 4422 ')
266 4361 286 4409 E
304 4361 368 4407 notis
389 4360 478 4419 passim
500 4358 525 4402 in
545 4357 668 4403 codicibus
685 4355 763 4401 obviis
781 4353 930 4414 colligimur,
960 4354 994 4402 M.
1012 4354 1127 4401 loannem
1145 4350 1198 4396 llus
1216 4363 1276 4395 anno
1296 4348 1359 4394 1414

260 4446 369 4504 Pragae,
394 4457 447 4488 cum
475 4441 535 4489 alias
553 4441 658 4499 saepius,
683 4445 735 4484 tum
762 4439 786 4483 in
804 4436 865 4484 sesto
881 4436 1029 4484 Ostensionis
1051 4435 1206 4496 reliquiarum
1225 4428 1265 4494 (20
1286 4427 1360 4492 Apr.)

251 4535 385 4580 ,versatum
403 4540 465 4580 esse;
487 4525 545 4583 quin
564 4524 636 4568 etiarn
663 4523 685 4568 in
704 4521 805 4568 Postilla
829 4521 921 4566 behem.
941 4519 991 4579 (up.
1011 4520 1096 4573 Erben‚
1120 4512 1360 4577 11‚tno)ipseper·

260 4614 413 4671 hinetona
438 4610 498 4655 insto
516 4607 659 4654 Natiuitatis
677 4602 783 4668 (14131)
810 4618 885 4667 usqne
902 4604 932 4650 ad
955 4603 1042 4649 testum
1060 4601 1247 4650 Resurrectionia
1264 4597 1360 4646 Domini

258 4691 349 4763 (1⁴14)
367 4696 459 4755 Pragae
471 4696 642 4739 commoratum
660 4704 719 4739 esse.
