2992 5258
351 183 392 235 26.
425 179 534 249 Zbynco
552 178 765 234 excommunicat
782 178 819 234 ll.
837 176 896 234 Ilus
913 178 1029 250 ejusque
1044 183 1140 238 socios.
1278 188 1341 253 397

711 410 772 484 26.

151 634 327 746 Zbynco
346 636 695 744 archiepiscopus
712 637 870 718 clerum
893 636 1098 720 dioecesis
1122 667 1225 721 suae
1239 668 1343 746 pro-

149 773 340 883 mulgare
376 772 525 880 jubet,
567 770 624 852 ll.
657 770 752 853 Hus
780 772 982 880 aliosque,
1031 775 1103 882 qui
1139 771 1192 854 de
1220 772 1340 854 libris

150 900 318 988 Wielefi
345 905 682 1013 appellationem
707 907 1058 1013 interposuerint,
1095 934 1345 1017 exeommu7

592 1041 758 1121 nicatos
785 1067 890 1119 esse.

572 1283 702 1350 Reddita,
723 1287 797 1350 1410,
816 1286 848 1338 18
865 1283 922 1338 dul.

727 1488 844 1497 —.-·—

478 1568 539 1633 (Ea
555 1568 624 1636 orig.
642 1567 782 1621 tabularii
803 1566 1010 1633 Treboneau's.)

651 1707 740 1715 ....-—-
757 1706 841 1715 ..--·

245 1887 371 1969 Sbynco
387 1884 439 1951 dei
453 1885 557 1966 gratia
571 1888 700 1948 sanctae
715 1884 886 1964 Pragensis
901 1884 1056 1951 ecclesiae
1070 1884 1345 1970 archiepiscopus,

144 1987 342 2069 apostohcae
372 1984 459 2050 sedis
490 1984 633 2066 legatus,
661 1984 761 2049 almae
791 1984 1010 2050 universitatis
1043 1984 1141 2050 studii
1170 1986 1343 2068 Pragensis

143 2086 373 2164 cancellarius,
401 2089 553 2151 executor
580 2095 611 2147 et
639 2085 873 2149 commissarius
900 2085 941 2149 ad
973 2085 1056 2150 inira
1077 2087 1197 2169 scripta
1218 2108 1237 2152 a
1259 2087 1344 2156 dicta

136 2185 226 2253 sede
246 2186 424 2270 apostohca
442 2185 625 2269 specialiter
645 2183 834 2266 deputatus,
866 2185 1023 2250 universis
1045 2184 1227 2268 abbatibus,
1249 2207 1344 2272 prae·

133 2288 275 2372 positis,
297 2286 468 2370 prioribus,
490 2284 731 2364 archidiaconis,
753 2284 890 2364 decanis
913 2285 1112 2365 cantoribus,
1135 2289 1342 2371 scholasticis,

131 2389 360 2456 thesaurariis
383 2394 415 2452 et
441 2386 601 2451 canonicis
627 2392 692 2450 tam
718 2385 961 2459 cathedralium,
991 2405 1084 2468 quarn
1107 2389 1344 2469 collegiatarum

128 2488 441 2574 parochialiumquo
471 2493 505 2552 et
525 2487 780 2551 conventualium
803 2487 1009 2552 ecclesiarum
1031 2489 1210 2555 rectoribus
1226 2495 1259 2554 et
1274 2490 1342 2572 ple·

128 2590 258 2669 banis,
273 2606 334 2655 nec
354 2607 417 2654 non
440 2587 597 2653 tumbario
620 2586 650 2651 S.
666 2587 831 2652 adalberti
852 2588 885 2651 in
908 2588 1043 2654 ecclesia
1063 2595 1174 2655 nostra
1188 2591 1345 2671 Progensi

127 2688 321 2770 antedicta,
343 2708 381 2755 ac
396 2688 635 2770 quibuscunque
650 2688 925 2767 monasteriorum,
941 2689 1154 2770 hospitalium,
1177 2689 1342 2755 domorum

129 2794 184 2854 et
210 2787 347 2856 locorum
362 2807 620 2872 quorumcunque
642 2789 788 2853 ordinum
803 2797 999 2855 exemtornm
1025 2795 1059 2855 et
1073 2808 1135 2855 non
1149 2797 1345 2856 exemtorum

130 2890 366 2970 generalibus,
388 2890 645 2972 provincialibus
667 2889 830 2968 ministris,
853 2889 1044 2968 guardianis,
1068 2889 1260 2970 custodibus,
1276 2908 1345 2956 rec-

131 2987 285 3070 toribus,
303 3037 311 3053 .
345 2992 567 3071 magistris.
601 3038 608 3052 .
627 2989 944 3069 commendatoribus,
976 2990 1252 3071 praeceptoribus,
1278 3008 1345 3056 mo·

129 3086 262 3156 machis
284 3097 318 3156 et
338 3090 527 3170 iratribus.
561 3138 568 3153 .
587 3090 729 3171 clericis,
751 3088 954 3154 studentibus
975 3090 1346 3171 quarumcunque-lacul-

128 3186 253 3255 latnm
285 3208 323 3256 ac
357 3190 631 3273 praedicatoribus
664 3207 921 3272 quarumcunque
954 3189 1162 3255 ecclesiarum
1183 3197 1217 3256 et
1237 3209 1345 3257 mona·

132 3285 334 3371 steriorum,
356 3292 489 3356 notariis
511 3291 646 3372 publicis
668 3291 849 3373 ceterisque
872 3289 991 3355 Christi
1007 3289 1160 3371 fidelibus,
1183 3291 1344 3357 omnibus·

128 3391 210 3454 que
227 3391 310 3472 aliis,
333 3391 664 3473 quosinhascriptum
679 3392 782 3472 tangit
803 3392 966 3473 negotium
987 3409 1046 3456 seu
1068 3397 1201 3472 tangere
1223 3392 1345 3476 poterit

132 3490 390 3557 quomodolibet
410 3491 443 3556 in
464 3493 614 3572 futurum,
638 3509 697 3574 per
721 3493 896 3571 civitatem,
920 3492 1072 3558 diocesim
1093 3498 1127 3558 et
1141 3492 1343 3574 ‘provinciam

137 3588 296 3656 nostram
310 3593 504 3672 Pragensem
519 3600 552 3657 et
574 3593 651 3658 alias
666 3591 800 3658 ubilibet
815 3593 1008 3672 constitutis,
1023 3592 1157 3658 salutem
1169 3593 1201 3657 in
1216 3591 1342 3658 domino

141 3680 179 3739 et
201 3691 337 3769 nostris,
359 3692 422 3758 imo
444 3693 551 3756 verius
572 3692 766 3774 apostolicis
783 3689 919 3757 tinnitor
940 3691 1068 3756 obedire
1091 3691 1257 3757 mandatis.

253 3789 432 3871 Noveritis,
466 3792 551 3873 qnod
575 3799 745 3875 postquam
771 3810 875 3874 nuper
906 3793 1097 3857 anctoritate
1124 3791 1228 3856 hetae
1257 3791 1343 3855 sedis

147 3888 346 3957 mustoline
381 3890 612 3958 deliberatione
639 3891 747 3957 debita
768 3898 802 3957 et
828 3893 960 3957 consilio
986 3897 1111 3956 maturo
1138 3909 1208 3957 cum
1230 3890 1342 3955 suffra·

153 3988 265 4056 asneis
295 3993 439 4057 nostris.
473 3993 618 4059 decano
652 4000 685 4057 et
721 3993 860 4074 capitulo
892 3992 996 4057 dictae
1028 3991 1181 4057 ecclesiae
1212 3997 1342 4056 nostrae

156 4072 335 4172 ngensn,
361 4092 523 4174 praelatis,
546 4091 729 4157 doctoribus
752 4099 783 4157 et
805 4092 981 4172 magistris,
1004 4108 1041 4157 ac
1062 4090 1133 4156 aliis
1145 4091 1342 4173 sapientibus

161 4189 357 4271 luctatius,
373 4191 462 4256 libris
478 4199 511 4257 et
532 4193 626 4257 dictis
640 4191 804 4274 cujusdam
814 4192 834 4256 J
837 4192 947 4258 oannis
963 4190 1079 4255 Wiclel
1089 4190 1341 4273 haeresiarchae,

167 4287 229 4349 lum
248 4295 342 4357 certis
364 4293 547 4359 doctoribus
569 4311 678 4358 sacrae
701 4293 881 4373 theologiae
902 4298 936 4356 et
954 4292 1037 4374 juris
1058 4290 1201 4357 canonici
1224 4294 1341 4358 erami-

171 4385 250 4470 ¹1stis,
272 4400 375 4460 certos
389 4393 487 4459 libros
509 4400 543 4459 et
564 4393 649 4460 dicta
660 4393 852 4476 praescripti
874 4393 1008 4458 loannis
1029 4391 1145 4458 Wiclel
1162 4392 1195 4456 in
1216 4409 1253 4457 se
1268 4409 1342 4457 con·
