2992 5258
226 404 267 465 28
618 452 630 477 ·
681 395 821 465 Epistulae
840 397 974 466 scriptae·
1016 363 1019 367 ”

227 598 331 653 lucrum
348 601 423 667 parvi
441 597 530 651 lacere
548 599 630 653 vitam
641 603 787 653 aeternam.
807 600 861 653 Cur
875 615 929 653 uou
940 598 1118 654 recordamini
1135 599 1224 653 dicere
1237 599 1412 653 salvatorem:

228 681 313 750 „Quid
331 674 442 750 prodes't
464 682 578 750 homiui,
602 684 624 736 si
648 682 774 737 mundum
801 683 954 737 universum
978 683 1111 751 lucretur,
1133 683 1239 738 animae
1261 699 1325 737 vero
1346 698 1412 737 suae

227 765 416 819 detrimentum
425 765 563 835 patiatur?
579 772 627 820 aut
638 782 718 834 quam
730 765 806 822 dabit
819 767 899 822 bomo
916 767 1148 821 commutationem
1160 783 1209 835 pro
1221 766 1311 821 anima
1329 766 1411 821 suat*

228 849 283 903 cm
299 864 351 903 non
369 848 561 918 recordamini,
588 850 672 904 fuisse
693 865 740 904 vos
763 850 861 905 bonum
885 850 1036 919 exemplum
1058 850 1277 909 toti,Bohemiae
1301 865 1412 904 cousen-

227 932 301 987 sione
319 933 398 1001 bona,
421 934 556 989 audiendo
572 935 682 990 verbum
708 934 839 1002 divinum,
862 935 1012 990 cohibendo
1028 934 1175 989 malitiam?
1208 933 1231 987 0
1248 939 1414 1002 quantopere

227 1016 302 1071 obliti
320 1017 394 1086 esda,
412 1019 581 1074 concordiam
598 1025 714 1074 ιιιιιιιιι
731 1020 844 1075 inbono
862 1027 990 1088 ιιιιιιιιιι,
1009 1036 1068 1075 eam
1085 1036 1132 1074 vos
1144 1018 1178 1074 ab
1196 1018 1309 1073 inimicis
1321 1017 1415 1072 delen-

226 1101 307 1167 disae‚
323 1102 503 1171 locupletasse
521 1107 549 1156 ct
564 1103 683 1172 insignes
699 1103 772 1172 apud
791 1104 871 1160 deum
888 1104 1063 1173 hominesque
1080 1102 1245 1182 reddidisset
1278 1101 1369 1157 Sensit
1386 1101 1415 1156 id

226 1185 349 1240 iuimicus
367 1185 419 1253 dei,
437 1184 568 1254 diabolus,
587 1187 699 1242 moleste
716 1187 744 1242 id
756 1187 847 1243 tereus
859 1188 1017 1244 Anachristi
1035 1193 1130 1243 elsua
1141 1184 1261 1242 membra
1278 1185 1416 1252 excitavit,

228 1272 258 1322 ut
275 1284 308 1323 ex
333 1268 406 1323 vobis
428 1268 543 1324 dianam
567 1270 680 1338 qratiam
702 1285 734 1325 ac
756 1271 920 1326 voluntatem
946 1271 1114 1341 expellerent
1136 1270 1252 1338 sibique,
1269 1267 1415 1336 ¹immundo

227 1351 342 1420 spiritui,
360 1351 531 1420 domicilium,
547 1366 601 1422 quo
618 1353 713 1422 pulsus
725 1359 792 1423 erat,
808 1354 962 1417 redderent,
981 1361 1011 1410 ut
1026 1370 1167 1411 assumens
1183 1359 1288 1423 septem
1304 1353 1416 1423 spiritus

227 1436 369 1503 nequiores
378 1440 559 1490 reverteretur
574 1451 607 1490 ac
623 1437 718 1506 pejora
735 1445 828 1494 esseut
843 1453 923 1507 quam
939 1444 1028 1494 autea
1048 1440 1110 1493 Jam
1122 1438 1281 1494 frivolitates
1299 1436 1342 1504 (l),
1357 1435 1417 1504 jam

228 1518 325 1586 aleam,
340 1518 398 1587 J'am
420 1519 475 1574 alia
491 1519 626 1588 improba,
651 1528 764 1576 excusso
781 1522 856 1577 vobis
878 1523 960 1578 verbo
983 1522 1080 1591 divino,
1103 1522 1178 1577 vobis
1200 1521 1331 1576 restituit!
1364 1519 1417 1575 Ubi

227 1603 376 1657 animarum
393 1608 541 1658 vestrarum
553 1610 649 1673 pastor
663 1608 723 1661 est?
739 1606 870 1675 quomodo
888 1623 936 1662 vos
947 1606 1038 1662 ducit?
1055 1606 1151 1660 vulnus
1168 1611 1346 1661 monstratum
1363 1619 1418 1658 nou

227 1693 282 1754 est3
296 1702 373 1742 nemo
387 1694 437 1757 est,
455 1689 500 1757 qui
509 1689 677 1759 misereatur,
695 1696 725 1744 ut
737 1690 883 1746 vulneratis
894 1691 969 1746 vobis
981 1707 998 1746 a
1009 1691 1158 1746 latronibus
1175 1691 1265 1744 uuum
1283 1694 1312 1743 et
1328 1688 1418 1743 oleum

228 1770 373 1826 iuiuudeus
390 1773 487 1827 vulnus
504 1779 623 1829 restrum
640 1773 740 1843 alliget.
778 1774 892 1830 Habetis
910 1775 1004 1843 opinor
1021 1775 1099 1843 tales,
1117 1775 1162 1843 qui
1179 1773 1255 1829 vobis
1272 1771 1421 1827 infundant

227 1870 359 1909 venenum
377 1855 507 1912 elevando
524 1857 618 1912 literas
641 1871 732 1913 sacras
756 1864 837 1927 atque
854 1859 943 1913 oleum
966 1876 1020 1913 nou
1038 1859 1136 1914 amoris
1160 1857 1231 1925 veri,
1257 1855 1306 1911 sed
1322 1855 1417 1910 adula-

227 1938 317 1994 tionis.
335 1940 467 2007 Ignoratis
483 1940 651 1996 adulatorem
669 1956 778 1996 suavem
803 1957 864 1997 esse
881 1942 1031 2011 inimicum,
1055 1959 1117 1998 eum
1134 1958 1207 2011 vero,
1232 1942 1277 2010 qui
1295 1940 1418 2008 casbget,

226 2038 327 2090 amare,
336 2024 449 2099 vulnera
457 2040 563 2094 sanare,
580 2025 644 2080 licet
654 2041 736 2096 aeger
749 2027 882 2082 irascatur
895 2033 923 2082 et
939 2033 1127 2096 conqueratur.
1145 2026 1168 2081 0
1185 2031 1277 2081 sancte
1294 2024 1416 2092 Gregori,

228 2123 324 2174 magne
343 2109 425 2177 papal
443 2111 473 2162 tu
490 2107 570 2163 dicis:
589 2108 655 2177 ,lile
672 2110 746 2166 solus
763 2110 864 2165 amicus
876 2111 935 2177 erit,
953 2111 998 2179 qui
1015 2110 1197 2179 impuritatem
1217 2109 1323 2163 ammae
1340 2123 1419 2162 meae

228 2190 389 2259 absterget“
424 2191 493 2246 Care
510 2192 550 2247 vir
566 2196 672 2248 ιιιιιιι
691 2194 836 2264 deprecare
853 2211 903 2264 pro
920 2195 1103 2263 Planeusibus,
1120 2200 1151 2248 ut
1166 2200 1194 2249 tc
1206 2192 1257 2247 bac
1274 2193 1302 2246 in
1313 2203 1344 2263 re
1360 2191 1419 2245 imi-

228 2280 327 2342 tentur,
345 2291 378 2330 ac
387 2280 443 2329 tum
452 2275 568 2344 quidem,
587 2276 624 2331 uti
634 2284 724 2346 antea,
734 2277 844 2333 verbum
857 2278 975 2333 divinum
987 2278 1171 2345 celebrabunt,
1189 2274 1418 2346 praedicationem

228 2363 322 2412 contra
333 2366 446 2428 peccata
463 2360 599 2430 amabunt,
617 2361 699 2417 duces
716 2376 793 2418 veros
803 2361 1000 2430 amplectentur
1016 2377 1048 2416 ac
1065 2363 1144 2431 lupos
1160 2375 1273 2430 rapaces
1290 2358 1416 2428 repudia·

228 2442 305 2496 buut.
339 2443 513 2512 cognoscent,
531 2446 577 2514 qui
594 2447 716 2516 castiget,
737 2462 798 2501 eum
815 2462 845 2501 se
862 2446 898 2502 ad
915 2446 995 2501 deum
1013 2445 1121 2513 ducere,
1138 2445 1264 2513 quirem
1281 2443 1418 2511 aduletur,

230 2541 291 2580 eum
309 2542 339 2582 se
355 2542 372 2582 a
390 2527 441 2583 deo
457 2529 615 2597 sejungere;
635 2530 681 2599 qui
698 2529 913 2596 aduletur„eum
930 2544 1033 2585 veneno
1049 2529 1132 2591 alere,
1150 2528 1196 2598 qui
1213 2528 1337 2596 castiget,
1359 2527 1420 2582 rino

230 2624 364 2666 recreare.
397 2611 628 2681 Recordabuutur,
647 2628 677 2668 se
694 2629 757 2668 mox
774 2629 834 2669 esse
852 2614 995 2668 morituros
1019 2628 1052 2668 ac
1067 2611 1177 2667 beataum
1199 2611 1258 2667 iore
1276 2627 1351 2679 eum,
1374 2613 1421 2680 qui

229 2695 298 2750 beue
316 2697 453 2766 moriatur,
470 2698 596 2753 miserum
613 2704 713 2766 autem,
731 2699 777 2768 qui
793 2704 904 2767 peccato
922 2714 952 2753 se
970 2690 1129 2766 inquinarit,
1152 2712 1216 2751 eum
1234 2697 1262 2751 iu
1279 2701 1420 2750 aeteruum

230 2779 318 2846 ignem
336 2796 468 2840 casurum
503 2782 526 2837 0
547 2781 638 2837 dilecti
661 2782 813 2838 chnsuauit
837 2783 910 2837 scitis
928 2782 1027 2837 famam
1044 2782 1184 2836 honestam
1203 2780 1340 2835 meliorem
1357 2794 1418 2835 esse

230 2865 501 2934 unguentopreticso.
515 2866 585 2934 Quid
595 2866 685 2921 lacere
694 2866 776 2921 vultis
785 2865 1086 2931 iamavestrahouesta,
1105 2879 1174 2933 quae
1185 2862 1340 2933 hujusmodi
1350 2869 1421 2918 erat:

229 2947 374 3003 Plsuenses
383 2950 497 3005 maxime
506 2956 570 3005 suut
578 2949 732 3019 concordes,
742 2950 876 3005 civitatem
886 2965 962 3006 suam
971 2955 1044 3004 recte
1054 2948 1250 3015 administrant,
1259 2946 1369 3001 verbum
1381 2946 1421 3000 di·

231 3032 321 3086 vinum
331 3039 432 3102 amant,
453 3033 526 3088 foras
543 3034 649 3104 pellunt
665 3035 835 3091 sacerdotum
848 3034 963 3090 feminas
980 3041 1008 3090 et
1017 3035 1136 3101 lenones,
1154 3033 1241 3087 aleam
1254 3031 1422 3087 sustulerunt

231 3122 311 3185 atque
323 3116 385 3172 aliis
402 3118 515 3174 urbibus
530 3118 628 3174 bonum
646 3121 800 3189 exemplum
809 3120 997 3174 exhibuerunt.
1015 3117 1145 3173 Fideliter
1154 3116 1221 3171 deus
1230 3130 1277 3170 vos
1285 3115 1421 3181 inviserat,

231 3201 348 3255 triticum
361 3207 481 3270 'severat
499 3202 623 3258 diabolus
639 3220 702 3258 uero
723 3203 826 3259 abania
843 3203 982 3272 inspersit,
1000 3209 1031 3257 ut
1045 3199 1323 3264 triticumsuifocaret.
1341 3198 1364 3253 0
1373 3214 1423 3268 per

231 3300 322 3339 carum
332 3284 468 3341 domiuum
477 3285 568 3354 deum,
580 3301 629 3355 per
639 3286 747 3341 foedum
757 3293 785 3342 et
793 3286 1007 3341 crudelissimum
1017 3286 1060 3341 dei
1074 3285 1241 3354 martyrium,
1249 3299 1298 3353 per
1306 3282 1423 3337 salutm

231 3375 356 3442 vespam,
374 3370 737 3439 perhonestatemvestram,
752 3370 926 3440 peculiorum
944 3371 1145 3437 correctionem,
1162 3384 1211 3438 per
1224 3373 1340 3423 vestram
1358 3367 1422 3422 bea·

231 3452 385 3508 titudinem!
403 3455 449 3522 qui
467 3455 587 3522 ematis,
605 3455 641 3510 ad
656 3457 795 3511 veritatem
811 3455 993 3522 revertamini3
1011 3455 1055 3523 qui
1074 3454 1160 3509 saneti
1177 3453 1250 3515 estis,
1267 3453 1326 3508 sitis
1345 3466 1422 3506 sanc·

232 3538 327 3592 tioresl
339 3538 413 3593 Dicit
423 3538 493 3592 euim
507 3539 630 3594 domiuus
642 3540 722 3595 deus:
741 3540 874 3609 ,Tempus
885 3553 969 3609 prope
981 3546 1035 3594 est:
1054 3539 1099 3607 qui
1113 3544 1200 3604 nocet,
1212 3542 1308 3592 noceat
1319 3535 1423 3601 adhuo;

232 3623 322 3690 etqui
339 3622 367 3676 iu
384 3621 508 3677 sordibus
526 3629 576 3690 est,
593 3621 731 3677 sordescat
748 3622 845 3690 adbuc,
864 3629 892 3678 et
907 3624 954 3691 qui
969 3623 1060 3692 justus
1078 3630 1128 3690 est,
1143 3619 1307 3689 justificetur
1324 3614 1422 3685 adbuc,

233 3713 261 3761 et
277 3713 387 3761 sanctus
404 3706 586 3762 sanctificetur
602 3706 699 3762 adhue.
734 3707 805 3762 Ecce
823 3709 900 3763 venio
922 3709 974 3763 cito
1001 3714 1028 3763 et
1045 3722 1148 3762 merces
1170 3719 1231 3761 mea
1249 3718 1353 3758 mecum
1372 3708 1422 3768 cst,

233 3789 347 3844 reddere
364 3791 507 3858 unicuique
525 3780 672 3846 seeundum
689 3808 771 3861 opera
794 3792 868 3848 sua.“
902 3792 962 3848 Hoc
985 3791 1050 3847 dicit
1067 3791 1190 3846 domiuus
1214 3789 1304 3844 Jesus.
1339 3787 1424 3855 Cujus

233 3874 343 3928 verbum
361 3874 383 3928 si
401 3874 516 3929 libenter
533 3875 670 3944 accipietis
688 3892 720 3932 ac
745 3877 895 3945 servabitis,
914 3875 1064 3931 mercedem
1088 3874 1164 3929 dabit
1185 3874 1267 3927 vitam
1285 3877 1423 3926 aeternam

233 3974 294 4013 oum
311 3958 415 4013 laetitia
432 3959 575 4027 immensa;
597 3960 619 4013 si
643 3976 695 4014 uon
713 3960 850 4029 accipietis
873 3976 923 4015 nec
946 3959 1101 4025 servabitis,
1123 3956 1322 4012 damnationem
1348 3953 1425 4008 dabit

233 4050 370 4098 aeternam
395 4042 423 4097 iu
440 4043 495 4111 igni
512 4049 632 4110 aeterno,
654 4044 682 4098 iu
700 4045 819 4101 tenebris
840 4045 912 4100 inter
934 4043 1070 4110 diabolos,
1097 4042 1142 4097 ubi
1164 4041 1240 4096 nulla
1262 4039 1314 4095 erit
1335 4053 1423 4106 neque

233 4128 341 4197 requies
357 4143 446 4196 neque
462 4126 618 4184 consolatio.
637 4129 737 4183 Verum
754 4128 859 4184 confido
877 4129 937 4196 ejm
955 4133 1065 4182 sauctae
1082 4126 1185 4194 gance
1197 4131 1225 4180 et
1243 4139 1318 4193 spem
1335 4122 1423 4177 babeo

235 4242 267 4250 —
284 4218 366 4280 atque
383 4210 483 4266 idcirco
500 4212 575 4267 vobis
592 4212 679 4268 scribo
702 4244 725 4250 -
751 4213 818 4281 iore,
842 4211 956 4267 utboni
979 4209 1173 4280 perseveretis,
1197 4209 1280 4264 ceteri
1302 4222 1365 4261 vero
1389 4205 1424 4260 ad

235 4295 331 4350 bonam
349 4294 454 4365 frugem
471 4312 518 4351 ros
535 4297 672 4367 recipiatis
689 4298 716 4351 in
734 4297 805 4352 omui
823 4296 964 4352 honestate
987 4295 1098 4364 sitisque
1116 4294 1160 4348 dei
1183 4292 1247 4360 filii,
1271 4291 1343 4346 cirea
1360 4290 1423 4344 civi-

235 4379 307 4446 tatis,
325 4379 353 4434 iu
370 4395 424 4447 qua
441 4395 494 4435 uou
511 4380 564 4434 erit
580 4381 668 4448 caligo
685 4396 772 4449 neque
785 4380 903 4447 ιιίιιὶιίι,
921 4379 948 4433 in
966 4395 1020 4448 qua
1037 4378 1117 4434 deum
1134 4384 1239 4448 patrem
1255 4374 1424 4430 intuebimiui

235 4477 380 4532 omnesque
403 4479 447 4520 res
464 4465 631 4533 cognoscetis
656 4472 684 4520 et
704 4466 842 4520 intervos
865 4463 989 4518 amabitis
1012 4463 1082 4517 alius
1104 4462 1186 4516 alium
1209 4476 1319 4529 prorsus
1342 4466 1373 4515 ιιι
1393 4475 1423 4514 se

234 4549 321 4616 ipsum
339 4553 367 4602 et
383 4548 526 4617 uuicuique
544 4549 604 4618 erit,
622 4549 807 4618 quodcumque
825 4549 925 4618 cupiet
942 4547 986 4603 Ad
1003 4561 1083 4615 quam
1100 4546 1234 4600 οιιίιιιιιιι
1252 4543 1424 4599 obtinendam

236 4648 270 4688 cx
288 4632 381 4703 Plana,
399 4648 471 4688 uuuc
488 4632 667 4701 ᾱιιιοιιιιιιιι,
693 4631 760 4687 velit
776 4647 823 4689 vos
841 4647 933 4687 omues
950 4630 1080 4699 ιιϋιιιιιιι
1097 4635 1176 4698 pater
1193 4634 1221 4682 et
1236 4627 1309 4683 filius
1327 4633 1355 4682 et
1371 4628 1424 4696 spi·
