2992 5258
354 423 395 481 to.
414 424 446 484 F.
458 426 489 484 (ι’.
502 423 537 484 Η.
548 425 684 486 &sonum
702 436 731 488 et
746 448 819 523 cona
836 430 915 504 Prag.
933 430 973 491 lit.
991 432 1026 492 td
1042 448 1148 507 papini·
1287 441 1350 508 415

728 637 769 705 ti.

343 791 483 876 Magistri
507 789 620 856 civium
643 790 802 855 civitatum
827 788 1027 873 Prapaoaium
1050 792 1161 858 eidam.

253 946 488 1029 Suhjectionem
503 941 652 1007 humilem
668 958 738 1006 eum
760 939 875 1022 pedum
898 942 1005 1008 osculo
1027 943 1202 1010 beatorum.
1224 944 1350 1013 Beatis-

153 1049 231 1114 sime
254 1049 359 1130 patsrl
382 1043 566 1112 Sanctitatis
589 1042 657 1107 V¹·⁴³
678 1042 852 1126 (nuntium)
874 1045 1046 1110 Antonium
1067 1043 1108 1110 de
1129 1033 1344 1114 Montecatino

153 1166 223 1215 cunr
245 1147 355 1214 debita
384 1145 581 1228 suscepimus
603 1141 799 1222 reverentia,
825 1142 1058 1224 gratulantibus
1080 1146 1260 1213 exultantes
1282 1149 1349 1213 ani·

153 1249 222 1328 mia,
244 1247 329 1330 quod
352 1246 553 1330 omnipotens
575 1243 737 1322 dominus,
760 1243 851 1324 cujus
873 1250 923 1309 est
944 1245 1013 1311 solo
1029 1251 1114 1311 'nutu
1137 1253 1250 1313 cuncta
1271 1247 1348 1313 diri·

154 1366 238 1431 gere,
263 1367 321 1431 pro
343 1346 568 1414 reformatione
590 1345 722 1411 unitatis
745 1345 832 1427 pacis
854 1350 887 1410 et
909 1344 1150 1426 tranquillitatis
1173 1349 1348 1415 ethonore

153 1467 229 1516 auae
259 1455 388 1516 sanctae
418 1448 572 1513 ecclesiae
598 1464 656 1529 pro
684 1451 813 1528 pastore
840 1446 1050 1512 reformatore
1075 1464 1113 1513 ac
1134 1449 1349 1529 gubernatore

154 1548 419 1616 excellentissimo
442 1568 481 1614 ex
503 1566 561 1613 sua
582 1547 736 1612 immensa
757 1545 957 1629 providentia
969 1546 1118 1612 Vestram
1139 1547 1350 1629 dignatusest

155 1648 329 1734 praeficere
345 1649 559 1715 sanctitatem.
583 1647 687 1730 Ipsius
702 1665 837 1728 namque
858 1653 984 1713 sacrato
996 1647 1174 1714 ministerio
1197 1650 1349 1717 reforma·

154 1751 253 1829 bitur,
282 1756 432 1833 pascetur
455 1756 488 1814 et
510 1748 739 1830 gubernabitur
763 1748 925 1813 fructuose
954 1747 1110 1813 catholica
1137 1750 1280 1829 ecclesia,
1316 1757 1348 1815 et

154 1852 323 1916 dmutibua
352 1850 486 1916 rutilans
516 1850 653 1941 omnium
683 1849 884 1914 carismatum
910 1848 1045 1914 fecunda
1071 1851 1175 1929 gratia
1191 1852 1228 1925 in
1250 1851 1347 1916 vitam

154 1950 274 2033 gloriae
296 1950 432 2016 celerius
454 1949 619 2030 dirigetur.
663 1948 756 2014 Unde
778 1949 878 2014 veluti
899 1947 955 2013 filii
976 1948 1119 2029 ejusdem
1141 1951 1293 2016 ecclesias
1315 1951 1348 2016 id

154 2058 300 2135 optantes
328 2069 368 2116 ex
389 2049 516 2126 intimis,
553 2068 572 2114 o
595 2054 688 2131 pater
709 2046 907 2115 beatissimel
931 2067 1037 2116 coram
1058 2049 1169 2116 Sauc²¹³
1196 2051 1265 2117 Vm
1284 2052 1348 2118 cle·

153 2152 271 2218 nentia
303 2151 536 2234 prosternimur
566 2150 728 2215 humiliter
750 2151 982 2234 supplicantes,
1013 2155 1169 2232 quatenus
1199 2153 1349 2235 pastoris,

154 2253 370 2319 reformatoria
401 2258 435 2318 et
455 2251 692 2332 gubernatoris,
723 2250 785 2317 imo
815 2251 859 2334 pii
881 2253 982 2335 patris
1009 2251 1195 2333 dignaretur
1216 2252 1347 2334 pietatis

153 2354 278 2437 aperire
304 2354 428 2419 viscera
457 2362 489 2417 et
525 2359 655 2417 sanctae
686 2351 858 2417 memoriae
887 2352 1145 2435 praedecessoris
1173 2352 1346 2420 Alexandri

153 2454 265 2520 tollere
287 2455 490 2537 gravitatem,
517 2470 597 2533 quae
620 2470 797 2536 supernos
819 2453 1013 2519 aemulorum
1035 2454 1242 2537 suggestione
1256 2453 1344 2519 incu-

152 2555 232 2636 buit,
262 2555 374 2620 salutis
406 2554 504 2620 verbo
537 2559 572 2619 et
603 2553 724 2619 honore
759 2554 900 2635 gratuito
935 2560 1084 2636 satagens
1117 2573 1175 2620 nos
1207 2555 1343 2638 privare.

152 2655 286 2738 0quam
307 2655 437 2721 mordax
458 2656 631 2738 suggestio,
658 2673 717 2721 vox
740 2657 854 2736 gravia,
877 2656 988 2722 dolosa
999 2662 1032 2722 et
1043 2656 1253 2723 lamentabilis
1267 2657 1338 2721 V¹⁸⁸

152 2755 274 2823 mneos·
308 2754 380 2822 filiis
410 2758 566 2839 insonuit,
595 2757 706 2839 (quod)
736 2758 770 2823 in
799 2758 927 2824 civitate
956 2759 1107 2840 Prageusi
1138 2758 1288 2823 haeresos
1311 2762 1344 2821 ot

151 2875 278 2949 errores
299 2857 469 2924 multorum
491 2859 587 2925 corda
608 2858 794 2924 infecerunt.
816 2857 905 2924 Haec
926 2876 995 2938 vox,
1019 2877 1112 2940 quam
1133 2858 1278 2923 insecuta
1293 2862 1344 2921 eat

151 2959 398 3040 praedicationis
428 2960 461 3024 iu
490 2958 621 3041 capellis
644 2958 816 3041 prohibitio
846 2964 879 3023 et
913 2958 1063 3024 librorum
1092 2959 1284 3037 combustio,
1312 2957 1344 3022 in

151 3057 231 3140 filiis,
254 3060 309 3141 qui
330 3058 424 3126 fidem
445 3059 701 3126 constantissime
723 3057 914 3143 profitentur
937 3059 1122 3126 catholicam
1146 3078 1184 3123 ex
1206 3059 1343 3140 integro,

150 3160 318 3227 seminavit
343 3161 416 3227 lites
449 3168 483 3226 et
504 3161 592 3241 odia,
625 3162 809 3243 procuravit
830 3159 1015 3237 homicidia,
1042 3161 1146 3242 ignem
1169 3158 1342 3226 succendit.

150 3261 191 3328 Et
212 3262 284 3344 quis
307 3263 426 3345 poterit
448 3263 661 3343 exstinguere,
684 3262 744 3327 nisi
768 3262 891 3327 Sanct¹¹⁸
921 3260 989 3326 V¹⁸⁰
1010 3261 1179 3327 clementia
1201 3278 1259 3342 per
1274 3278 1341 3326 cas·

150 3363 305 3428 sationem
326 3363 505 3429 sententiae
528 3362 703 3428 remedium
717 3362 916 3445 praestiterit
938 3361 1088 3428 salutare.
1109 3360 1179 3426 Hoc
1195 3368 1342 3444 optamus

150 3461 349 3543 cordialiter,
387 3469 524 3547 opater
552 3463 810 3543 clementissime,
845 3468 879 3528 et
905 3460 1173 3528 confirmationem
1202 3461 1342 3545 capellae

150 3562 345 3643 Bethlehem,
368 3563 457 3645 cujus
479 3582 537 3645 pro
560 3582 623 3630 uno
645 3563 865 3646 praedicatore
887 3563 1014 3629 collatio
1036 3562 1076 3629 ad
1097 3581 1156 3628 nos
1179 3563 1341 3646 pertinere

150 3661 334 3744 dinoscitur,
357 3682 450 3745 quam
465 3682 523 3746 pro
538 3665 658 3730 honore
674 3664 900 3746 omnipotentis
915 3663 1033 3730 domini
1060 3670 1092 3729 et
1113 3664 1216 3730 salute
1231 3668 1342 3729 nostra

150 3771 279 3831 nostrae
294 3762 528 3830 communitatis
544 3765 793 3847 comparavimus
809 3765 996 3847 sumptibus,
1019 3772 1055 3830 ut
1077 3765 1209 3830 verbum
1224 3763 1342 3831 domiui

151 3863 313 3931 liberalius
334 3872 368 3930 et
389 3865 601 3930 abundantius
627 3864 839 3947 praedicetur.
872 3864 963 3931 Unde
986 3865 1181 3931 infallibilem
1202 3865 1241 3929 de
1265 3864 1334 3928 V¹²⁰

150 3964 275 4032 mneos
309 3967 507 4047 benignitate
539 3964 679 4046 gerimus
711 3963 949 4045 confidentiam,
982 3965 1067 4047 quod
1096 3966 1177 4031 hanc
1199 3971 1340 4032 nostram

150 4066 412 4150 supplicationem
428 4067 609 4150 primariam
630 4067 771 4146 gratiose
786 4066 931 4148 accipiet,
943 4071 976 4131 et
989 4065 1182 4131 desiderium
1198 4073 1341 4131 nostrum

150 4163 186 4230 de
201 4168 308 4248 matio
321 4169 400 4234 Jesu
415 4168 534 4234 Christi
555 4168 672 4234 domiui
688 4167 899 4234 effectualiter
913 4168 1106 4251 adimplebit.
1123 4167 1193 4232 Dat.
1210 4166 1330 4248 Pragae

149 4267 198 4333 die
223 4272 262 4334 16
284 4270 402 4334 mensis
425 4269 630 4352 Septembris.

348 4370 472 4436 Sancus
500 4371 568 4435 Vfle
581 4368 636 4435 filii
655 4370 760 4435 devoti
784 4377 816 4434 et
831 4369 965 4434 humiles
982 4368 1136 4434 Consules
1150 4375 1183 4434 et
1197 4369 1340 4434 seniores

430 4470 559 4551 majoris
582 4470 719 4535 civitatis
741 4471 920 4551 Pragensia.

246 4598 328 4669 Sequ.
346 4600 375 4654 in
392 4599 457 4656 Cod.
468 4600 515 4656 fol.
527 4603 605 4681 lib-b
618 4602 716 4657 literae
733 4602 843 4656 minoris
862 4609 890 4657 et
907 4618 992 4657 novas
1010 4601 1148 4658 civitatum
1165 4600 1340 4671 Progenaium

148 4684 237 4742 eidem
254 4700 344 4754 papae
361 4685 395 4741 dc
414 4685 509 4742 eodem
526 4702 557 4742 re
574 4688 701 4757 scriptae,
720 4686 766 4746 dd.
783 4690 818 4743 2⁰
835 4689 909 4758 Sept
927 4694 955 4743 et
972 4704 993 4744 a.
1012 4687 1038 4743 d.

649 4854 731 4865 u———n
742 4854 844 4867 n-..-
