2992 5258
214 432 274 496 164
455 426 648 480 decusationes
665 424 701 478 M.
720 426 746 479 J.
764 424 823 478 llus
840 423 954 492 ejusque
971 438 1109 492 responsa.
1143 424 1168 475 2.
1218 432 1225 437 '

790 624 826 696 2.

213 814 398 901 Articuli
414 845 527 901 anno
547 818 659 898 1409
678 813 816 897 eidem
836 813 1162 922 archiepiscopo
1183 810 1412 919 propositi.

711 1047 912 1056 *—

313 1132 342 1186 E
357 1129 420 1184 MS.
440 1129 566 1185 maaca
585 1131 616 1182 in
633 1129 731 1183 Museo
750 1128 821 1182 Bel.
837 1145 906 1198 puy.
927 1127 1022 1181 8-12.

215 1402 316 1464 „Anno
335 1401 442 1480 00ψί
459 1396 651 1473 Mococm
669 1396 784 1450 articuli
801 1397 981 1468 infrascripti
1004 1397 1066 1451 (lati
1087 1403 1152 1448 eunt
1170 1403 1268 1447 contra
1290 1410 1347 1455 me,
1375 1394 1417 1447 ad

258 1501 326 1553 W
341 1483 474 1553 mP‘m‘ll
493 1483 532 1537 D·
550 1481 698 1551 Zdyultom'
716 1481 857 1551 Progenei
873 1481 1083 1550 archiepiscopo
1099 1482 1159 1533 aiae
1171 1482 1360 1550 juramento?¹

313 1654 428 1718 Revmffl
445 1652 478 1716 in
502 1650 629 1716 Christo
642 1656 735 1732 pater
756 1658 791 1716 et
804 1649 959 1729 deminuo,
989 1649 1026 1714 D.
1050 1648 1190 1730 Zbynlm,
1214 1647 1265 1712 dei
1280 1653 1315 1713 at
1336 1664 1416 1729 apo·

214 1755 346 1820 stolicae
369 1752 455 1818 sedis
484 1752 588 1834 gratia
611 1757 741 1817 sanctae
769 1750 942 1832 Pragensis
965 1750 1119 1816 ecclesiae
1142 1750 1416 1832 archiepiscopus,

214 1855 410 1936 apostohcae
438 1853 524 1919 sedis
554 1853 696 1935 legatae,
723 1849 896 1919 advertens
916 1851 996 1917 illud
1018 1851 1153 1918 Genesis
1176 1850 1297 1915 XVIII:
1331 1849 1417 1929 „lle-

213 1955 362 2022 scendam
384 1961 418 2019 et
448 1952 582 2032 videbo,
616 1952 643 2016 si
665 1953 804 2032 clamor,
837 1953 891 2034 qui
913 1953 952 2018 ad
974 1971 1033 2018 nos
1054 1952 1221 2035 pervenit,
1249 1950 1331 2034 (scil.
1356 1967 1417 2032 per

213 2054 350 2134 lamam)
379 2070 478 2136 opere
500 2052 543 2117 sit
563 2052 771 2134 completuS‚“
796 2053 971 2119 contrahi.
994 2054 1149 2118 loannem
1171 2052 1255 2132 Huc,
1286 2050 1416 2134 praedi·

214 2162 355 2220 catonem
366 2155 399 2219 in
411 2153 533 2234 capella
544 2152 741 2232 Bethlehem,
755 2152 819 2232 dat
831 2153 916 2232 iacit,
937 2154 1066 2218 exhibet
1077 2172 1117 2218 ex
1130 2150 1233 2219 officio
1247 2153 1416 2223 ardemus.

215 2256 328 2337 quibus
350 2253 454 2319 medio
467 2253 648 2334 juramento
664 2253 853 2336 responderi
867 2252 996 2319 mandat
1015 2254 1217 2335 perverbum
1238 2251 1415 2332 creditum

184 2413 185 2416 ,
216 2376 281 2419 noc
302 2355 409 2434 eredit,
432 2354 499 2419 sive
520 2360 613 2435 negat
635 2354 831 2436 simpIIciter‚
854 2354 903 2419 vel
926 2355 1080 2435 affirma,
1111 2372 1217 2420 coram
1239 2353 1414 2419 venerabili

217 2458 285 2522 viro
319 2456 361 2520 M.
395 2454 555 2527 Mauritio.
578 2472 687 2519 sacrae
710 2455 844 2536 paginae
866 2455 1057 2536 professore,
1081 2460 1191 2521 nostro
1213 2453 1414 2537 inquisitore.

316 2557 419 2619 letum
432 2553 605 2618 articulum
619 2555 756 2635 insertus
772 2555 928 2635 scrutandi
950 2555 997 2618 D.
1015 2555 1164 2628 Pr0tiwa‚
1187 2552 1264 2617 olim
1283 2554 1412 2635 praedi·

217 2666 306 2720 ceter
320 2656 358 2718 ‹le
371 2654 562 2734 Bethlehem,
577 2656 652 2738 jam
664 2654 817 2736 plebanus
839 2654 982 2718 eccleciae
995 2655 1028 2718 S.
1042 2654 1210 2719 Clementia
1221 2656 1257 2717 in
1272 2654 1415 2727 Portica,

216 2765 245 2818 et
265 2765 300 2817 at
313 2759 404 2837 ponit
424 2759 572 2819 notarius
586 2760 621 2819 in
642 2757 744 2837 ipsius
758 2757 974 2832 attestatione,
998 2756 1084 2828 dicit,
1108 2756 1191 2836 quod
1212 2763 1290 2817 unte
1311 2775 1415 2820 canoa

218 2857 300 2921 XV
313 2855 397 2919 illud
418 2855 543 2938 diri.*)
1210 2872 1213 2877 ·

317 2958 422 3023 Primo
445 2957 575 3039 ponitur
596 2965 630 3021 et
652 2959 848 3035 articulatur,
873 2958 958 3039 quod
979 2958 1083 3026 dictus
1104 2959 1147 3025 M.
1169 2959 1368 3027 loannflus
1382 2957 1414 3023 in

217 3059 293 3124 dote
314 3058 344 3124 S.
374 3059 538 3124 Michaelis
561 3059 593 3123 in
616 3059 745 3125 civitate
768 3060 878 3141 majori
902 3061 1041 3140 Pagae,
1068 3080 1175 3127 coram
1197 3059 1361 3142 magistris
1382 3065 1416 3127 et

218 3158 415 3242 presbyteris
441 3159 503 3223 fide
529 3159 634 3241 dignis
663 3167 774 3225 contra
810 3161 1108 3228 determinationem
1144 3166 1274 3228 sanctec
1303 3162 1415 3228 matris

218 3261 377 3324 Romanae
405 3268 438 3324 ct
459 3259 649 3325 universalis
676 3261 830 3325 ecclesiae
864 3260 943 3326 dixit
977 3271 1010 3326 et
1038 3262 1144 3327 dicere
1177 3281 1241 3328 non
1275 3263 1414 3339 erubuit

217 3359 302 3440 qnod
324 3360 473 3425 sacerdos
496 3360 637 3425 existens
666 3360 699 3425 in
728 3359 855 3425 incrtali
882 3369 1014 3442 peccato
1042 3381 1103 3426 non
1128 3368 1237 3444 potest
1258 3360 1415 3429 conficere

217 3461 400 3525 venerabile
423 3461 566 3542 corpor-Is
591 3460 708 3525 Christi
732 3471 964 3526 sacramentum
990 3471 1023 3524 et
1045 3462 1108 3527 alia
1128 3464 1285 3530 ecclcsiae
1310 3481 1414 3530 sacra·

218 3566 325 3625 menta
347 3560 524 3641 porrigere.

316 3658 385 3722 Scit
405 3663 506 3722 omnia
524 3659 668 3740 popillia.
693 3661 745 3739 qui
765 3661 904 3723 natitavit
925 3683 1008 3724 oreos
1029 3683 1192 3736 carmentes,
1215 3665 1298 3745 quod
1315 3685 1413 3746 prce-

217 3757 322 3821 dieuei
344 3761 539 3840 oppositum,
569 3761 689 3840 (licens,
716 3760 797 3840 quod
819 3768 885 3822 tora
907 3763 1012 3823 malua
1033 3763 1180 3826 sacerdos
1201 3785 1297 3844 qrcem
1318 3770 1416 3831 tonas

217 3861 347 3942 conficit,
369 3868 398 3922 et
419 3882 483 3923 non
502 3862 577 3942 plica
598 3883 620 3924 a
640 3864 726 3933 hono,
750 3883 843 3942 meam
864 3885 885 3923 a
909 3862 993 3925 rotulo
1007 3865 1048 3946 fil
1070 3874 1315 3945 accrementum,
1341 3868 1416 3949 qnia

218 3959 328 4024 divim
349 3962 450 4023 virtue
473 3970 623 4042 operetur
638 3984 699 4042 per
720 3965 834 4024 donum
855 3972 883 4026 et
905 3968 1025 4027 malum
1046 3966 1248 4029 sacerdotem.

316 4061 397 4126 Item
419 4063 557 4144 ponitur,
580 4062 665 4142 qnod
678 4062 752 4128 dum
765 4067 974 4130 auctoritates
993 4066 1158 4132 doctorum
1173 4067 1207 4131 in
1229 4069 1414 4152 oppositum

218 4162 347 4227 luerunt
368 4162 429 4228 sibi
451 4180 510 4243 per
524 4163 646 4243 aliquos
668 4164 826 4243 inductae,
850 4171 883 4231 et
904 4167 1088 4248 speclaliter
1110 4168 1149 4232 de
1171 4169 1265 4236 heato
1289 4171 1414 4251 Grego-

218 4263 281 4337 rio,
310 4262 390 4327 dixit
419 4270 451 4328 et
473 4263 580 4328 dicere
604 4283 665 4329 uon
688 4266 831 4329 erubuit:
855 4265 936 4343 Quid
959 4281 1009 4331 est
1032 4268 1234 4350 llregorius'e
1255 4271 1330 4354 ipse
1351 4271 1411 4336 luit

280 4481 302 4538 *J
320 4482 383 4530 Hinc
392 4491 498 4545 apparet,
516 4485 579 4531 sicut
597 4499 628 4531 cx
640 4486 694 4530 aliis
711 4501 806 4546 quoque
816 4488 917 4543 indIciie,
935 4488 968 4533 nl.
984 4488 1034 4534 Hor
1047 4502 1161 4551 responsa
1178 4492 1238 4538 haec
1246 4506 1310 4540 anno
1320 4494 1416 4542 domun

320 4569 383 4614 1414
392 4567 522 4629 scripsisse.
535 4575 661 4628 antequam
677 4567 1045 4629 proficiscereturConstantiam.
1065 4574 1142 4632 (eone.
1158 4577 1252 4634 epistol.
1269 4577 1321 4636 ejus
1341 4592 1365 4626 n.
1376 4577 1415 4634 87,

319 4666 374 4712 pag.
394 4654 422 4698 'll
443 4660 468 4700 et
486 4653 540 4713 73.)
