2992 5258
186 367 248 432 XII

188 565 259 662 cleti
281 566 437 632 articulos
454 567 731 650 (autographum),
742 567 785 630 M.
802 564 954 648 Procopii
968 563 1135 628 Plsnensis
1150 563 1380 646 ,uapomenuti

187 667 209 732 k
231 666 389 733 Cechdm“
415 667 444 747 *j
462 667 739 751 (autographum),
762 667 902 750 primum
917 663 1100 748 exemplum
1114 663 1207 728 latini
1234 663 1378 728 chronici

187 769 339 852 Procopii
362 769 481 834 notarii
502 768 674 852 Prageusis
696 789 781 832 0000
806 768 886 831 1476
908 766 1080 849 scriptum,
1112 772 1221 829 cetera
1243 763 1378 828 similia:

188 869 246 935 sed
269 871 367 935 etiam
379 891 497 952 magna
511 870 596 935 inest
612 869 874 953 gravissimorum
890 867 1159 931 documentorum
1176 864 1279 948 copia,
1295 885 1378 947 quae

188 970 231 1035 ad
252 991 355 1035 00000
379 973 584 1037 1403--1418
606 971 780 1054 pertinent,
804 990 887 1052 quae
911 966 1040 1050 singula
1058 966 1197 1032 lectores
1220 965 1287 1028 suis
1298 964 1379 1029 locis

189 1071 349 1153 disposita
370 1072 542 1136 invenient.
566 1107 604 1118 -
627 1069 708 1134 Aliis
731 1090 862 1152 quoque
884 1066 1038 1134 tabularii
1053 1066 1268 1132 Treboneusis
1291 1063 1378 1130 codi-

190 1170 281 1235 cibus
293 1171 480 1251 minoribus,
504 1173 582 1256 quin
599 1173 700 1237 etiam
715 1170 927 1254 autographis
949 1168 1076 1253 aliquot
1096 1168 1130 1232 in
1152 1167 1213 1233 hac
1235 1166 1378 1232 editione

148 1323 152 1330 J
189 1270 380 1336 adornanda
408 1291 487 1336 usus
516 1292 603 1352 sum,
637 1294 721 1355 quae
751 1270 938 1356 singillatim
966 1289 1137 1335 recensere
1158 1266 1291 1349 longum
1313 1273 1380 1342 est3

190 1371 263 1435 dico
292 1377 437 1451 tantum,
470 1373 559 1456 quod
585 1394 709 1439 summo
736 1374 810 1457 jure
840 1372 903 1437 dici
933 1376 1060 1455 potest,
1094 1364 1381 1453 quaecumque'ex

189 1470 353 1537 tabulario
382 1471 582 1539 Trebonensi
611 1474 729 1540 hausta
751 1475 829 1552 sint,
861 1493 980 1539 coaeva
1005 1477 1106 1555 atque
1138 1468 1278 1553 genuina
1308 1485 1378 1531 esse

189 1592 295 1656 neque
317 1573 350 1638 10
372 1573 472 1640 01100
493 1576 710 1659 suspicionem
732 1596 828 1660 posse
850 1573 969 1640 vocari.

289 1674 327 1738 10
349 1695 502 1741 caesarea
515 1676 623 1742 aulica
635 1679 817 1741 bibliotheca
838 1675 1068 1741 Vindoboaenei
1079 1670 1155 1736 libri
1169 1665 1381 1749 manuscripti

62 1824 67 1833 .
190 1773 337 1840 adHussi
348 1783 490 1842 aetatem
501 1779 702 1862 pertinentes
713 1775 867 1861 permulti
878 1775 1094 1853 inveniuntur,
1103 1791 1241 1856 quorum
1255 1767 1382 1834 etiamsi

190 1875 346 1958 majorem
368 1883 495 1961 partem
524 1878 640 1943 studiis
668 1878 744 1943 iude
774 1877 815 1942 ab
843 1896 928 1942 0000
960 1877 1041 1940 1820
1072 1873 1203 1956 saepius
1233 1869 1381 1954 repetitis

191 1974 307 2054 evolvi,
337 1976 445 2043 dicere
467 1985 577 2044 tamen
600 2000 665 2044 nou
688 1999 839 2063 possum,
869 1999 921 2043 me
939 1978 1008 2062 jam
1031 1977 1154 2054 omnia,
1182 1994 1265 2058 quae
1288 1971 1382 2035 iniis

103 2105 112 2128 ι
191 2075 285 2173 utilia
305 2079 481 2162 graviaque
502 2079 611 2160 insint,
634 2099 801 2162 cognosse.
823 2079 862 2144 10
879 2079 943 2144 hoc
965 2098 1063 2161 opere
1086 2074 1213 2140 edendo
1235 2071 1381 2157 inprimis

192 2199 286 2241 usum
308 2198 379 2242 sum
390 2179 482 2244 libris
498 2183 704 2260 3149,,4299,
725 2184 818 2259 4483,
840 2183 933 2258 4511,
956 2181 1048 2257 4512,
1069 2180 1161 2254 4524,
1182 2178 1275 2252 4557,
1290 2177 1381 2250 4902,

191 2279 283 2356 4933,
304 2280 396 2359 4937,
418 2283 509 2360 4940,
532 2281 625 2359 4941,
648 2284 730 2347 5097
760 2280 908 2366 aliisque.
937 2280 1027 2345 Inter
1049 2297 1131 2362 quos
1153 2276 1284 2340 maximi
1306 2283 1383 2339 sunt

192 2379 348 2444 momenti
369 2381 469 2459 4524,
482 2384 574 2460 4557,
596 2385 688 2459 4902,
711 2383 767 2466 qui
790 2382 854 2465 ipsi
874 2386 1003 2465 partem
1018 2397 1149 2464 quoque
1172 2377 1279 2460 operis
1300 2374 1382 2440 Mla·

194 2479 396 2545 denoviciani
419 2481 597 2548 continent.
626 2482 770 2547 Primum
796 2502 872 2547 vero
894 2481 1002 2546 locum
1025 2479 1152 2544 obtinet
1172 2479 1268 2542 codes
1290 2476 1381 2557 4557,

193 2580 394 2660 chartaceus,
416 2581 522 2648 forma
543 2584 725 2661 octonaria,
759 2581 849 2658 101110Ι
869 2589 1021 2648 constans
1053 2583 1133 2659 259,
1157 2579 1251 2643 'iuter
1282 2597 1384 2642 00000

195 2685 275 2746 1420
299 2688 332 2746 et
356 2684 435 2747 1430·
458 2683 608 2769 scriptus.
632 2684 669 2748 In
692 2703 757 2769 quo
779 2689 911 2767 praeter
933 2703 987 2762 ea,
1010 2701 1094 2767 quae
1117 2701 1176 2745 suo
1198 2677 1271 2742 loco
1294 2697 1382 2741 oom-

195 2782 456 2875 memoravimus,
487 2784 721 2849 eademnam
743 2785 886 2868 scriptae
914 2784 1025 2848 insunt
1049 2780 1230 2866 permultae
1252 2777 1385 2843 tabulae

193 2882 346 2968 publicae
368 2904 528 2950 annorum
554 2888 769 2964 1419-1436,
791 2905 892 2970 quum
913 2885 957 2950 ad
978 2883 1058 2949 01100
1080 2903 1142 2961 res,
1165 2888 1233 2946 tum
1254 2899 1330 2944 vero
1343 2877 1385 2942 ad

194 2983 383 3068 religionem
405 2986 625 3069 pertinentes,
653 3006 791 3071 quarum
813 2984 987 3051 nonnullae
1009 3003 1171 3068 nusquam
1192 2980 1271 3046 alibi
1293 3001 1384 3062 repe·

194 3084 339 3162 riuntur;
369 3085 485 3152 deiude
516 3087 644 3171 aliquot
672 3093 834 3152 tractatus
862 3094 895 3152 et
922 3085 1050 3151 cantica
1082 3104 1176 3148 sacra
1204 3080 1384 3157 bohemica,

193 3186 273 3250 item
297 3185 484 3259 „skladanie
507 3187 548 3251 M.
560 3187 642 3253 Husi
664 3211 716 3253 sw.
738 3189 860 3273 pameti
884 3185 1080 3254 00111100111
1096 3184 1158 3266 **),
1180 3187 1279 3265 atque
1291 3201 1384 3263 prae·

195 3293 246 3351 ter
259 3292 368 3352 cetera
378 3287 525 3354 miscella
535 3292 740 3353 catechismus
761 3289 825 3367 ille,
849 3309 945 3374 quem
959 3288 992 3352 iu
1011 3281 1280 3364 ,additamentis“
1298 3279 1385 3344 exhi-

195 3386 309 3452 bemus
332 3391 418 3472 (pag.
441 3389 940 3468 703-712).000(10100001010,
962 3407 1046 3473 quae
1061 3384 1209 3451 hicliber
1231 3381 1385 3459 continet,

196 3488 355 3552 rationem
377 3488 548 3567 habemus,
571 3489 724 3573 colligere
745 3489 832 3568 licet,
862 3487 1065 3552 sacerdotem
1082 3482 1255 3569 quemdam
1277 3487 1386 3546 sectae

198 3587 426 3671 Orphanorum
447 3612 521 3655 eum
543 3592 576 3656 in
598 3613 691 3655 suum
717 3612 810 3655 usum
837 3589 1066 3674 composuisse.
1090 3586 1185 3664 Quod
1206 3589 1316 3650 autem
1345 3583 1387 3648 ad

196 3691 415 3753 catechismum
426 3690 517 3756 illum
529 3693 657 3769 attinet,
680 3711 877 3777 quamquam
897 3691 966 3774 ejus
977 3693 1094 3754 auctor
1116 3685 1387 3761 connominatur,

197 3789 348 3875 equidem
370 3796 480 3857 tamen
502 3814 567 3857 000
595 3792 724 3871 dubito,
753 3793 831 3877 quin
853 3791 895 3856 ab
923 3791 995 3874 ipso
1028 3788 1069 3852 M.
1090 3790 1217 3852 Joonne
1238 3789 1314 3849 Has
1345 3785 1388 3849 sit

198 3892 407 3975 compositus.
450 3893 501 3957 Ad
530 3913 626 3979 quam
660 3893 855 3959 sententiam
888 3891 1035 3959 adducor
1072 3889 1211 3974 primum
1238 3887 1387 3953 universo

199 3991 328 4057 dicendi
350 4014 477 4076 genere,
500 4014 565 4079 quo
582 3993 679 4058 Hussi
706 3994 800 4060 stilus
815 3995 901 4059 inter
923 3992 1068 4076 ejusdem
1078 3990 1199 4056 aetatis
1212 3989 1387 4073 scriptores

198 4094 392 4176 conspicuus
414 4101 480 4173 est,
509 4095 595 4161 unde
612 4095 681 4179 jam
715 4098 752 4160 A.
778 4095 811 4160 V.
836 4074 1006 4174 Sembera,
1037 4093 1202 4177 professor
1223 4091 1387 4156 Vindobo-

198 4194 319 4271 uensis,
352 4212 452 4277 quum
473 4196 506 4260 in
527 4195 649 4260 Erbeni
670 4217 765 4261 usum
787 4196 827 4261 de
856 4196 968 4261 codice
991 4196 1074 4260 4557
1097 4193 1243 4269 referret,
1269 4189 1385 4267 „Hussi

199 4293 448 4399 0000011100000ιι
472 4316 543 4362 esse
556 4297 752 4380 opinabatur
775 4295 960 4370 tctErbeni
983 4295 1214 4375 111,330-1);
1244 4290 1389 4357 adducor

249 4534 275 4598 *l
294 4537 435 4585 Admonitio
453 4536 620 4587 Bohemorum.

122 4654 127 4667 .
238 4621 276 4682 *⁴¹)
295 4623 329 4673 111.
347 4623 400 4669 1100
418 4638 438 4670 0.
456 4637 526 4672 mem.
543 4628 662 4671 tractatus
679 4624 708 4670 de
726 4624 793 4669 bonis
810 4624 914 4670 salucia.
