2992 5258
149 417 190 478 82
612 404 752 473 Epistolae
770 402 886 470 scriptae

150 612 213 677 sut
234 610 370 694 prande.
394 610 459 675 snt
486 610 536 673 rut
555 608 621 690 jest
643 603 765 671 dowedl
787 605 827 669 do
850 602 1048 668 Konstancie
1069 601 1149 666 bezo
1171 599 1248 663 wile
1270 597 1346 679 pie-

149 712 248 794 kazy3
278 730 360 777 sua
381 710 456 775 ulie
485 710 572 774 ceste
591 707 667 790 jeda
689 706 808 789 zjewue
828 704 903 787 jairo
925 703 1019 780 kndz,
1041 721 1060 768 a
1081 700 1148 765 ssim
1171 700 1205 765 sb
1228 697 1346 765 blosite

151 814 315 894 oznamuje
338 811 404 875 lidu
419 824 466 874 we
486 808 592 873 wiecb
612 807 756 872 mestech
770 804 915 871 uenalezl
939 821 1006 867 sem
1027 801 1188 883 zjenneho
1214 799 1344 881 nepiie·

151 914 229 992 tole,
260 913 330 977 anit
358 911 439 993 bych
469 911 535 992 jicb
563 910 627 973 mel
659 907 773 973 muoho
806 925 832 970 w
860 903 1053 982 Konstaucl,
1087 901 1212 983 kdyiby
1242 885 1348 964 Ceslre

151 1015 355 1093 idkowstwo,
385 1013 459 1094 joui
482 1011 605 1094 laniuje
634 1027 675 1092 po
708 1007 876 1074 obrociech
898 1025 918 1071 a
939 1024 979 1088 po
1001 1003 1192 1079 lakomstwi,
1226 1000 1283 1065 lidi
1307 1017 1350 1065 us

151 1114 279 1179 cesttch
301 1112 474 1179 neswodili.
523 1111 549 1174 A
571 1110 670 1176 ufens
702 1108 926 1175 milosrduemu
954 1104 1098 1187 spasiteli
1130 1103 1141 1166 i
1163 1102 1258 1166 nnsis
1281 1117 1351 1165 mo-

152 1216 261 1294 dlitbt,
283 1213 337 1278 iet
365 1221 458 1278 stauu
487 1232 513 1276 w
542 1211 669 1293 prawdt
704 1211 793 1276 bolis
820 1212 857 1275 ai
883 1208 923 1272 do
951 1206 1051 1270 smrti.
1095 1203 1207 1266 Winte
1230 1201 1282 1266 iet
1311 1200 1349 1265 sci

151 1334 210 1397 pro
231 1317 281 1380 md
304 1313 418 1378 nikdei
441 1312 552 1393 sluiby
578 1311 742 1391 uestawili,
764 1310 835 1375 anii
858 1328 885 1371 w
907 1305 1092 1383 Konstauci,
1124 1323 1152 1366 w
1173 1301 1245 1366 niel
1271 1301 1350 1383 jesti

153 1437 190 1481 za
203 1433 276 1480 mue
291 1415 358 1479 stim
373 1415 474 1495 papei
491 1411 592 1476 sluiil.
607 1390 731 1476 Budteb
747 1410 831 1493 pauo
848 1409 933 1474 bohu
949 1407 1102 1491 poruteni
1112 1402 1350 1477 nilosrdnemn,

152 1517 236 1598 paiuu
257 1513 414 1581 Jettsowi.
428 1512 511 1577 bobu
533 1511 708 1594 prawimu,
741 1530 821 1593 syuu
849 1510 929 1575 diste
951 1527 1056 1590 pauny
1085 1505 1204 1585 Mario,
1237 1502 1350 1585 lrtery'i

151 1617 227 1698 Jesti
248 1613 457 1680 uisukrutub
481 1613 546 1678 swri
568 1613 735 1678 aohawnri
757 1614 849 1677 smrtl
870 1610 1007 1695 uykbpil
1029 1610 1087 1675 bez
1103 1608 1222 1675 nabebo
1245 1602 1349 1672 assiu·

152 1718 242 1781 ienie
265 1718 307 1782 od
327 1715 401 1780 muk
424 1713 582 1796 wetny‘ch,
607 1713 739 1780 odmoci
757 1712 901 1795 dablowy
923 1732 942 1777 s
964 1711 1005 1777 od
1027 1712 1074 1776 bi.
1099 1706 1168 1774 cha.
1191 1709 1275 1775 Psan
1296 1709 1353 1774 list

153 1838 179 1882 w
194 1818 377 1895 Konstaucl,
401 1834 442 1880 ua
457 1814 518 1880 deu
534 1812 674 1879 swateho
698 1814 837 1893 Otmsra,
860 1812 1002 1878 dobreho
1018 1812 1112 1895 slriby
1127 1811 1209 1896 priua
1230 1814 1351 1880 nabebo

153 1919 232 1984 Jesu
254 1919 372 1995 Kristu,
394 1918 468 1999 jcui
488 1916 553 1997 jest
574 1913 761 1997 poiehuany‘
783 1933 825 1979 ua
847 1913 946 1996 weky,
967 1933 1069 1980 amen.

496 2015 590 2080 Mistr
611 2016 673 2081 Jan
695 2015 765 2079 Hus
787 2016 871 2080 knez
892 2034 913 2080 a
933 2015 1026 2082 slriha
1047 2016 1119 2082 boii
1141 2035 1167 2080 w
1191 2017 1307 2100 nadtji.

253 2134 281 2186 E
296 2132 359 2186 MS.
377 2131 503 2186 Mlaoea
520 2149 549 2200 p.
567 2128 687 2185 28-29.
721 2129 784 2184 MS.
806 2130 944 2200 Osasdger.
960 2149 990 2202 p.
1008 2132 1067 2186 422
1083 2149 1124 2201 sq.

168 2284 179 2299 γ
252 2218 306 2272 Ed.
325 2218 442 2283 (latiae)
460 2217 492 2268 irs
508 2217 564 2284 ldp.
578 2232 609 2285 p.
633 2215 660 2268 0.
681 2214 756 2269 7-8.
783 2217 854 2285 Opp.
873 2216 939 2270 Has
956 2216 981 2279 l,
998 2215 1112 2271 58-59
1129 2229 1154 2271 et
1174 2218 1224 2280 75,·
1242 2220 1301 2273 bob.
1323 2222 1352 2272 iss

156 2303 273 2370 Oasopis
290 2307 312 2354 t.
330 2299 404 2353 Huc.
424 2298 497 2354 1848
513 2317 541 2368 p·
560 2299 623 2354 401.
659 2301 758 2369 Ht'fler
776 2300 801 2363 Ι,
819 2298 881 2353 134.
916 2302 1011 2355 &den
1028 2302 1089 2365 ΙΙΙ,
1109 2300 1171 2371 279,

683 2452 702 2488 ἃ
803 2452 822 2488 ἃ

743 2497 761 2535 *

254 2637 396 2692 Fidelibus
413 2642 495 2705 atque
513 2637 540 2690 in
559 2635 610 2690 deo
629 2634 735 2690 dilectis
753 2635 883 2690 iratribus
902 2643 929 2689 et
947 2637 1084 2692 sororibus
1101 2639 1238 2706 omnibus,
1260 2654 1352 2695 amau-

154 2720 227 2775 tibus
244 2723 384 2776 veritatem
402 2720 501 2774 domini
513 2721 581 2775 Jesu
593 2719 701 2774 Christi.
719 2720 776 2773 Pax
794 2720 869 2774 vobis
887 2736 903 2774 a
921 2720 972 2775 deo
989 2728 1066 2789 patre
1085 2729 1113 2777 et
1127 2722 1223 2777 aJesn
1236 2723 1352 2789 Christo,

154 2811 185 2858 ut
200 2813 313 2872 peecata
329 2805 433 2872 vitetis,
460 2805 488 2858 in
506 2805 565 2873 ejus
588 2804 676 2872 gratia
693 2803 838 2870 habitetis,
864 2804 891 2856 in
910 2804 1052 2859 unudbus
1075 2805 1223 2877 proficiatis
1247 2813 1353 2875 etpost

154 2894 266 2943 mortem
284 2889 311 2942 in
330 2889 460 2944 laetitiam
478 2896 617 2944 aeternam
635 2887 831 2955 ingrediamini.
868 2888 1018 2942 Carissimi!
1044 2905 1109 2957 rogo
1130 2907 1192 2960 vos,
1216 2895 1246 2944 ut
1272 2892 1354 2944 vitam

155 2972 303 3027 secundum
321 2972 366 3027 dei
385 2975 472 3042 legem
490 2980 602 3041 agentes
615 2973 710 3026 salutis
722 2978 828 3026 vestrae
846 2987 937 3026 curam
950 2974 1059 3041 geratis,
1078 2974 1220 3029 audientes
1238 2976 1351 3030 verbum

155 3057 199 3112 dei
216 3058 418 3126 circumspecte,
437 3074 472 3112 ne
490 3058 525 3111 ab
542 3057 702 3111 Antichristi
720 3056 851 3124 apostolis
869 3056 1047 3125 decipiamini,
1072 3059 1118 3126 qui
1136 3059 1274 3113 hominum
1291 3075 1353 3128 pec·

155 3148 216 3196 cata
233 3141 348 3209 elevant,
366 3149 480 3210 peccata
497 3157 549 3195 uon
568 3142 710 3209 castigant,
729 3142 896 3210 presbyteris
914 3141 1100 3210 blandiuntur,
1122 3142 1223 3212 populo
1240 3151 1352 3211 peccate

155 3243 208 3280 nou
225 3226 379 3294 ostendunt,
398 3241 428 3281 se
445 3228 519 3294 ipsos
536 3224 685 3288 celebrant,
704 3226 760 3280 suis
778 3226 905 3294 operibus
923 3225 1080 3295 gloriantur,
1098 3234 1259 3295 potestatem
1278 3244 1354 3282 suam

156 3310 299 3379 extollunt,
317 3310 366 3365 se'd
384 3310 519 3364 dominum
536 3311 630 3364 Jesum
649 3309 784 3364 Christum
801 3311 829 3363 iu
847 3309 1007 3376 humilitate,
1026 3319 1156 3380 egestate,
1174 3313 1305 3380 patientia
1327 3318 1356 3367 et

156 3410 286 3448 aerumna
302 3394 401 3448 imitari
419 3393 522 3447 uolunt.
540 3394 582 3447 De
602 3393 699 3461 quibus
716 3394 853 3462 praedixit
870 3393 1094 3449 clementissimus
1112 3394 1231 3449 salvator
1248 3395 1356 3451 dicem:

158 3478 293 3545 ,surgent
310 3477 373 3533 falsi
392 3477 541 3545 prophetae
564 3485 592 3531 et
609 3478 744 3546 decipient
761 3477 884 3531 multos.“
919 3481 1009 3546 Atque
1037 3495 1215 3547 praemonens
1242 3480 1357 3535 dilectos

158 3577 221 3615 suos
239 3563 294 3615 ait:
323 3560 477 3629 ,Attendite
501 3576 518 3614 a
544 3560 620 3615 falsis
642 3561 795 3629 prophetis,
822 3563 867 3629 qui
886 3562 996 3615 veniunt
1017 3563 1052 3616 ad
1074 3580 1120 3618 vos
1145 3564 1357 3618 investimentis

158 3645 260 3712 ovium,
287 3645 449 3699 intrinsecus
467 3651 557 3699 autem
575 3653 638 3700 suut
656 3646 711 3714 lupi
728 3661 854 3713 reparer,
881 3661 898 3699 a
922 3646 1054 3701 fructibus
1071 3663 1164 3702 eorum
1187 3650 1355 3716 cognoscetis

159 3728 230 3782 eos.“
265 3729 391 3784 Proiecto
409 3729 487 3784 valde
510 3746 577 3798 opus
602 3737 643 3783 est
659 3729 785 3784 fidelibus
810 3730 971 3797 christianis,
1000 3731 1142 3798 diligenter
1166 3732 1216 3786 sibi
1242 3747 1356 3802 cavere;

159 3811 224 3866 dicit
241 3813 313 3867 euim
332 3812 458 3880 salvator,
486 3813 567 3868 etiam
585 3813 686 3868 electos
709 3815 735 3867 in
762 3829 880 3868 errorem
903 3814 1041 3868 inductum
1059 3817 1107 3883 iri,
1134 3816 1157 3869 si
1179 3815 1238 3869 fieri
1259 3818 1355 3884 possit

159 3896 282 3964 Proinde,
300 3897 439 3964 carissimi,
459 3897 576 3966 vigilate,
601 3914 634 3952 uc
653 3897 753 3952 diaboli
777 3896 855 3951 dolus
877 3915 924 3952 vos
942 3898 1036 3965 sallat,
1063 3904 1144 3967 atque
1171 3914 1202 3953 eo
1220 3900 1357 3955 cautiores

159 3982 226 4048 sitis,
243 3997 297 4049 quo
315 3982 400 4050 magis
418 3982 601 4036 Antichristus
617 3982 694 4036 vobis
712 3983 847 4050 negotium
866 3981 990 4050 lacessit3
1009 4000 1070 4037 nam
1081 3983 1176 4052 judicii
1191 3983 1249 4038 dies
1258 4000 1355 4053 appro-

159 4065 281 4132 pinquat,
298 4081 369 4119 mors
387 4065 486 4119 multos
504 4064 600 4133 affligit
618 4073 645 4120 et
663 4066 706 4119 dei
724 4066 787 4120 filiis
805 4067 923 4121 coeleste
941 4083 1055 4135 reguum
1072 4069 1279 4136 appropinquat.
1303 4070 1356 4124 Cu·

157 4150 203 4215 jus
222 4149 389 4217 adipiscendi
407 4165 489 4203 causa
507 4166 620 4218 corpora
637 4157 728 4205 vestra
746 4151 868 4218 dometis,
887 4167 921 4205 ne
939 4158 1053 4208 mortem
1071 4153 1202 4219 timeatis,
1219 4152 1290 4206 iuter
1307 4170 1355 4208 vos

159 4233 255 4287 ametis
278 4243 306 4287 et
328 4234 471 4301 memoris,
499 4235 603 4288 ratione
627 4250 659 4289 ac
681 4234 819 4288 uoluntate
837 4235 864 4288 in
883 4235 934 4290 deo
951 4236 1138 4304 perseveretis.
1173 4236 1239 4289 Dies
1259 4236 1355 4304 judicii

160 4318 288 4371 terribilis
305 4326 368 4372 ante
386 4318 479 4373 oculos
497 4319 572 4373 vobis
590 4327 721 4386 versetur,
740 4335 773 4372 ue
791 4320 917 4387 peccetis,
936 4328 963 4374 et
980 4320 1085 4375 laetitia
1104 4326 1223 4387 aeterna,
1247 4325 1278 4374 ut
1295 4336 1356 4375 eam

160 4402 300 4468 expetatis.
320 4402 469 4458 Crucifixus
487 4409 579 4457 noster
595 4403 727 4471 dominus,
746 4402 860 4458 dilectus
878 4404 997 4458 salvator
1014 4420 1121 4472 semper
1133 4402 1211 4458 nobis
1227 4404 1254 4457 in
1266 4405 1356 4459 animo

160 4484 203 4551 sit,
222 4492 252 4538 ut
269 4501 329 4540 cum
346 4487 405 4556 ipso
423 4503 455 4541 ac
478 4504 526 4554 pro
544 4488 603 4556 ipso
621 4502 707 4555 aequo
730 4488 820 4542 animo
838 4495 866 4542 et
884 4488 999 4542 libenter
1017 4489 1108 4542 omnia
1124 4489 1272 4556 patiamur,
1294 4504 1356 4543 uam

161 4569 183 4620 si
201 4568 261 4636 ejus
279 4571 432 4624 cruciatum·
444 4568 659 4639 recordabimini,
678 4586 770 4626 omues
783 4571 970 4627 tribulationes
988 4572 1104 4626 libenter
1122 4572 1255 4639 subibitis,
1272 4572 1355 4627 male·

161 4650 241 4720 dicta,
258 4654 386 4721 convicia,
404 4655 525 4719 verbera,
543 4655 661 4723 vincula,
678 4670 710 4710 ac
720 4656 742 4709 si
753 4656 886 4724 esraejus
898 4657 1023 4710 voluntas
1033 4657 1131 4725 exiget,
1149 4663 1261 4710 mortem
1274 4657 1357 4711 etiam
