2992 5258
420 384 562 426 coarcere
578 369 652 440 apud
669 369 768 426 fratres
785 369 914 461 Minores.
948 369 1071 439 91112.)
1284 374 1344 439 149

714 649 774 726 92.

589 840 852 908 Additamentunn
872 840 904 922 *)

348 1046 767 1146 Sacerdoti
830 1060 1136 1145 cuidam.

581 1275 719 1330 Admorut
737 1292 798 1330 eum
814 1276 908 1348 officii.

702 1441 740 1510 ts·
759 1442 796 1510 d.)

347 1650 409 1708 Pax
431 1647 542 1708 domini
563 1647 657 1707 nostri
678 1647 752 1708 Jesu
773 1647 891 1708 Christi.
935 1647 1042 1709 Fhater
1063 1648 1229 1709 carissime!

247 1833 321 1893 Esto
337 1834 462 1907 diligens
477 1833 508 1892 in
526 1832 746 1905 praedicatione
761 1829 907 1906 evangelii
926 1838 957 1892 et
976 1831 1023 1893 fac
1042 1848 1115 1905 opus
1135 1833 1205 1891 boui
1218 1847 1342 1908 evauge-

152 1935 242 2004 listae,
254 1933 437 1993 vocationem
449 1939 526 1992 tuam
538 1948 576 1992 ne
587 1933 727 2008 negligas,
740 1933 844 1993 labora
854 1939 999 2006 tamquam
1010 1933 1114 1992 beatus
1125 1933 1208 1992 miles
1221 1934 1342 2010 Christi:

150 2036 270 2108 primum
284 2036 333 2107 pie
349 2039 380 2093 et
391 2039 491 2093 sancte
507 2034 588 2104 vire;
603 2033 708 2092 deinde
724 2032 852 2093 fideliter
867 2039 897 2091 et
911 2050 980 2092 vere
996 2034 1082 2107 doce,
1099 2034 1263 2107 exemplum
1278 2043 1343 2096 esto

150 2139 214 2199 aliis
236 2139 267 2197 iu
288 2139 367 2197 bono
391 2153 489 2210 opere,
503 2152 548 2195 ,ne
570 2137 600 2195 in
623 2152 759 2195 sermone
773 2135 1010 2208 reprehendaris,
1032 2136 1147 2211 corrige
1169 2142 1293 2207 peccata
1313 2142 1345 2196 et

148 2240 268 2298 rirtr'rtes
284 2237 467 2309 commenda,
490 2236 550 2296 illis
573 2237 621 2310 qui
643 2235 718 2296 male
740 2237 840 2296 vivunt
860 2237 979 2295 mineris
994 2253 1106 2309 poenas
1128 2227 1272 2307 aeternas,
1295 2237 1344 2311 qui

147 2356 213 2399 vero
240 2344 309 2398 sunt
334 2336 438 2398 fideles
461 2342 491 2396 et
516 2322 566 2410 pie
592 2338 697 2406 vivunt,
720 2337 828 2412 gaudie
849 2343 970 2396 aeterna
991 2338 1156 2410 proponite.
1199 2332 1344 2399 Praediea

147 2439 277 2510 assidue,
303 2438 437 2498 ‘breviter
457 2445 554 2497 tumen
577 2444 691 2497 etcum
714 2437 820 2508 fructu,
847 2438 1008 2510 prudenter
1029 2437 1220 2510 intelligendo
1243 2454 1342 2498 sacras

148 2541 316 2613 scripturas.
361 2540 478 2598 lncerta
500 2546 529 2598 et
551 2538 640 2596 dubia
662 2557 815 2612 numquam
830 2537 967 2607 affirmes,
993 2554 1030 2596 ue
1052 2537 1282 2610 reprehendaris
1304 2539 1343 2598 ab

147 2642 338 2716 adversariis,
371 2641 418 2714 qui
447 2641 575 2714 gaudent
601 2646 634 2698 ut
666 2641 726 2697 suis
749 2640 889 2711 proximis
911 2638 1081 2709 detrahant,
1112 2654 1169 2712 quo
1191 2640 1342 2698 ministros

148 2743 193 2800 dei
215 2741 395 2800 contumelia
416 2738 553 2800 afficiunt.
576 2739 703 2798 Horture
726 2740 763 2798 ad
785 2738 1000 2798 confessionem
1022 2736 1091 2798 fidei
1113 2740 1341 2799 111111111πὶ1-

146 2860 208 2900 aaa
227 2843 383 2915 utriusque
403 2841 509 2913 111111·
530 2840 662 2911 corporis
682 2844 710 2898 et
732 2841 888 2913 suagainis
906 2837 1023 2908 Clerieti,
1046 2840 1137 2914 utqui
1161 2841 1197 2900 de
1210 2840 1342 2912 peccatis

148 2944 206 3002 suis
220 2958 290 3001 vere
307 2942 515 3013 poenitentiam
531 2945 662 3014 egerunt,
684 2955 721 2997 eo
744 2939 861 3011 saepius
884 2940 921 2997 ad
937 2940 1166 2999 communionem
1190 2941 1342 3001 accedant

148 3043 245 3117 Teque
267 3057 382 3111 moneo,
412 3059 448 3102 ue
471 3058 619 3115 cauponas
648 3059 711 3100 cnm
740 3040 905 3113 hospitibus
926 3041 1111 3114 ingrediaris,
1141 3058 1178 3100 ne
1201 3042 1242 3101 sis
1265 3057 1342 3100 com·

151 3143 239 3202 munis
262 3142 442 3202 hominibus:
464 3158 530 3200 nam
553 3157 609 3215 quo
632 3141 819 3214 praedicator
844 3157 862 3199 a
883 3140 1040 3200 sodalitate
1069 3140 1215 3200 hominum
1242 3158 1342 3200 remo-

151 3244 209 3313 tior,
238 3260 273 3305 eo
306 3248 355 3302 est
383 3242 541 3314 acceptior.
586 3243 791 3300 Verumtamen
814 3257 935 3313 operam
957 3247 1044 3310 tuam,
1071 3257 1129 3313 qua
1155 3242 1252 3314 possis
1275 3241 1342 3301 aliis

153 3346 298 3414 prodesse,
320 3359 357 3402 ne
380 3342 518 3416 deneges.
544 3343 654 3402 Contra
675 3343 826 3412 luxuriam,
849 3357 1018 3415 quecunque
1041 3342 1128 3401 modo
1150 3349 1244 3414 potes,
1266 3342 1340 3401 assi-

154 3444 202 3503 due
223 3444 375 3517 praedica:
395 3460 461 3504 nam
483 3445 535 3503 illa
557 3453 602 3504 est
627 3444 726 3503 bestia
751 3443 942 3510 ferocissima,
965 3458 1038 3516 quae
1060 3443 1192 3502 homines
1208 3444 1340 3516 devorat,

156 3559 201 3613 pro
223 3545 327 3619 quibus
350 3546 513 3606 humanitas
537 3546 647 3606 Christi
675 3562 765 3619 passa
792 3550 845 3604 est
890 3544 1077 3618 Quapropter
1098 3550 1143 3614 te,
1175 3544 1338 3604 carissime!

158 3644 285 3717 obtestor,
323 3648 356 3707 ut
387 3646 611 3707 fornicationem
639 3646 742 3720 fugias,
774 3662 840 3705 uam
872 3645 922 3704 ubi
944 3645 1072 3705 volueris
1094 3646 1246 3718 prodesse,
1278 3646 1339 3705 illic

206 3931 228 3990 ⁴¹)
244 3934 308 3980 Haec
326 3935 440 3994 epistola,
463 3948 545 3979 carens
567 3939 625 3979 uota
642 3935 768 3993 temporis,
792 3946 835 3978 nee
854 3933 878 3978 iu
895 3932 945 3978 ullo
968 3933 1049 3978 codice
1073 3934 1236 3992 manuscripto
1260 3932 1338 3985 obvia,

246 4015 374 4064 exhibetur
392 4020 416 4063 in
433 4017 496 4076 Opp.
515 4016 589 4063 Hussl
606 4017 777 4074 Norimbergae
795 4031 849 4062 anu.
871 4017 934 4063 1518
952 4024 976 4063 et
996 4018 1057 4063 1715
1076 4017 1147 4062 editis
1165 4016 1339 4065 1111111111-

246 4101 303 4146 mica
321 4115 377 4146 vero
396 4101 419 4145 in
437 4101 538 4146 Postilla
555 4100 627 4145 Hussi
645 4101 732 4145 ibidem
750 4114 804 4147 unu.
825 4102 888 4146 1164
906 4100 971 4159 typis
989 4115 1110 4159 expressa.
1127 4099 1272 4147 adhortatio
1294 4099 1339 4153 ,ad

248 4186 432 4230 communionem
459 4185 584 4244 utriusque
610 4184 696 4244 speciei
728 4184 833 4243 corporis
858 4191 883 4229 et
907 4182 1028 4241 sanguinis
1050 4183 1154 4230 christu
1183 4183 1340 4242 suspicionem

249 4269 312 4314 notis
329 4274 418 4323 movet,
435 4268 561 4327 epistolam
579 4268 638 4313 hanc
648 4275 690 4313 aut
707 4268 800 4312 omnino
817 4267 948 4316 confictum.
967 4273 1009 4312 aut
1022 4274 1086 4312 certe
1100 4267 1266 4325 interpolatam
1279 4279 1337 4314 case.

249 4351 401 4412 Nequaquam
418 4352 481 4398 enim
498 4353 562 4397 credi
580 4358 665 4411 potest,
684 4351 791 4397 1111111111
805 4352 856 4411 jam
877 4357 932 4397 anta
950 4365 1037 4396 annum
1058 4352 1119 4397 1415
1138 4352 1168 4396 ad
1190 4351 1337 4396 communio·

249 4447 299 4480 nem
317 4436 399 4482 1111111
416 4436 562 4494 probandam
570 4436 716 4481 convertisse
732 4436 845 4480 studium.
863 4435 946 4494 Neque
956 4435 1054 4480 dubium
1072 4440 1116 4488 est,
1140 4435 1198 4494 quin
1215 4433 1338 4492 exemplar

251 4518 395 4565 bohemicum
413 4533 425 4564 e
442 4518 516 4564 latino
534 4531 630 4565 versum
648 4520 687 4575 sit,
706 4519 769 4564 sicut
786 4520 858 4564 etiarn
873 4518 982 4578 epistola.
1001 4532 1072 4576 quam
1084 4532 1158 4577 supra
1169 4518 1214 4564 1111
1222 4518 1294 4564 Num.
1308 4517 1337 4562 17

251 4603 408 4658 exhibuimus,
424 4603 448 4648 in
466 4602 548 4648 eadem
566 4602 667 4649 Postilla
684 4603 816 4649 11111164
834 4597 886 4664 (iel.
904 4600 1046 4660 tta-220)
1064 4599 1186 4646 bohemica
1202 4600 1338 4648 exhibetur.
