2992 5258
148 404 211 468 488
395 398 599 456 controversiae
616 397 650 453 de
666 397 797 466 religiono
815 398 842 452 in
865 397 1008 455 Bobenia:
1025 400 1099 458 1413.

144 630 147 636 ·
251 607 298 668 10.
320 602 359 666 lt.
392 601 478 665 istud
504 599 671 666 consilium
699 601 765 683 jam
797 602 938 667 oblatum
972 608 1108 685 apparet
1138 606 1233 672 nobis
1256 608 1346 692 juata

149 705 263 769 bonam
278 702 502 768 conscientiam
519 720 589 768 esse
603 701 751 769 idoneum
773 709 805 770 et
828 703 1018 770 rationabile
1032 722 1091 788 pro
1114 708 1343 792 exstirpatione

143 803 221 871 'mali
243 802 294 869 hic
323 805 355 868 in
377 822 475 886 regno
505 804 676 870 Bobemiae
705 811 738 871 et
760 825 818 888 pro
841 805 1033 887 purgatione
1054 807 1156 874 malae
1177 808 1299 875 lamae:
1319 810 1347 875 si

149 911 255 972 etitem
284 904 439 987 quispiam
466 905 591 970 modium
620 905 889 972 rationabiliorem
918 905 958 972 ad
985 906 1160 974 tollendum
1182 909 1347 992 praedicta

150 1006 326 1090 repererit,
360 1006 413 1072 ille
435 1007 643 1089 practicetur,
678 1013 711 1072 et
733 1025 791 1072 nos
824 1009 928 1090 parati
961 1025 1068 1074 sumus
1090 1009 1178 1075 illum
1200 1012 1346 1093 amplecti

152 1126 221 1174 cum
255 1107 429 1190 gratiarum
462 1107 595 1174 actione.
640 1107 835 1174 Admodum
868 1115 973 1175 autem
1006 1108 1253 1178 insufficientem
1290 1131 1346 1196 pro

152 1210 383 1292 exstirpatione
405 1209 478 1275 mali
501 1216 534 1275 et
555 1209 655 1274 malae
677 1207 777 1274 lamae
800 1208 932 1275 facultas
948 1210 1128 1293 theologica
1149 1218 1184 1278 et
1204 1213 1347 1294 magistri

151 1328 213 1376 non
236 1316 370 1393 possunt
392 1311 586 1389 consentire,
619 1327 660 1373 ne
682 1309 721 1373 D.
744 1310 829 1392 Rex,
853 1309 920 1376 bb.
944 1311 1087 1378 Ramnes
1110 1317 1244 1397 totaque
1267 1330 1347 1380 cem·

152 1413 289 1478 munitas
311 1412 402 1492 regni
424 1411 584 1492 magistris
609 1410 648 1476 de
670 1411 752 1476 malo
768 1428 924 1477 consensu
941 1417 975 1478 et
997 1413 1128 1480 consilio
1151 1414 1347 1498 inposterum

140 1514 355 1596 imputarent

255 1618 303 1677 ll.
326 1613 364 1678 lt.
387 1615 414 1678 si
436 1614 478 1679 Μ.
500 1613 590 1679 loan.
614 1611 682 1677 Hus
698 1631 768 1678 cum
790 1613 906 1679 ceteris
922 1614 989 1679 suis
1011 1609 1071 1680 boc
1091 1615 1198 1681 lacere
1214 1616 1348 1682 voluerit

154 1714 186 1779 in
219 1719 356 1795 quatuor
387 1713 530 1779 articulis
563 1713 673 1796 primis
707 1714 853 1796 superius
886 1716 1072 1797 nominatis,
1104 1718 1211 1798 parati
1244 1735 1349 1783 sumus

155 1814 276 1893 dicere,
310 1812 393 1879 sicut
413 1813 475 1897 ipsi
508 1820 635 1896 optant,
669 1812 850 1895 ubicunque
878 1814 977 1882 luerit
1002 1821 1234 1899 opportunum,
1268 1817 1349 1899 quod

155 1931 263 1980 sumus
285 1913 459 1980 concordes
481 1915 513 1980 in
536 1914 670 1979 materia
690 1910 773 1978 fidei.
802 1914 912 1995 Aliter,
936 1917 963 1981 si
986 1916 1065 1982 baec
1085 1918 1192 1983 lacere
1214 1918 1350 2000 denega·

154 2020 236 2095 rent,
258 2015 465 2081 mentiremur
486 2014 524 2078 ll.
547 2014 625 2095 Regi
648 2020 681 2078 et
703 2013 762 2078 toti
784 2014 910 2081 mundo.
943 2015 986 2083 Et
1008 2016 1151 2082 volumus
1173 2017 1272 2084 etium
1293 2037 1348 2103 pro

156 2117 202 2183 eis
224 2115 365 2180 scribere
387 2116 427 2180 ad
449 2112 592 2195 Cliniam,
616 2115 703 2180 salvo
726 2123 835 2183 nostro
859 2117 995 2198 bonore,
1030 2118 1122 2183 modo
1145 2134 1210 2201 quo
1231 2119 1349 2201 poteri·

155 2235 225 2281 mus
248 2214 380 2281 meliori.

257 2322 304 2384 12.
328 2319 366 2384 lt.
390 2336 428 2381 ex
461 2316 531 2381 istis
554 2315 698 2380 omnibus
722 2313 842 2393 evidet,
872 2314 956 2396 quod
985 2317 1018 2382 in
1040 2316 1131 2382 nobis
1160 2334 1225 2383 non
1247 2316 1351 2384 deficit

157 2419 238 2484 inire
262 2418 477 2497 concordiam,
505 2417 615 2482 sedin
638 2417 694 2496 eis,
718 2434 756 2480 ex
779 2433 841 2497 quo
863 2417 976 2481 nolunt
998 2416 1038 2483 acl
1060 2412 1137 2484 talia
1157 2418 1348 2484 consentire.

158 2520 297 2598 Quilibet
320 2520 403 2585 enim
425 2535 553 2600 compos
574 2516 707 2582 rationis
733 2517 913 2597 intelligere
936 2524 1044 2600 potest
1066 2537 1104 2584 ex
1127 2519 1188 2585 boc
1209 2519 1350 2598 consilio,

157 2620 241 2704 qtrod
274 2639 337 2686 non
370 2618 530 2703 propriam
561 2616 701 2699 laudern,
735 2636 794 2685 nec
825 2617 1004 2700 aliquorum
1028 2618 1263 2701 contusionem,
1296 2618 1350 2685 secl

158 2722 290 2804 gloriam
323 2720 390 2801 dei,
423 2720 576 2786 bonorem
598 2718 636 2783 D.
660 2719 756 2800 Regis
779 2723 812 2784 et
834 2719 883 2784 sui
917 2719 1008 2801 regni
1030 2719 1184 2784 vellemus
1216 2718 1351 2786 libenter

157 2841 347 2907 procuraro3
377 2822 450 2904 quria
472 2819 511 2886 ad
534 2820 639 2885 omnia
668 2820 884 2903 suprascripta
906 2837 964 2886 nos
986 2821 1073 2903 ipsos
1095 2820 1294 2903 subjicimus,
1319 2827 1350 2886 et

158 2924 261 3007 parati
282 2941 390 2988 sumus
412 2923 490 2988 haec
512 2919 622 2987 eadem
646 2920 751 2985 lacere
779 2919 965 2985 inchoando.
996 2921 1062 3002 Ipsi
1083 2929 1191 2988 autem
1209 2923 1349 2990 nolentes

159 3024 199 3093 ad
220 3024 283 3090 ista
310 3024 515 3107 particularia
550 3020 763 3101 descendere,
796 3021 889 3086 nimis
912 3021 1050 3088 reddunt
1071 3023 1105 3088 in
1125 3022 1262 3090 materia
1280 3019 1348 3088 fidei

161 3144 195 3190 se
219 3131 393 3208 suspectos.

732 3456 765 3523 F.

587 3677 687 3741 ldem
716 3675 929 3740 bohemica.

658 3901 856 3909 -—-—.-—-—-

385 3976 432 4044 (E
448 3981 509 4035 MS.
529 3981 665 4034 tabularii
687 3979 803 4032 (lisboa.
821 3978 856 4032 A.
876 3977 920 4041 16,
933 3979 986 4047 sol.
1004 3977 1056 4033 118
1072 3981 1135 4073 ες),

661 4119 857 4130 -————--

645 4267 738 4337 „Rada
755 4267 892 4322 mistruow
908 4265 995 4335 plsme
1012 4266 1131 4322 suatbbo
1148 4264 1256 4336 carly!

135 4456 138 4460 ⁴
262 4436 423 4520 Najprwe,
456 4438 516 4520 aby
538 4437 668 4503 wilelmi
695 4436 878 4504 dolrtoroue
904 4434 1104 4503 amistroue
1126 4431 1377 4523 obcuiePrul‘

165 4537 273 4619 skohe,
297 4536 425 4604 swolani
444 4538 534 4621 jsuce
555 4557 582 4603 u
605 4537 710 4604 duoie
733 4537 992 4620 arcibisknpone,
1008 4534 1094 4620 prwe
1116 4534 1221 4620 kaidy'
1241 4533 1380 4603 uolut·

165 4658 184 4705 a
205 4644 313 4740 potom
335 4637 436 4722 kaldy‘
458 4639 562 4720 mistr,
590 4638 670 4722 pied
691 4638 825 4706 knbzem
846 4637 1081 4721 arcibislrupcm
1101 4655 1121 4703 a
1142 4636 1224 4722 pied
1245 4633 1351 4704 utite-
