2992 5258
411 438 451 489 53.
476 452 481 467 ·’
488 433 588 489 Palatii
606 433 639 488 de
657 408 790 502 colloquio
809 452 869 488 cum
887 435 1051 491 adversariis
1069 437 1174 492 relatio.
1281 444 1342 505 509

143 638 275 719 gabitur
295 638 437 717 facultas,
460 639 543 703 etsi
566 637 628 703 erit
651 638 858 717 rationabilis,
883 640 983 719 ipsam
1006 640 1197 721 approbabit
1219 650 1252 707 et
1266 660 1341 706 con-

144 741 266 806 sentiet
293 740 333 805 00
361 739 504 803 eandem.
548 739 614 820 Ipsi
644 757 719 804 vcro
742 739 889 804 commoti
912 748 995 819 sunt,
1019 748 1053 804 et
1074 759 1131 806 nos
1153 744 1340 823 gravissime

143 840 405 917 inclamaverunt,
427 839 686 904 comminationes
701 839 863 918 facientes,
887 838 972 921 quod
986 840 1069 904 infra
1083 860 1138 905 sex
1154 842 1222 906 dies
1238 844 1341 910 adhuc

144 939 243 1004 debet
272 939 452 1004 redundare
482 941 514 1004 in
544 947 653 1005 nostra
682 941 794 1023 capita,
824 946 857 1004 et
884 940 967 1020 0000
998 941 1108 1009 001000
1130 941 1167 1006 Ι).
1190 944 1268 1023 Regi
1309 954 1342 1009 et

145 1041 293 1106 omuibus
308 1041 424 1117 dicere,
442 1039 526 1120 0000
548 1058 623 1120 pars
644 1039 779 1104 adversa
801 1039 866 1104 vult
890 1047 923 1103 et
944 1040 1053 1120 voluit,
1076 1061 1157 1122 quae
1173 1061 1231 1108 nos
1252 1054 1342 1126 opta-

145 1143 257 1223 vimus,
288 1141 469 1207 consentire
497 1150 530 1204 et
560 1141 664 1204 omnia
691 1140 806 1219 facere,
836 1149 870 1205 00
898 1158 956 1204 nos
977 1141 1134 1205 noluimus
1157 1154 1341 1226 acceptare,

149 1248 183 1307 et
205 1243 252 1308 sic
275 1261 346 1308 cum
367 1241 585 1321 indignatione
600 1260 714 1322 magua
729 1242 916 1305 stomachati
932 1250 1144 1308 recesserunt.
1177 1244 1249 1309 Jarn
1265 1263 1340 1310 vero

148 1343 368 1424 intelligimus,
399 1341 483 1423 quod
511 1342 650 1406 accusati
676 1359 783 1405 sumus
811 1360 917 1406 coram
947 1360 1022 1423 rege
1052 1350 1086 1408 et
1107 1362 1212 1409 coram
1234 1346 1342 1410 multis

146 1428 221 1509 aliis
242 1462 301 1526 per
322 1443 394 1508 illos
409 1442 579 1507 mendosos
594 1448 628 1506 et
643 1441 768 1522 iniquos
785 1448 983 1522 tractatores,
1007 1443 1091 1524 quod
1106 1462 1168 1509 uon
1184 1454 1342 1510 staremus

144 1544 177 1608 in
200 1544 260 1622 bis,
288 1543 328 1609 ad
355 1562 436 1624 quae
464 1560 523 1607 nos
551 1542 752 1606 submisimus
780 1543 839 1607 sub
861 1563 964 1624 poena
990 1549 1069 1608 1000
1085 1563 1192 1626 sesag.
1208 1554 1241 1612 et
1256 1548 1341 1612 exilii

145 1663 165 1708 a
192 1662 303 1725 regno.
347 1643 390 1708 Et
418 1661 481 1709 non
512 1649 562 1707 est
590 1660 708 1722 verum,
739 1644 813 1723 quia
833 1644 919 1708 illam
952 1644 1194 1710 submissionem
1216 1665 1344 1728 semper

145 1744 291 1816 fatemur,
323 1744 380 1809 sed
409 1745 450 1808 00
477 1744 594 1807 nullam
625 1745 916 1825 pronuntiationem
945 1763 1004 1809 nos
1026 1746 1237 1827 submisimus
1261 1748 1344 1812 sicut

145 1845 185 1910 de
215 1846 275 1910 hoc
303 1844 470 1909 referimus
501 1861 558 1908 nos
585 1844 625 1908 ad
652 1845 812 1909 notarium
839 1845 1035 1931 Michaelem.
1080 1848 1161 1913 Item
1194 1849 1343 1914 dixerunt

145 1965 252 2013 caram
279 1964 365 2027 rege,
396 1945 480 2026 qnod
502 1945 577 2010 Hus
597 1945 666 2008 vult
693 1963 728 2009 se
757 1945 798 2010 ad
827 1947 930 2011 omnia
958 1948 1147 2014 submittere
1177 1955 1210 2014 et
1232 1948 1340 2016 facere

146 2065 229 2129 quae
251 2047 347 2112 debet
369 2064 439 2111 curn
462 2045 542 2122 aliis,
565 2045 622 2135 scd
643 2046 685 2109 bl.
709 2046 885 2112 Stauislaus
907 2067 970 2112 uua
997 2067 1119 2113 mecum
1142 2051 1343 2116 concordiam

146 2147 319 2230 impedivit.
363 2146 507 2211 Videatis
536 2152 569 2210 et
592 2148 795 2228 conspiciatis
817 2148 871 2212 illa
886 2149 1039 2215 mendosa
1056 2151 1162 2230 verba,
1186 2151 1342 2232 quomodo

146 2248 256 2313 volunt
278 2248 383 2313 omnia
404 2248 519 2326 lacere,
536 2248 593 2312 scd
609 2249 649 2313 ad
665 2249 784 2312 nullum
800 2250 992 2330 particulare
1008 2251 1118 2316 volunt
1133 2251 1340 2332 descendere,

149 2368 206 2415 nec
239 2349 279 2414 de
306 2349 449 2413 articulis
472 2348 568 2430 XLV,
600 2369 659 2414 nec
689 2349 728 2414 de
755 2351 924 2415 sententiis
947 2350 1063 2416 Wiclef
1093 2353 1250 2432 erroneis,
1284 2372 1343 2419 nec

147 2450 185 2516 de
207 2451 279 2515 aliis
302 2450 333 2514 in
355 2451 500 2531 proximo
523 2451 656 2515 consilio
677 2450 770 2516 datis.
800 2451 848 2515 De
870 2453 932 2516 isto
949 2470 1024 2517 vero
1041 2453 1172 2518 consilio
1187 2454 1342 2536 plebanus

146 2552 185 2615 de
208 2552 338 2615 Verona
364 2551 397 2615 in
427 2551 519 2616 domo
551 2569 608 2617 sua
629 2553 836 2631 assecuravit,
859 2553 944 2634 quod
965 2554 1011 2617 ita
1033 2553 1129 2619 debet
1150 2556 1288 2620 transire
1310 2555 1343 2621 in

146 2660 213 2717 totu
244 2661 278 2717 et
304 2671 363 2734 per
392 2652 515 2730 omnia;
546 2659 579 2717 et
601 2659 714 2734 postea
739 2653 833 2718 uobis
856 2662 902 2717 4οἳ
923 2654 956 2717 in
980 2660 1119 2720 tractatu
1141 2655 1195 2722 illo
1216 2656 1274 2720 fer.
1299 2656 1342 2721 VI

146 2752 225 2819 dixit
245 2753 364 2817 ibidem
385 2753 459 2818 bina
489 2754 566 2832 vice,
589 2760 622 2819 et
644 2771 702 2818 nos
731 2754 890 2818 credimus
919 2755 1025 2819 verbis
1052 2757 1127 2820 suis.
1172 2757 1214 2821 Et
1236 2758 1281 2823 sic
1303 2757 1344 2821 ad

146 2853 393 2919 submittendum
416 2872 475 2936 pro
498 2854 623 2919 duobus
645 2856 873 2937 suprascriptis
894 2854 1009 2920 luimus
1032 2857 1185 2935 inclinati,
1209 2864 1242 2922 et
1264 2858 1342 2922 nibil

145 2955 257 3021 borum
280 2955 396 3019 factum
418 2961 485 3034 est;
513 2957 570 3020 sed
592 2956 816 3035 intelleximus,
839 2956 995 3036 quomodo
1018 2956 1150 3021 sabbato
1173 2957 1343 3022 voluerunt

145 3056 363 3137 pronuntiare,
393 3057 477 3138 quod
507 3075 565 3122 nos
596 3057 774 3121 diceremus
804 3066 838 3122 ct
865 3058 1009 3136 facultas,
1041 3057 1125 3138 quod
1152 3075 1211 3122 nos
1234 3076 1341 3121 snmus

145 3157 320 3222 concordes
349 3158 382 3222 iu
409 3159 494 3224 omni
521 3160 655 3224 materia
683 3159 847 3237 catholica,
878 3167 911 3224 ct
939 3158 1088 3237 secundo,
1117 3157 1200 3239 quod
1223 3159 1341 3222 scribe·

145 3276 251 3325 remus
284 3258 325 3323 ad
353 3256 498 3339 Curiam,
535 3260 621 3341 quod
655 3261 775 3325 nullum
810 3262 926 3325 scimus
958 3260 991 3323 in
1020 3259 1173 3324 Bolrornia
1205 3259 1342 3339 aliquem

145 3379 324 3439 erroneum,
346 3379 406 3426 nec
427 3361 541 3441 aliquis
564 3369 612 3426 est
635 3371 793 3443 repertus,
824 3362 862 3426 ln
877 3362 979 3443 primo
995 3360 1200 3425 mentiremur
1212 3360 1249 3423 D.
1262 3360 1341 3441 Regi

144 3470 177 3527 et
206 3461 268 3527 toti
298 3479 396 3542 reguo
419 3468 452 3526 et
473 3462 627 3527 malitiam
650 3462 735 3527 illam
759 3469 950 3543 tegeremus,
973 3479 1044 3526 curn
1067 3468 1171 3527 tamen
1194 3460 1340 3539 sciamus,

144 3564 229 3648 0000
260 3562 306 3629 ita
332 3581 396 3628 non
424 3571 482 3628 est.
526 3563 598 3628 Non
627 3565 712 3629 enim
744 3562 1233 3643 inboc,quodconcorda1nus,
1257 3562 1342 3645 0000

143 3667 205 3750 ipsi
227 3665 340 3730 volunt
361 3670 394 3729 et
416 3683 473 3730 nos
496 3672 582 3729 staro
598 3664 768 3730 sententiis
781 3665 868 3729 llam.
886 3663 1039 3730 ecclesiae
1055 3664 1088 3726 in
1103 3664 1187 3728 omni
1208 3663 1342 3727 materia

144 3766 309 3843 catholica,
326 3767 415 3847 cujus
427 3768 515 3831 Rom.
531 3767 685 3831 ecclesiae
702 3787 785 3848 papa
800 3773 850 3831 est
866 3773 961 3848 caput
982 3783 1020 3830 ac.
1044 3784 1082 3829 ex
1105 3766 1163 3829 boc
1185 3782 1293 3828 smnus
1309 3764 1341 3827 iu

143 3867 229 3934 ontni
267 3868 402 3932 materia
440 3867 595 3933 catholica
636 3868 819 3933 concordes.
863 3868 900 3932 ln
928 3867 1067 3932 secundo
1099 3866 1194 3930 etiam
1228 3865 1341 3930 monti·

143 3987 262 4047 remur,
285 3966 369 4049 quod
391 3968 511 4032 nullum
539 3968 665 4048 scimus,
689 3974 722 4032 et
745 3968 829 4048 quod
851 3968 955 4032 nullus
978 3973 1065 4032 osset
1086 3973 1243 4048 repertus,
1267 3966 1341 4045 quia

143 4071 250 4137 nullus
278 4069 443 4149 quaesivit,
474 4077 507 4133 et
536 4087 612 4146 crgo
641 4088 705 4132 non
727 4076 777 4133 est
799 4070 958 4133 inventus.
1002 4068 1242 4133 laboraverunt
1263 4084 1340 4145 ergo

143 4173 250 4237 lacere
265 4169 383 4251 pileum
395 4170 551 4241 lt'ithardi,
575 4171 633 4237 sub
656 4190 716 4251 000
733 4190 796 4235 000
812 4170 903 4248 viola,
920 4170 977 4234 sad
992 4178 1117 4234 stercus
1132 4168 1339 4251 reperiretur.

144 4272 266 4337 Volunt
287 4271 370 4334 enirn
393 4289 451 4352 pcr
473 4271 557 4335 illarn
580 4272 791 4336 universalem
813 4271 1057 4336 submissionem
1079 4282 1189 4351 tegere
1212 4286 1340 4334 errores

143 4381 176 4439 et
196 4371 336 4437 malitias
359 4390 477 4436 eorum.
521 4372 592 4436 Non
614 4373 752 4437 credatis
775 4390 851 4453 orgo
868 4373 922 4450 cis
947 4373 972 4435 si
989 4372 1078 4436 vobis
1094 4370 1156 4435 alia
1172 4370 1339 4450 referrent,

143 4480 176 4539 et
204 4471 352 4538 dominos
381 4474 541 4554 praelatos
574 4474 766 4551 inforrnetis3
796 4483 829 4537 ct
857 4473 884 4536 si
912 4471 1113 4549 vocaremini,
1136 4471 1275 4545 consulo,
1298 4470 1340 4535 ad

143 4574 265 4640 nullum
296 4580 465 4639 tractatum
495 4575 640 4651 venistis,
670 4575 745 4655 quia
770 4575 1020 4649 involvercruini‚
1054 4573 1137 4637 sicut
1170 4571 1339 4636 tendentes

143 4676 322 4743 tendiculas
347 4675 450 4755 nobis,
479 4694 538 4741 nos
568 4676 729 4741 involvere
758 4676 936 4742 voluerunt.
980 4674 1150 4739 llecedatis
1176 4674 1283 4754 potius
1306 4681 1341 4739 et
