2992 5258
152 400 191 460 10
407 475 411 482 .
609 392 747 460 Epistulae
768 393 883 460 scriptae

151 598 264 678 quibus
286 595 393 676 legitis
414 597 447 661 in
467 597 591 677 juribus
619 597 745 673 vestris,
768 595 867 677 quod,
897 597 951 676 qui
973 602 1081 678 potest
1111 597 1151 661 de
1173 616 1235 662 uno
1258 617 1340 663 com·

151 704 298 780 potenter
320 698 436 773 vivere,
466 715 529 761 non
551 703 658 778 potest
679 696 765 761 aliud
792 696 860 760 sine
883 701 1012 777 peccato
1034 698 1160 762 mortali
1189 699 1339 764 retinere.

250 798 317 863 Ista
338 797 463 863 debetis
485 797 517 861 iu
532 803 637 863 mente
661 797 835 874 revolvere,
859 815 921 863 uon
943 797 1120 879 proximum
1135 797 1341 864 haereticam.

151 898 209 964 Vel
232 899 259 963 si
274 899 400 964 sciretis
422 917 493 964 eum
516 916 586 963 esse
601 897 806 977 haereticum,
829 897 990 964 deberetis
1005 899 1176 963 secundum
1200 899 1340 980 regulam

150 999 295 1081 Apostoli
316 1000 418 1081 primo
441 1006 474 1065 et
495 998 634 1065 secundo
657 999 835 1079 admouere,
865 1006 900 1065 et
921 1001 947 1065 si
963 1014 1027 1064 uon
1042 1008 1172 1082 caperet
1193 1000 1339 1065 monitio-

152 1120 233 1180 nem,
256 1107 331 1166 tuuc
346 1107 504 1182 tamquam
527 1102 722 1167 haereticum
744 1100 896 1179 devitare,
920 1108 953 1167 et
975 1102 1164 1184 praesertim
1180 1119 1249 1167 cum
1272 1101 1342 1187 sitis

150 1201 302 1282 rungister
317 1207 349 1266 et
364 1201 484 1281 doctor,
507 1200 563 1284 qui
578 1201 723 1282 potestis,
746 1201 807 1266 imo
823 1200 947 1267 debetis
970 1200 1153 1267 cathedram
1175 1201 1340 1283 magistra·

150 1302 211 1366 lem
233 1301 360 1384 publice
383 1320 440 1384 pro
463 1302 598 1368 veritate
620 1301 739 1367 tuenda
761 1301 943 1367 ascendere.

250 1401 338 1467 Haec
360 1402 464 1468 scribo
480 1403 579 1482 vobis,
601 1400 758 1467 monendo
773 1419 829 1467 vos
844 1399 985 1468 fraterne
1006 1400 1179 1468 secuudum
1200 1402 1342 1483 regulam

150 1501 278 1582 Christi,
301 1520 382 1583 quae
403 1502 493 1569 dicit:
516 1502 549 1568 Si
573 1504 754 1585 peccaverit
775 1502 874 1567 frater
896 1508 969 1567 tuus
991 1502 1024 1567 in
1039 1510 1094 1585 te,
1124 1504 1249 1586 corripe
1272 1520 1343 1567 eum

150 1603 234 1666 inter
256 1608 289 1667 te
311 1608 345 1668 et
365 1604 478 1685 ipsum.
500 1604 596 1685 Ergo,
618 1603 726 1682 frater,
749 1603 893 1686 accipite,
916 1609 950 1670 et
971 1604 998 1669 si
1014 1602 1121 1669 deme
1143 1605 1220 1669 estis
1235 1604 1344 1668 taliter

149 1703 307 1795 loquutus,
332 1704 534 1786 respondete,
557 1710 591 1770 et
602 1703 675 1769 dum
697 1702 920 1786 probaveritis,
950 1703 1035 1786 quod
1060 1722 1130 1769 sum
1152 1705 1343 1778 haereticus,

150 1802 343 1868 emendabor
364 1804 536 1885 humiliter,
564 1813 597 1871 et
619 1824 675 1870 vos
703 1805 868 1886 accipietis
889 1805 1081 1888 praemium,
1114 1804 1271 1870 hominem
1293 1823 1343 1868 re·

149 1904 292 1970 ducendo
321 1906 361 1969 ab
390 1923 510 1970 errore.
563 1905 663 1987 Spero
692 1911 796 1971 tamen
824 1906 863 1971 de
900 1905 1127 1987 omnipotentis
1149 1905 1201 1972 dei
1229 1905 1342 1986 gratia,

151 2003 236 2085 quod
258 2010 376 2069 tantem
399 2003 493 2070 fidem
515 2011 610 2070 teneo
631 2005 709 2070 Jesu
733 2006 852 2071 Christi
876 2006 1003 2085 domini,
1026 2012 1174 2087 quantum
1203 2025 1275 2084 vos,
1309 2013 1342 2070 et

152 2110 215 2169 tam
238 2105 329 2183 benc,
353 2113 483 2185 paratus
506 2124 565 2187 pro
587 2125 625 2170 ea
647 2106 680 2169 in
702 2124 759 2189 spe
782 2106 943 2172 humiliter
965 2114 1098 2172 mortem
1119 2108 1194 2189 pati.

221 2206 800 2290 'mammmmmom

650 2395 847 2402 ——u—

731 2568 767 2641 ὅ.

531 2759 960 2843 Lunensibus

152 2973 269 3025 Laudat
287 2990 381 3025 eorum
398 2974 462 3034 poet
480 2974 678 3034 constantiam,
702 2991 825 3026 amorem
843 2974 887 3027 dei
912 2983 936 3026 et
960 2974 1145 3032 concordiam,
1167 2973 1346 3040 hortaturque

153 3074 205 3118 eos,
224 3067 253 3109 ut
266 3060 295 3109 in
306 3067 400 3110 medae
413 3074 507 3110 amore
525 3067 550 3110 et
568 3058 718 3110 eoncordia
728 3066 944 3127 perseverantes,
957 3058 1047 3124 inopis
1059 3058 1180 3124 injurias
1192 3057 1242 3110 deo
1262 3072 1343 3124 quon

176 3143 230 3193 sihi
249 3142 345 3196 illatus
362 3144 457 3196 ulcisci
473 3142 612 3203 stradeant,
630 3160 790 3213 semperque
807 3145 881 3196 uitae
898 3152 1028 3196 aeternae
1045 3143 1183 3194 rationem
1201 3142 1328 3194 habeant.

677 3312 725 3373 (cc.
745 3309 828 3376 1410.)

252 3495 406 3576 Magister
420 3495 562 3560 Joaunes
574 3497 644 3560 Hus
659 3512 771 3559 servus
786 3494 837 3560 dei
853 3494 1011 3576 indiguus,
1034 3492 1187 3572 fidelibus,
1204 3495 1257 3575 qui
1272 3504 1346 3559 suut

153 3596 261 3661 limae
283 3596 414 3674 civibus,
437 3597 540 3676 gratia
563 3602 597 3661 et
618 3616 679 3677 pax
702 3595 820 3661 domiui
842 3595 943 3661 nostri
965 3596 1043 3661 Jesu
1066 3593 1193 3661 Christi.

251 3697 342 3763 Licet
362 3716 428 3777 vos,
452 3697 617 3776 carissimi,
640 3698 718 3762 meis
744 3697 844 3762 oculis
867 3698 1007 3762 externis
1030 3714 1093 3761 non
1113 3695 1256 3769 viderim,
1290 3695 1346 3760 sed

152 3799 298 3877 internis,
331 3798 371 3863 de
394 3806 501 3864 vestra
523 3806 628 3863 tamen
650 3799 808 3864 constanti
839 3796 901 3863 fide
930 3806 963 3863 et
985 3798 1119 3863 cantate
1147 3815 1227 3878 erga
1252 3796 1345 3862 deum

153 3918 190 3965 ac
205 3899 273 3980 ejus
289 3899 486 3981 evangelium
501 3898 604 3979 audio,
627 3899 787 3980 quomodo
803 3899 873 3980 ipse
888 3898 1026 3965 salvator
1041 3917 1096 3963 vos
1115 3899 1147 3964 iu
1162 3896 1234 3975 fide,
1258 3914 1345 3978 pace,

154 4000 287 4065 caritate
317 4007 350 4066 et
375 3999 538 4066 auditione
567 4000 656 4065 verbi
686 4000 738 4066 dei
770 3999 924 4079 univerit,
952 4000 997 4065 ita
1019 3998 1104 4080 quod
1136 4002 1244 4062 vestra
1273 4015 1346 4062 con·

155 4100 265 4165 cordia
287 4107 321 4166 et
332 4099 521 4165 unanimitas
543 4110 672 4184 praeter
692 4118 801 4167 omues
822 4101 901 4167 alias
914 4101 1058 4166 civitates
1074 4100 1164 4180 regui
1176 4099 1346 4164 Bohcmiae

154 4201 186 4265 in
209 4199 287 4266 meis
310 4200 484 4267 visceribus
506 4203 672 4268 recondita
693 4209 751 4268 est.
800 4201 951 4267 Obtestor
973 4201 1071 4282 igitur
1093 4217 1159 4280 vos,
1182 4199 1345 4265 carissimi.

154 4302 230 4367 licet
251 4300 339 4365 vobis
362 4300 467 4366 muron
490 4304 570 4367 facie
593 4304 729 4383 ignotus,
754 4319 862 4365 vorum
884 4300 986 4366 fidelis
1009 4302 1040 4366 iu
1067 4302 1126 4367 deo
1149 4301 1189 4367 ad
1207 4306 1345 4364 vestram

156 4402 300 4480 salutem,
323 4401 445 4483 diligite
468 4422 523 4468 vos
545 4403 689 4482 invicem,
719 4408 803 4468 state
825 4402 857 4465 in
880 4402 1017 4481 unitate,
1051 4410 1084 4468 et
1113 4419 1153 4465 ne
1183 4401 1346 4485 patiamini

155 4520 211 4567 vos
234 4502 296 4567 ullo
319 4502 412 4568 modo
434 4502 518 4569 inter
540 4520 596 4568 vos
608 4503 695 4586 ipsos
717 4503 869 4584 separari.
890 4501 970 4566 h'am
991 4503 1047 4567 iha
1065 4503 1179 4581 unitas,
1202 4508 1346 4582 quaeest

154 4620 213 4694 per
234 4620 341 4668 veram
362 4601 473 4683 fidem,
503 4603 563 4669 deo
587 4602 698 4669 salvos·
712 4602 853 4669 servabit
882 4621 947 4668 vos.
992 4602 1079 4669 Deus
1106 4601 1244 4668 vicissim
1273 4620 1345 4684 pro·
