2992 5258
159 364 220 424 634
409 358 612 411 Controversiue
627 356 664 411 de
681 358 811 425 religione
828 359 856 410 in
874 358 1018 412 Bolremia:
1037 361 1109 413 1416.

159 562 348 642 consentire,
382 558 611 642 audientesque
633 567 775 626 nestram
796 560 881 626 inter
903 579 938 626 se
960 561 1161 641 discordiam,
1189 570 1225 629 ut
1248 569 1345 629 certa·

158 663 213 727 tim
228 680 286 729 nos
301 662 361 745 ipsi
383 680 440 726 nos
464 663 551 744 ipses
573 661 669 726 verbe
686 662 813 727 etfecto
836 660 1072 728 confundimus!
1100 681 1139 728 ex
1155 664 1272 745 quibus
1285 685 1345 733 ma-

157 763 271 827 nifcste
282 768 427 828 nestrum
442 762 580 827 omnium
596 762 791 827 sententiant
813 762 1071 844 destructionem,
1095 783 1165 829 cum
1181 766 1268 834 dicat
1288 770 1346 835 sal·

157 869 248 930 vater
269 872 392 929 noster:
417 864 516 930 Omne
532 882 664 945 regnum
686 864 718 929 in
740 881 776 927 se
798 861 932 928 divisum
954 864 1157 932 desolabitur.
1187 867 1278 945 Haec
1297 878 1344 937 cst

156 974 267 1033 nostra
280 965 416 1031 invicem
431 984 545 1047 pugna,
568 983 629 1030 nen
646 964 773 1030 aliunde
788 966 850 1030 nisi
871 985 890 1031 a
911 983 1046 1055 nequam
1060 966 1197 1048 diabolo,
1222 970 1277 1050 qui
1292 988 1346 1053 per

157 1068 250 1153 plura
273 1068 480 1135 tentaminum
509 1086 638 1148 genera,
667 1086 726 1151 per
748 1067 915 1133 citationes
937 1074 971 1133 et
999 1069 1346 1153 excommunicationes,

156 1169 325 1235 interdicta
340 1173 372 1234 et
394 1167 662 1234 haereticationes
684 1185 747 1232 non
770 1172 897 1250 peterat
918 1187 1053 1247 cuneum
1067 1176 1198 1249 nostrae
1214 1188 1343 1253 congre

155 1271 292 1354 gationis
314 1269 464 1351 dividere,
490 1268 755 1351 superseminavit
776 1269 898 1343 zizania
919 1270 1035 1350 tritico,
1058 1270 1174 1335 evulsit
1196 1268 1344 1351 quosdam

155 1392 174 1439 a
195 1371 344 1447 concordi
366 1387 522 1437 consensu
543 1371 686 1449 fratrum,
718 1370 1000 1455 contradicereque
1021 1371 1099 1437 fecit
1124 1370 1345 1453 magistrorum

156 1472 518 1554 sententiisetscriptis,
541 1472 682 1554 quamvis
706 1471 804 1551 verie;
827 1471 1016 1555 etquidem,
1038 1471 1222 1557 prohdolor,
1246 1471 1343 1537 selum

154 1575 256 1645 zelum
272 1574 425 1639 habentes
442 1579 473 1639 et
496 1591 559 1638 nen
572 1572 746 1638 secundum
768 1571 943 1652 scientiam,
965 1571 1103 1647 dimissis
1122 1572 1344 1654 magistrorum

155 1673 340 1758 saepissime
362 1673 515 1740 fraternis
538 1673 676 1753 monitis,
700 1682 876 1754 sequuntur
902 1690 993 1739 suum
1026 1673 1191 1758 proprium
1220 1690 1343 1738 sensum

155 1780 187 1841 et
209 1773 375 1857 utriusque
402 1792 497 1840 sexus
512 1774 655 1839 homines
669 1772 824 1853 indoctos
847 1772 900 1854 qui
921 1772 981 1837 sub
1002 1772 1110 1855 specie
1125 1772 1256 1854 pietatis
1279 1790 1342 1839 see

153 1875 283 1958 pissime
304 1876 472 1941 vulnerant
493 1875 664 1954 multorum
686 1872 782 1939 corda
804 1873 1016 1948 innocentum,
1049 1873 1103 1954 qui
1118 1871 1256 1951 suadent
1272 1892 1340 1957 pnr-

153 1976 309 2059 gaterium
332 1993 394 2041 non
416 1993 497 2055 esse,
519 1992 577 2057 pro
600 1974 757 2041 defunctis
780 1992 842 2039 non
865 1991 968 2053 orere,
991 1971 1142 2055 suffragia
1163 1980 1340 2040 sanctorum

153 2095 216 2142 nen
238 2076 415 2155 advertere,
439 2076 530 2140 Salve
553 2076 665 2155 regina
686 2093 749 2140 non
772 2079 910 2151 cantare,
927 2073 1078 2156 reliquias
1100 2080 1284 2141 sanctorum
1298 2075 1338 2139 in·

152 2184 256 2245 certas
278 2177 477 2258 sterquilinio
507 2176 673 2259 projicere,
702 2177 855 2257 imagines
878 2175 1014 2259 denique
1037 2192 1146 2241 corum
1167 2173 1236 2257 igni
1263 2193 1338 2240 com·

153 2278 281 2355 burere,
301 2277 443 2343 nullasve
467 2275 655 2341 cerimonias
678 2281 711 2341 et
733 2275 967 2341 ecclesiasticos
989 2275 1070 2339 ritus
1092 2272 1277 2340 humanitus
1298 2277 1337 2340 in·

153 2386 264 2445 ventes
282 2394 402 2455 curare,
419 2376 476 2441 sed
490 2377 597 2458 potius
612 2377 645 2441 in
662 2376 783 2442 eunetis
799 2376 953 2445 eeclesiae
966 2374 1147 2465 primitivae
1171 2375 1286 2447 ritibus
1307 2394 1336 2441 se

152 2478 357 2543 conformare.
384 2477 474 2541 Nunc
497 2476 537 2541 de
559 2482 592 2541 te
615 2476 742 2557 publiea
762 2493 823 2540 vox
845 2481 878 2541 et
900 2473 981 2541 lama
1001 2474 1131 2540 auribus
1160 2477 1281 2541 nostris
1306 2494 1336 2541 ac

152 2598 210 2660 per
232 2583 329 2643 totam
351 2579 485 2658 Pragam
506 2577 568 2641 imo
591 2596 649 2659 per
670 2595 801 2658 regnum
822 2575 992 2642 Behemiae
1014 2576 1165 2655 insenuit,
1187 2576 1337 2658 quemodo

151 2685 331 2744 sanctorum
346 2679 498 2759 imagines
514 2677 750 2759 praedicatione
766 2685 821 2742 tua
835 2677 973 2758 turpiter
988 2676 1029 2740 ab
1050 2675 1184 2741 eeclesia
1206 2676 1340 2758 eieceris

152 2780 350 2860 qualiterque
372 2778 554 2856 infantulos,
584 2778 637 2859 qni
659 2795 720 2869 nee
739 2777 898 2857 deglutire
921 2776 1036 2857 valent,
1069 2795 1128 2842 nec
1142 2777 1258 2856 sciunt,
1287 2777 1338 2843 sub

152 2886 285 2960 utraque
308 2880 414 2960 specie
436 2878 627 2943 sacramenti
657 2876 767 2942 alteris
791 2878 1010 2956 eommunices,
1034 2895 1207 2959 omnesque
1228 2885 1263 2944 et
1284 2878 1338 2943 sin

154 2982 246 3061 gulos
268 2981 349 3045 ritus
363 2978 597 3055 ecclesiasticos
619 2995 729 3053 sacrae
751 2977 930 3063 scripturae
951 2980 1205 3055 nonnontrarios
1220 2999 1338 3065 parum·

151 3082 275 3164 pendis,
299 3099 427 3165 necpcr
449 3087 481 3145 tc
494 3098 552 3145 uec
574 3098 633 3162 per
654 3078 750 3145 alium
771 3078 947 3161 adimplere
969 3078 1139 3160 penpittis.
1162 3078 1339 3146 Odoctn'na

155 3183 274 3262 insana,
297 3181 636 3259 edoctrineeinsania,
660 3179 688 3245 si
699 3181 745 3244 ita
755 3181 834 3245 hece
849 3197 884 3244 se
895 3179 1022 3259 habent,
1045 3179 1220 3259 addicitur,
1237 3178 1338 3262 quanti

153 3302 211 3364 per
234 3290 265 3347 te
287 3281 549 3358 scandalisentur,
573 3281 683 3360 quanti
704 3299 724 3344 e
742 3288 774 3344 te
797 3299 889 3345 surum
910 3280 1077 3346 retrahunt
1096 3282 1254 3349 mnercml
1267 3281 1341 3349 tao

151 3384 233 3447 enim
255 3401 355 3463 peuce
376 3387 528 3465 tempera,
552 3380 626 3445 dum
649 3378 814 3455 Corandae
836 3398 951 3455 nemen
972 3379 1032 3455 fuit
1055 3379 1210 3460 auditum,
1239 3398 1339 3446 omnes

151 3484 322 3548 formabant
345 3499 515 3562 omnesque
538 3478 721 3560 affluebant,
743 3481 895 3545 mirantes
918 3481 1016 3545 verba
1037 3487 1071 3545 et
1092 3480 1339 3562 hujusconstan·

152 3586 226 3648 tiam
248 3589 343 3663 atque
367 3581 511 3646 veritatis
527 3581 707 3645 zelatorem.
730 3579 793 3645 Sed
817 3599 899 3645 nunc
921 3598 1014 3646 versa
1035 3586 1085 3644 cst
1100 3581 1224 3647 cithera
1243 3579 1342 3663 gaudii

151 3685 332 3763 inlectam,
360 3688 498 3747 mutatus
527 3688 577 3746 est
604 3681 695 3745 color
717 3681 854 3762 optimus
877 3682 978 3746 bonae
1000 3680 1100 3745 famae
1122 3681 1155 3745 in
1178 3681 1338 3757 infamiam,

150 3791 183 3849 ot
199 3785 251 3866 qui
274 3783 431 3865 quondam
452 3783 628 3847 famabatur
650 3781 839 3863 praecipuus
862 3783 942 3863 legis
965 3782 1098 3861 zelator,
1118 3781 1184 3862 jam
1206 3782 1338 3864 ejusdem

150 3886 266 3950 dicitur
298 3885 473 3967 phantasiis
513 3884 683 3965 impeditor
714 3883 913 3964 praecipuus
937 3884 1140 3965 Quapropter
1166 3884 1266 3949 frater
1290 3901 1334 3947 cu·

151 3986 289 4050 nissimel
313 4004 375 4049 nen
392 3994 425 4050 te
441 3985 519 4049 haec
542 3990 675 4065 gravent
696 4002 767 4049 mea
790 3985 918 4066 scripta,
941 4001 1004 4049 non
1027 3990 1060 4048 te
1081 3984 1114 4047 in
1137 3984 1237 4049 verba
1246 3982 1334 4048 male·

149 4086 295 4151 dictionis
311 4086 473 4163 seducant,
490 4103 584 4167 spero
601 4105 640 4149 ex
655 4086 787 4150 caritate
811 4085 933 4167 scripsi,
951 4085 1091 4165 quamvis
1108 4088 1141 4148 et
1156 4103 1206 4150 me
1219 4084 1331 4166 justum

151 4205 222 4250 csse
237 4187 270 4250 in
287 4193 458 4268 conspectu
475 4185 590 4250 domini
614 4204 677 4250 non
699 4184 887 4267 prenuntio;
911 4184 1023 4249 vellem
1035 4189 1150 4263 tamen,
1177 4184 1336 4266 dequantc

149 4304 285 4366 possum,
316 4294 352 4351 ut
378 4286 431 4350 len
457 4286 509 4351 dei
531 4285 664 4351 haberet
686 4302 897 4367 progressum.
921 4284 999 4349 Nam
1028 4284 1103 4363 scio,
1134 4284 1221 4365 quod
1242 4275 1337 4351 nostri

149 4385 275 4466 quidam
301 4386 445 4452 veritatis
473 4386 673 4466 evangelicae
703 4404 808 4453 coram
836 4384 978 4468 principe
1006 4384 1113 4453 seduli
1144 4389 1338 4467 promotores

150 4484 241 4550 valde
262 4503 300 4550 en
322 4484 371 4549 his
393 4484 540 4567 superius
562 4483 691 4564 scriptis
713 4491 788 4550 sunt
810 4483 935 4566 dejecti,
961 4483 1106 4553 diceutes
1133 4504 1193 4567 per
1214 4485 1338 4569 amplius

152 4581 235 4657 nolle
258 4600 293 4648 se
314 4590 447 4669 prepter
469 4603 526 4650 nes
549 4584 721 4663 involvere,
755 4583 811 4650 sed
834 4601 905 4651 esse
929 4591 964 4650 ut
986 4586 1084 4651 ceteri
1111 4586 1267 4669 inquiete
1280 4583 1337 4652 ani·
