2992 5258
151 393 213 456 506
393 388 554 450 Conticuere
561 389 604 443 iae
621 386 655 443 de
672 389 847 487 religionem
864 388 999 443 Bobenia¹
1019 391 1092 444 1413.

725 653 783 727 52.

150 878 368 983 Albertus,
398 877 695 964 Oracoviensis
723 883 968 990 episcopua,
997 878 1339 991 Wenceslaopa-

152 1014 361 1096 triarchae
381 1010 655 1097 Antiocheno
674 1014 838 1119 Scribit,
867 1015 1083 1124 quomodo
1108 1014 1163 1098 M.
1192 1014 1339 1101 Hiero·

212 1178 366 1258 nynrus
393 1147 623 1261 Pragensis
650 1151 694 1231 in
726 1151 841 1232 curia
866 1152 980 1263 regis
1011 1149 1218 1234 Poloniae
1245 1181 1289 1234 se
1336 1142 1338 1146 Α

655 1286 848 1394 gesserit.

565 1532 718 1599 cracoviae,
738 1531 812 1597 1413,
832 1535 848 1585 2
865 1534 930 1601 Apr.

650 1739 848 1751 ..o——

351 1834 394 1896 (E
411 1833 471 1886 MS.
491 1836 633 1887 uniuenit.
659 1833 822 1888 Wrarielav.
840 1834 866 1896 Ι,
887 1833 918 1898 Q.
936 1831 1001 1897 372,
1014 1835 1068 1904 sol.
1088 1833 1147 1901 78.)

517 2136 608 2204 ,Dom
632 2137 676 2188 W.
696 2136 870 2191 Patriarcbae
887 2138 940 2190 ista
957 2144 1000 2190 eat
1016 2137 1095 2193 litera
1117 2137 1248 2193 directas*

250 2306 354 2369 Revme
376 2313 468 2387 pater
486 2312 519 2369 et
533 2304 657 2370 domine
670 2306 855 2386 praecipuel
871 2305 1084 2388 Hieronymus
1100 2306 1140 2372 de
1156 2308 1339 2374 Prachatica

151 2407 232 2489 (sic),
245 2408 298 2489 qui
311 2407 372 2471 huc
386 2414 526 2482 vocatus,
550 2411 585 2469 ut
597 2405 664 2485 ipse
680 2405 794 2487 ajebat,
817 2424 876 2487 per
891 2414 1003 2470 ser¹¹¹¹¹¹¹²
1025 2407 1187 2472 dominum
1203 2416 1341 2474 nostrum

150 2525 258 2588 regern
280 2514 314 2572 et
336 2506 468 2572 fratrem
491 2507 561 2587 ejus
585 2505 696 2570 ducem
714 2504 884 2570 Witoldum
909 2504 1047 2588 (dequo
1070 2513 1176 2573 tamen
1199 2510 1271 2591 ipse
1293 2527 1344 2574 rer

148 2608 220 2691 pius
243 2615 276 2673 et
297 2608 430 2672 devotus
452 2606 650 2686 ignorabat),
674 2607 762 2671 venit
784 2605 845 2670 huc
868 2608 1094 2687 personaliter,
1118 2616 1151 2674 et
1173 2610 1277 2692 prima
1297 2610 1344 2676 dic

150 2711 301 2776 barbatus
323 2710 486 2791 apparuit,
511 2707 649 2772 secunda
671 2725 745 2772 vero
769 2707 919 2772 imberbis
942 2708 1097 2789 stolatus,
1121 2711 1230 2776 tunica
1252 2710 1345 2777 rubea

149 2819 182 2876 ct
211 2811 338 2893 caputio
367 2810 527 2889 foderato,
558 2809 694 2892 pellibus
723 2809 853 2890 griseia,
887 2828 922 2874 se
954 2809 1126 2891 gloriosum
1158 2813 1344 2878 ostendebat

149 2930 254 2976 coram
277 2912 346 2993 ipso
370 2929 464 2991 rege,
491 2910 616 2990 regina,
640 2909 833 2992 principum,
857 2911 1010 2975 baronum
1031 2930 1068 2976 ac
1091 2929 1262 2993 procerum
1282 2913 1345 2978 tre·

150 3012 288 3094 quentia.
322 3012 381 3089 Qui
405 3020 524 3090 tamen,
548 3010 622 3074 licet
644 3010 694 3075 hic
717 3012 825 3092 paucis
848 3010 959 3075 diebus
982 3017 1180 3091 moreretur,
1210 3015 1342 3096 majores

149 3114 309 3179 tamenin
333 3113 417 3177 clero
444 3118 477 3177 et
499 3111 615 3193 populo
638 3111 714 3176 fecit
740 3113 981 3190 commotiones,
1015 3132 1108 3194 quam
1132 3112 1224 3178 fuere
1247 3114 1344 3179 acue

148 3234 167 3278 a
189 3213 339 3278 memoria
361 3214 521 3277 hominum
543 3213 575 3276 in
591 3212 708 3277 diocesi
731 3214 801 3277 ista.
828 3213 870 3277 Et
892 3213 1018 3279 tandem
1041 3215 1128 3280 venit
1150 3214 1190 3280 ad
1215 3232 1343 3281 eramen

148 3334 253 3379 coram
289 3314 380 3377 nobis
417 3313 477 3377 loci
508 3312 679 3389 ordinario,
714 3313 885 3378 assistente
919 3315 1012 3379 etiam
1046 3314 1231 3395 provinciae
1253 3315 1343 3396 hujus

150 3414 411 3495 metropolitano,
445 3429 504 3477 nec
536 3431 599 3477 non
633 3419 665 3478 et
697 3413 783 3478 sedis
815 3414 1009 3493 apostolicae
1030 3415 1143 3479 nuntio
1167 3414 1342 3482 reverendo

149 3522 241 3597 patre
266 3514 303 3578 Ι).
327 3513 491 3578 Bernardo
508 3515 657 3595 episcopo
672 3512 818 3578 Civitatis
841 3513 981 3594 Castelli,
1008 3515 1060 3579 ubi
1083 3523 1154 3581 erut
1170 3516 1346 3598 frequentia

151 3615 316 3680 doctorum
340 3613 557 3693 decretorum,
585 3616 808 3695 magistrorum
840 3632 950 3679 sacrae
973 3615 1154 3697 theologiae
1178 3625 1212 3682 ct
1233 3618 1344 3683 artium

31 3749 34 3753 ·
150 3716 330 3782 liberalium
364 3715 602 3795 magistrorum
630 3713 738 3795 sicque
760 3714 891 3779 fuorunt
913 3717 1019 3781 variae
1042 3724 1075 3779 et
1097 3717 1216 3782 multae
1239 3718 1343 3800 dispu-

150 3819 295 3882 tationes.
319 3816 360 3880 Et
383 3815 509 3879 tandem
533 3832 631 3896 super
653 3815 715 3879 illis
738 3817 881 3880 articulis
897 3816 1037 3882 damnati
1059 3814 1107 3880 W.
1130 3818 1344 3901 interrogatus

150 3937 208 4001 per
230 3934 306 3994 nos,
341 3915 558 3997 respondebat
579 3915 619 3980 ad
652 3917 794 3998 singulos
820 3918 981 3997 negative,
1005 3919 1093 3999 ipsos
1115 3920 1293 3986 execrando
1314 3925 1344 3983 et

149 4019 243 4083 tillem
266 4016 452 4082 catholicam
474 4017 506 4080 in
529 4017 674 4081 omnibus
697 4016 885 4082 confitendo.
909 4019 1073 4082 Postremo
1097 4036 1174 4084 vero
1196 4019 1342 4085 remissus

150 4128 199 4184 cst
220 4119 260 4184 ad
283 4119 386 4182 locum
410 4135 500 4181 sunm
523 4119 672 4191 nativum,
706 4125 740 4183 ut
762 4119 806 4182 ibi
831 4124 1020 4200 operaretur
1042 4124 1075 4184 et
1097 4119 1261 4185 laboraret
1283 4127 1341 4184 ter·

150 4238 217 4283 ram
239 4219 272 4281 in
294 4218 400 4298 patria
422 4219 558 4299 propria,
583 4220 656 4300 quia
677 4224 765 4284 terra
788 4228 898 4284 nostra
919 4220 959 4284 ad
982 4237 1091 4284 semen
1113 4237 1207 4285 suurn
1221 4219 1341 4287 videtur

151 4337 222 4384 esse
244 4317 333 4384 arida
355 4318 543 4399 capiendum
573 4328 605 4384 et
633 4320 770 4384 fructum
800 4321 1010 4399 afferendum,
1045 4338 1082 4384 eo
1105 4320 1192 4401 quod
1214 4322 1341 4403 simplex

150 4419 308 4500 plebicula
340 4421 419 4484 tanti
454 4421 633 4501 philosophi
673 4420 821 4500 dogmata
853 4421 1124 4503 comprehendere
1157 4440 1222 4487 non
1253 4422 1340 4493 valet

151 4530 183 4584 et
205 4521 302 4585 multo
325 4521 428 4585 minus
455 4528 562 4586 terrae
585 4523 791 4586 Lituanoruru
814 4528 846 4587 et
862 4523 988 4587 Rosiae.
1010 4520 1096 4603 Ergo
1118 4523 1255 4605 accipite
1276 4538 1341 4586 eum

150 4637 205 4684 ros
234 4628 268 4686 et
296 4621 402 4688 ducite
424 4631 525 4687 caute.
569 4622 741 4687 Praeterea
772 4632 872 4686 ser¹¹¹¹¹⁸
907 4622 992 4703 (rex)
1015 4631 1050 4689 et
1070 4622 1218 4689 dominus
1238 4627 1341 4689 noctu
