2992 5258
398 398 748 497 emmeramum
765 427 893 482 maora.
926 426 1086 481 saecat
1285 428 1343 491 105

149 629 330 708 confiterer,
345 648 455 696 ornnes
476 630 627 696 articulos
649 647 722 696 esse
737 631 875 713 scriptos
896 632 930 696 in
951 630 1139 697 tractatulis.
1163 629 1246 696 Male
1267 629 1342 697 feci·

149 731 224 811 stis,
248 731 333 813 quod
361 733 592 818 praesentastis
621 730 826 797 tractatulnm
855 738 967 797 contra
1000 731 1158 798 occultum
1194 729 1343 796 adversa·

148 830 240 911 rium,
255 849 326 896 cum
349 837 488 896 tractatu
510 830 550 896 de
563 831 721 912 Ecclesia3
740 832 818 897 nihil
841 832 1065 914 praesentetis,
1088 831 1149 896 nisi
1171 836 1341 896 tractatum

147 930 466 998 contrastanislaum
488 938 522 997 et
543 940 655 998 contra
676 932 796 998 Paleca.
819 931 908 998 Bone
929 932 1046 999 iactum
1068 938 1126 1012 est,
1149 931 1233 1012 quod
1257 930 1342 1014 priu-

148 1034 234 1115 cipes
256 1032 515 1115 postulavemnt,
547 1032 631 1113 quod
653 1034 732 1115 ipsis
764 1034 846 1099 liber
872 1052 961 1100 meus
997 1034 1240 1111 restitueretar3
1272 1052 1344 1098 nam

150 1132 246 1215 aliqui
268 1132 447 1198 clamabant
471 1132 713 1211 „comburatur”
737 1139 770 1199 et
791 1134 981 1216 praesertim
1001 1133 1137 1199 Michael
1159 1132 1199 1199 de
1222 1133 1343 1214 Causis,

150 1250 242 1316 quem
265 1231 381 1300 audivi.
404 1233 474 1298 Non
497 1233 705 1315 consideravi,
728 1234 812 1316 quod
835 1235 985 1301 haberem
1007 1234 1040 1299 in
1055 1239 1124 1300 tota
1141 1233 1344 1299 multitudino

148 1333 225 1401 oleri
247 1332 392 1414 amioum,
416 1341 545 1416 praeter
565 1336 691 1400 Patrem
714 1344 748 1402 et
768 1354 866 1401 unum
888 1337 1051 1401 doctorem
1066 1335 1228 1415 Polonnm,
1251 1352 1344 1416 quem

149 1454 254 1503 nosco.
299 1436 473 1525 llpiscopo¹
488 1435 723 1517 Lutomysleasi
758 1436 952 1517 regratiatus
988 1453 1057 1501 sum
1086 1437 1125 1502 de
1161 1436 1245 1501 bona
1271 1452 1346 1517 pro·

150 1537 297 1618 motione,
320 1536 538 1618 quincuplus
561 1535 649 1615 dixit,
672 1535 750 1601 nisi:
772 1555 792 1602 a
814 1554 850 1602 co
873 1554 940 1601 sem
962 1535 1038 1603 tobb
1060 1535 1218 1618 utinil‘r*)
1243 1535 1344 1602 Valde

150 1645 259 1720 gratus
288 1656 374 1716 sum,
408 1636 492 1718 quod
522 1637 674 1702 articulos
697 1637 744 1702 sic
766 1637 986 1718 recollegistis
1022 1642 1055 1702 et
1077 1637 1194 1707 bonrum
1216 1642 1267 1702 est
1289 1653 1345 1701 eos

151 1739 312 1822 publicare
334 1745 368 1803 et
390 1737 569 1803 rescribere
592 1737 650 1802 sib
672 1737 726 1802 illa
740 1736 841 1804 foruna
857 1745 917 1804 etc.
940 1737 1099 1804 Dixerunt
1114 1736 1346 1820 praesidentes

151 1840 232 1922 quod
246 1837 371 1905 habebo
386 1838 480 1903 aliam
493 1837 650 1919 publicam
665 1836 875 1917 audientiam3
898 1836 1135 1904 distinctionem
1158 1836 1347 1903 deecclesia

150 1940 320 2005 noluerunt
352 1937 472 2003 andire
520 1936 674 2004 salutetis
696 1936 805 2004 fideles
828 1938 973 2004 dominos
995 1945 1028 2004 et
1049 1939 1167 2004 amicos
1190 1938 1345 2017 veritatis,

151 2046 182 2106 ot
210 2039 310 2105 oretis
339 2038 433 2103 deum
455 2056 513 2120 pro
542 2057 601 2119 me,
633 2039 706 2120 quia
728 2055 861 2104 necesse
894 2047 951 2105 cst
995 2039 1146 2120 Aestimo,
1175 2039 1260 2121 quod
1281 2055 1345 2103 nou

152 2139 319 2206 admittent
338 2138 415 2205 mibi
437 2139 629 2206 senteutiam
651 2140 753 2205 sancti
769 2139 938 2220 Arrgustini
954 2140 994 2205 de
1007 2139 1143 2205 ecclesia
1154 2145 1187 2205 et
1202 2139 1241 2205 de
1252 2157 1345 2222 prae·

152 2240 318 2306 destinatis
338 2238 488 2305 membris
510 2244 544 2304 et
566 2239 734 2323 praescitis
756 2240 850 2306 etde
873 2240 963 2306 malis
985 2240 1147 2323 praelatis.
1171 2240 1197 2307 0
1221 2242 1248 2307 si
1270 2240 1345 2305 mibi

151 2340 279 2407 daretur
311 2338 487 2420 audientia,
520 2346 556 2405 ut
584 2339 812 2422 responderem
842 2340 1039 2422 argumentis
1072 2358 1199 2421 eorum,
1231 2340 1345 2423 quibus

152 2442 268 2507 vellent
287 2441 476 2523 impugnare
497 2441 648 2506 articulos
671 2441 703 2506 iu
725 2443 905 2508 tractatulis
927 2442 1064 2525 positast
1087 2441 1240 2522 testimo,
1262 2441 1346 2523 quod

152 2543 249 2622 malti,
270 2542 325 2624 qui
347 2542 491 2623 clamant,
515 2542 781 2610 obmutescerent
805 2543 894 2609 Sicut
908 2543 1006 2609 luerit
1020 2543 1167 2608 voluntas
1188 2543 1221 2607 in
1246 2543 1345 2621 coelo,

153 2642 194 2708 ita
213 2640 278 2709 fiat.

247 2743 276 2796 Ε
292 2740 353 2796 MS.
374 2741 498 2795 Mladea.
520 2759 547 2810 p.
565 2738 610 2795 97.
646 2741 728 2797 MSS.
758 2740 855 2798 Vieara
879 2742 965 2806 4524,
983 2743 1008 2814 j.
1026 2742 1069 2798 87.
1091 2772 1125 2783 -
1142 2741 1218 2797 4557
1236 2742 1263 2813 s.
1280 2739 1345 2796 1⁶⁴0.

156 2822 233 2889 1302,
246 2826 271 2897 j.
288 2823 335 2880 90.
372 2826 433 2880 MS.
450 2828 533 2896 capit.
552 2825 642 2896 Prap.
662 2826 698 2880 N.
717 2826 799 2898 43¹!ss
821 2824 863 2883 79.

247 2911 325 2966 Edit
342 2912 373 2965 ia
390 2912 445 2981 Dp.
462 2929 490 2982 p.
511 2911 545 2966 θ.
563 2911 592 2966 5.
629 2911 701 2983 Opp.
721 2911 794 2976 Huc,
813 2913 837 2975 1,
853 2909 969 2966 69-88.

713 3191 775 3268 64.

475 3348 528 3434 D.
563 3349 724 3436 Joanni
756 3349 809 3435 de
842 3346 1009 3434 Ohlum.

159 3530 292 3593 Declarot,
310 3531 379 3599 qaid
396 3532 426 3583 in
442 3532 569 3585 wastina
586 3532 745 3600 patratione
761 3549 946 3601 responsurus
962 3533 1008 3594 ait,
1032 3540 1130 3595 monet,
1157 3540 1187 3584 at
1206 3507 1235 3585 ia
1255 3533 1345 3586 literis

158 3617 325 3670 normandia
342 3625 368 3668 et
392 3617 422 3668 ia
442 3615 606 3670 Bodotriam
625 3615 803 3686 perferendis
826 3618 981 3671 coactionem
999 3611 1173 3677 adhibeant,
1191 3624 1288 3689 rogat,
1314 3631 1346 3669 ut

605 3701 650 3753 cai
667 3717 798 3754 memores
814 3704 879 3754 siat.
1212 3694 1216 3704 ¹

631 3834 716 3902 (1415,
733 3837 750 3889 6
767 3834 843 3902 Juu.)

546 4000 685 4069 ,Insinuat
701 4000 904 4071 responsionem
922 4009 950 4057 at
966 4002 1142 4057 intentionem
1160 4001 1262 4057 suam.“

245 4136 323 4202 Cras
338 4135 498 4202 horaXVl
510 4134 562 4219 **)
583 4136 683 4203 debeo
699 4137 913 4220 respondere:
926 4137 1041 4220 primo,
1063 4155 1102 4201 an
1119 4136 1212 4201 velim
1228 4136 1344 4218 dicere,

156 4237 229 4316 quod
244 4237 380 4320 quilibet
401 4237 555 4303 articulus
577 4236 617 4302 de
637 4237 753 4304 libellis
779 4237 858 4304 meis
882 4243 1044 4304 extractus
1066 4237 1109 4303 sit
1125 4253 1289 4316 erroneus,
1312 4246 1345 4304 et

215 4418 237 4483 ⁸)
255 4424 287 4471 Et
303 4425 361 4486 quid
380 4425 423 4471 tibi
442 4421 506 4471 leci?

199 4502 236 4565 “l
257 4509 286 4555 ln
303 4509 424 4555 codicibus
449 4509 569 4570 plerisque
595 4509 686 4568 legitur
708 4509 782 4569 „hora
805 4509 889 4556 oextu”
912 4523 1042 4570 perperam,
1069 4522 1123 4555 cum
1151 4509 1176 4554 id
1193 4522 1221 4555 co
1241 4517 1346 4569 tompore

263 4593 380 4651 ,mediam
402 4591 510 4639 noetem”
528 4593 708 4653 significaverit.
737 4592 903 4654 „Horam”
924 4594 1034 4654 congruit
1050 4592 1223 4642 nostrashoraa
1241 4593 1346 4643 decimae

261 4677 468 4726 mamentianos.
849 4691 853 4697 ·
