2992 5258
152 416 215 477 222
389 409 583 465 assumtionis
599 408 637 465 tt.
654 407 680 463 J.
698 407 757 462 llas
774 407 888 476 ejusque
906 422 1043 478 responsa.
1075 412 1102 466 9.

252 615 300 672 36.
322 612 361 675 Il.
389 613 467 687 quod
495 613 590 672 dictae
617 612 819 672 conclusiones
850 617 878 672 et
899 614 1119 686 propositiones
1146 610 1196 673 uel
1221 615 1343 690 dianae

153 714 454 790 eomemsuntsalsae,
477 730 623 780 erroneae,
646 714 846 783 scormolasae,
868 715 1049 787 temerariae,
1070 715 1235 805 seditiosae,
1252 716 1344 787 pacis

151 815 289 874 ccclesiae
309 814 481 883 terimiuae,
507 813 731 883 jurisdictionis
752 815 964 872 ecclesiasticae
990 815 1183 883 enervatione,
1204 816 1343 885 insonae,

151 916 254 973 contra
271 914 450 984 scripturam
469 929 585 971 sacram
605 915 633 970 et
652 910 848 971 universalem
861 914 1011 971 ecclesiam
1025 930 1061 972 ac
1075 914 1344 974 determinationem

150 1017 317 1072 sannorum
331 1016 453 1084 patrum
473 1011 610 1082 conmtac
631 1015 658 1070 ct
678 1013 852 1082 compositae
872 1015 899 1070 et
920 1012 999 1069 alins
1019 1013 1189 1071 linaeticae.
1231 1012 1275 1071 Et
1295 1013 1342 1072 sic

151 1116 193 1172 est
213 1113 318 1184 attuit
338 1129 443 1170 comm.

250 1212 335 1285 Nego
356 1212 443 1270 istum
464 1211 617 1270 amentum
639 1211 675 1269 de
698 1211 965 1283 propositionibus,
998 1227 1071 1284 quae
1101 1212 1132 1269 in
1153 1210 1254 1269 libello
1276 1226 1343 1270 meo

153 1317 314 1384 ponuntur,
347 1328 410 1369 cum
443 1311 655 1383 protestatione
677 1310 747 1379 ista,
781 1312 905 1383 quodsi
936 1312 1034 1385 aliqua
1054 1312 1122 1370 talis
1142 1310 1243 1381 fuerit,
1280 1312 1344 1371 scil.

151 1411 242 1485 salsa,
275 1426 399 1469 erronea
429 1411 476 1470 vel
497 1411 659 1480 haeretica,
683 1417 814 1480 ostensa,
842 1417 962 1484 paratus
984 1429 1047 1471 sum
1080 1412 1173 1484 ipsam
1194 1411 1345 1471 humiliter

150 1527 300 1570 revocare.

250 1612 298 1668 et.
323 1609 416 1683 „ltern
442 1610 520 1683 quod
549 1610 584 1668 de
605 1611 781 1682 praemissis
807 1611 944 1669 omnibus
965 1614 992 1669 et
1012 1611 1139 1684 sinpulis
1157 1610 1218 1682 fuit
1245 1611 1274 1667 et
1302 1612 1346 1669 est

144 1708 338 1782 pullicaaoa
351 1711 504 1782 etfama!⁴
527 1709 594 1768 Non
611 1716 657 1769 est
671 1728 777 1780 verum,
800 1705 864 1770 cuni
886 1711 1001 1784 aliquae
1024 1717 1092 1770 sunt
1113 1712 1343 1784 propositiones,

150 1824 222 1880 quas
243 1810 358 1868 noviter
379 1810 511 1868 veritatis
533 1811 696 1868 adversarii
718 1808 928 1869 confinxerunt.

251 1911 298 1968 38.
321 1909 396 1968 Item
411 1910 501 1986 ponit
522 1912 550 1967 et
564 1911 695 1981 probare
715 1910 842 1968 intendit
862 1911 939 1968 idem
953 1915 1140 1984 procurator,
1169 1911 1247 1984 quod
1268 1912 1345 1971 idern

149 2006 194 2069 Μ.
215 2006 348 2067 doanuee
358 2008 426 2066 Hus
444 2009 479 2067 in
497 2010 629 2068 uanitate
649 2026 706 2067 sua
727 2010 883 2068 ambulans
903 2013 931 2068 et
950 2011 985 2069 in
1000 2003 1365 2084 peruastsdopnan‘tas'

150 2111 178 2167 et
197 2109 346 2167 erroribus
366 2108 566 2167 continuando
588 2112 616 2166 et
629 2107 827 2180 persistendo,
863 2110 1010 2182 quoddam
1031 2112 1204 2180 opusculum
1222 2111 1296 2182 fecit
1315 2114 1342 2170 et

149 2208 317 2280 compilavit
348 2211 450 2267 contra
480 2209 625 2282 quaedam
651 2210 762 2282 scripto
789 2209 833 2268 M.
858 2207 999 2282 Stephani
1026 2208 1134 2270 Pnleci
1163 2211 1293 2270 doctoris
1311 2212 1345 2271 in

149 2309 312 2382 dmolopio,
345 2309 424 2382 prod
443 2309 570 2380 incepit:
613 2309 691 2383 Quia
717 2309 760 2367 M.
782 2307 948 2381 Stephanus
974 2309 1083 2368 Paleca
1109 2327 1149 2368 oc.
1182 2313 1209 2368 ct
1239 2311 1344 2368 intitu-

149 2409 224 2467 lavit
253 2408 370 2466 nomine
398 2410 599 2481 nunmcpatiao
631 2408 823 2483 Quidnam,
856 2410 891 2468 in
919 2427 976 2482 quo
999 2411 1103 2482 posuit
1122 2411 1228 2468 multos
1248 2410 1345 2469 malos

152 2512 179 2569 et
195 2524 352 2581 perversos
372 2525 492 2570 errores.
536 2509 579 2568 Et
600 2511 644 2567 ita
662 2511 723 2582 tuit
744 2513 771 2568 ct
792 2512 834 2567 est
853 2527 961 2569 acrum.

248 2608 358 2668 Fateor
378 2625 425 2668 me
440 2610 596 2683 scripsisse
620 2610 789 2681 opusculum
811 2609 1005 2668 contradicta
1018 2609 1060 2669 M.
1073 2607 1216 2680 Stephani
1226 2608 1343 2680 Palecu,

150 2715 182 2768 et
201 2725 274 2782 rogo
303 2715 427 2781 propter
448 2711 540 2779 deum,
563 2710 641 2782 quod
663 2709 777 2783 legatur
797 2709 828 2767 in
851 2709 999 2768 audientia
1020 2708 1136 2780 publica
1158 2709 1291 2781 concilii;
1313 2715 1344 2769 et

153 2811 259 2879 docto,
289 2810 366 2881 quod
388 2809 494 2882 aliquis
518 2826 601 2869 error
623 2811 788 2869 continetur
813 2810 930 2881 inipso
953 2809 1111 2881 opusculo,
1140 2809 1222 2866 salva
1243 2814 1344 2881 prote·

153 2903 489 2981 snuonepriori,'v010
513 2911 630 2969 concilii
648 2911 759 2983 judicio
783 2911 943 2982 subjacere.

253 3011 301 3068 39.
332 3008 407 3067 Iam
431 3010 511 3086 fecit,
543 3011 714 3088 composuit,
746 3011 914 3082 conipilaoit
948 3012 975 3068 ct
1011 3005 1163 3067 ordinauit
1191 3005 1341 3082 ammata

151 3110 245 3170 alium
265 3110 436 3168 damnatum
457 3113 614 3168 tractatum
634 3114 738 3168 contra
758 3111 870 3182 scripta
891 3108 934 3170 Μ.
957 3106 1111 3177 Stanislai,
1141 3110 1193 3182 qui
1212 3109 1343 3181 incipite

151 3210 315 3282 Responsio
335 3227 376 3270 oc.
397 3210 431 3268 in
451 3227 508 3284 quo
528 3211 716 3269 vanavana
735 3213 897 3284 praviooue
918 3212 945 3268 et
952 3225 1096 3282 peruersa
1109 3210 1228 3281 scripsit
1237 3210 1345 3281 palam

151 3313 178 3368 et
192 3311 312 3381 publice
333 3313 360 3367 ct
380 3311 500 3370 notorie.

250 3410 359 3469 Fateor
379 3426 425 3468 me
448 3411 612 3484 scripsisse,
640 3418 670 3470 et
692 3411 746 3469 sub
773 3410 864 3482 priori
891 3410 1104 3482 protestatione
1131 3409 1197 3467 volo
1225 3411 1342 3469 conditi

148 3509 259 3584 judicio
281 3509 443 3581 subjacere,
467 3517 569 3581 optans
585 3517 707 3582 propter
728 3511 821 3580 deum,
844 3516 875 3568 ut
895 3511 945 3568 ille
967 3516 1107 3569 tractatos
1129 3509 1265 3582 publicae
1287 3526 1342 3569 au·

152 3608 281 3668 dientiae
303 3610 379 3667 sacri
402 3609 517 3668 concilii
539 3616 709 3681 exponatur.

249 3712 300 3769 40.
321 3706 397 3766 Item
417 3710 495 3782 qnod
514 3712 684 3769 seiacntiam
705 3712 797 3769 latam
816 3712 850 3769 in
862 3711 989 3771 concilio
1001 3710 1133 3784 pancrati
1150 3710 1265 3768 Romae
1285 3711 1342 3769 ilri-

153 3808 217 3868 dem
240 3808 373 3867 idtiiuutc
401 3810 544 3869 celebrato
571 3814 673 3869 contro
702 3811 864 3869 doctrinam
895 3815 923 3869 ct
957 3811 1048 3869 libros
1076 3809 1191 3882 Wilclef
1207 3827 1262 3869 nec
1281 3828 1345 3870 nou

151 3909 250 3967 lullus
276 3908 526 3982 indidpentiaruni
554 3913 582 3969 ct
613 3911 761 3970 ermiatm
790 3909 879 3969 datae
901 3915 928 3969 et
948 3926 1101 3970 concessae
1122 3913 1225 3969 corura
1245 3909 1345 3968 Lodi-

150 4009 248 4067 slaum
273 4014 344 4068 tunic
369 4026 400 4068 se
420 4010 560 4071 dicentem
590 4030 685 4086 rupem
711 4010 833 4070 Siciliae
860 4012 1002 4084 plossauit
1033 4013 1060 4069 et
1079 4010 1250 4081 pastillarit
1269 4027 1344 4083 per·

149 4125 230 4167 nerse
251 4111 278 4168 et
298 4126 422 4179 erronee,
450 4129 488 4170 ac
514 4113 663 4185 mandam
693 4113 869 4182 scripturam
897 4112 968 4185 tecit
995 4115 1023 4170 et
1054 4110 1204 4169 ordinauit
1237 4115 1345 4170 comm

151 4208 260 4277 mullas,
293 4225 369 4283 quae
399 4211 519 4286 incipit:
560 4208 632 4271 Pac
657 4210 768 4270 Gliristi
800 4230 840 4270 oc.
892 4212 935 4270 Et
962 4212 1059 4283 ipsam
1092 4211 1271 4283 straturam
1307 4228 1345 4270 ac

144 4325 302 4380 perversas
319 4311 517 4383 ploasationes
538 4312 728 4382 praedicavit
749 4317 777 4370 ct
805 4313 1013 4385 dopniatisaoit
1027 4308 1146 4383 pluries
1167 4314 1202 4369 et*
1217 4310 1346 4371 diuersis

151 4409 264 4469 uicibm
284 4411 324 4467 ad
344 4409 541 4469 aedicationem
558 4411 664 4482 populi
682 4429 750 4469 aere
771 4414 798 4468 et
818 4411 941 4469 natoue.

250 4509 360 4569 Fateor
387 4527 433 4569 rue
454 4511 600 4570 restitisse
620 4510 708 4569 bullis
731 4512 877 4571 cruciatae
907 4516 938 4569 et
959 4511 1115 4582 scripsisse
1143 4516 1248 4569 contra
1275 4526 1345 4569 eam

153 4608 207 4670 sub
227 4608 285 4669 ista
305 4612 524 4683 protestatione,
546 4611 622 4684 quod
637 4611 707 4671 siin
722 4610 777 4672 hoc
792 4626 938 4683 euasero,
961 4611 1046 4671 docto
1061 4627 1116 4684 per
1130 4624 1341 4684 quamcumque
