2992 5258
114 496 115 500 ,
155 431 218 495 258
360 424 434 480 Petri
451 423 484 478 do
502 423 677 479 Mlodenouic
695 425 793 480 relatio
811 424 845 479 de
863 425 900 481 M.
918 427 945 481 J.
963 427 1023 482 llus
1040 443 1135 483 canen:

155 630 317 703 duxissent,
339 629 483 702 quomodo
504 635 718 688 sacramentum
740 631 965 702 praetiosissimi
987 634 1136 706 sanguinis
1159 633 1269 693 domini
1291 651 1347 707 pen

152 729 321 788 Bohemiam
344 730 405 801 jam
424 728 455 787 in
476 728 604 787 flosculis
633 730 832 807 deportarent,
855 731 988 803 quodque
1011 739 1126 791 sutores
1145 735 1206 805 jam
1227 734 1346 795 confes·

153 830 252 888 siones
278 831 412 888 audirent
433 835 465 888 at
485 836 700 888 sacrosanctum
723 846 828 900 eorpus
852 831 1025 890 dominicum
1048 832 1113 891 aliis
1135 834 1346 893 ministrarent

152 932 280 1004 Propter
305 930 383 1003 qnod
409 936 513 1002 rogant
540 929 647 987 domini
676 930 712 987 dc
735 930 875 988 Bobemia
905 930 952 988 bic
980 939 1168 1002 praesentes,
1201 940 1346 1006 quatenns

152 1030 259 1088 talibus
286 1029 368 1088 falsis
398 1029 579 1088 delatoribus
608 1046 666 1087 non
690 1030 826 1099 credetis,
857 1048 920 1088 cnm
942 1037 1088 1105 tamqnam
1108 1033 1202 1106 iniqui
1223 1033 1347 1092 infuma-

151 1110 231 1189 tores
262 1131 347 1204 regui
378 1129 523 1201 praedicti
554 1128 658 1186 falsum
689 1129 804 1187 dicant:
836 1131 907 1203 quin
940 1133 1037 1202 potins
1070 1137 1174 1206 petunt
1205 1135 1346 1192 attentius

152 1231 274 1289 Vestras
295 1230 501 1298 Paternitates,
524 1236 665 1302 qnatenus
687 1229 763 1288 tales
784 1228 974 1287 infamatores
994 1233 1077 1304 regui
1092 1233 1237 1304 praedicti
1252 1235 1347 1302 neuui-

151 1338 265 1402 uentnr,
291 1338 321 1388 et
342 1331 475 1389 dominns
503 1346 556 1388 rex
585 1330 752 1401 praedictus
783 1330 919 1388 similiter
947 1337 978 1389 et
998 1333 1121 1393 Vestrae
1145 1333 1344 1393 Paternitntes

151 1432 251 1490 videre
274 1430 430 1500 debebunt,
459 1431 537 1503 quod
558 1429 669 1487 domini
691 1429 728 1487 de
751 1428 893 1487 Bohemia
913 1429 1012 1487 talium
1040 1430 1246 1491 infamatornm
1268 1433 1345 1493 deln-

152 1535 247 1592 tiones
268 1531 359 1590 falsas
382 1537 412 1590 et
432 1529 552 1589 frivolus
573 1530 672 1588 taliter
693 1529 851 1589 studebunt
872 1516 1020 1607 refellere,
1041 1532 1119 1591 unde
1140 1533 1200 1605 ipsi
1221 1532 1345 1592 infama-

150 1642 231 1695 tores
252 1648 350 1693 eoram
372 1633 490 1690 domino
511 1647 582 1704 rege
604 1636 635 1690 et
655 1631 771 1690 Vestris
793 1631 1024 1690 Paternitatibuo
1045 1633 1235 1692 verebuntnr.

249 1780 338 1845 Haec
366 1779 478 1844 cedula
509 1783 713 1861 praesentata
744 1776 805 1841 fuit
832 1778 918 1841 inter
939 1779 1084 1844 nationes
1105 1797 1164 1861 pro
1185 1786 1281 1862 porte
1302 1780 1343 1846 bl.

149 1882 283 1947 loannis
314 1881 398 1961 Hus,
427 1896 537 1945 sacrae
560 1877 737 1958 theologiae
764 1874 977 1957 beccatunret,
1011 1878 1067 1942 fer.
1091 1880 1245 1960 secunda,
1266 1880 1344 1946 XlII

151 1983 202 2049 dio
223 1983 309 2063 llaji‚
331 1980 476 2063 proxima
496 1984 570 2044 ante
592 1977 707 2042 festum
728 1975 803 2040 almi
824 1978 925 2041 sancti
948 1978 1093 2059 spiritus,
1116 1999 1176 2061 per
1197 1980 1342 2047 dominos

34 2123 36 2127 .
150 2082 339 2147 Bobomicae
361 2089 394 2146 ct
415 2079 582 2145 Polonicae
614 2077 769 2156 nationis
804 2075 1064 2142 Constantinum
1094 2077 1186 2145 domo
1208 2082 1344 2148 fratrum

150 2183 318 2247 blinorum.

249 2281 385 2347 Nomina
405 2279 616 2357 dominorum,
650 2278 704 2358 qui
735 2275 931 2359 praedictam
953 2275 1095 2343 cedulam
1116 2285 1345 2360 praesentare·

151 2389 236 2461 runt,
260 2389 335 2446 suut
355 2381 418 2444 ista
439 2377 605 2460 specialia:
627 2377 665 2440 D.
687 2377 846 2441 Heuricus
868 2376 1056 2456 Iacembok,
1079 2377 1117 2441 D.
1139 2379 1283 2446 loannes
1305 2382 1345 2448 de

151 2481 263 2548 Cblum
295 2481 398 2546 dictus
430 2479 559 2560 Kepha,
595 2478 633 2541 D.
667 2476 872 2541 Wenccslaus
905 2475 944 2540 de
976 2475 1095 2542 Lestna
1117 2477 1157 2542 dc
1179 2478 1284 2558 Duba,
1306 2480 1346 2546 D.

150 2565 253 2647 Srank
272 2581 397 2661 juvenis
431 2586 463 2644 et
494 2583 586 2660 pater
608 2594 701 2654 suus,
724 2575 762 2639 D.
784 2574 898 2657 Mystes
930 2573 970 2639 dc
991 2575 1137 2656 Hradek‚
1172 2577 1211 2643 D.
1234 2579 1346 2647 Kunso

150 2681 191 2746 de
213 2679 333 2760 Cblum,
354 2679 393 2744 D.
416 2679 510 2745 Skala
531 2678 570 2742 dc
592 2677 748 2755 Moravia,
770 2674 809 2740 D.
835 2674 1029 2741 Bieskowcc.
1052 2677 1101 2740 De
1116 2678 1247 2744 Polonis
1272 2686 1347 2746 sunt

149 2781 222 2846 isti:
245 2781 283 2845 D.
311 2778 459 2844 Zawissie
485 2778 588 2842 dictus
621 2776 759 2857 Czerny‚
782 2775 820 2838 D.
848 2774 994 2857 Kalisky,
1024 2775 1062 2840 D.
1091 2777 1212 2845 Bocota
1233 2786 1268 2846 et
1289 2779 1346 2847 alii

151 2900 245 2964 qnam
267 2882 374 2963 plures
394 2896 431 2944 oc.
453 2880 569 2944 Lector
596 2896 673 2942 vcro
697 2873 838 2958 ejusdem
860 2875 990 2940 carthae
1012 2875 1071 2940 fuit
1092 2878 1208 2943 Petrus
1222 2879 1345 2948 Mlado·

149 2981 258 3060 nowic,
279 2980 503 3046 baccalaureus
525 2979 642 3043 artium
664 2983 823 3058 protunc,
846 2993 930 3039 nunc
951 2992 1026 3039 vcro
1048 2976 1202 3056 magister
1216 2980 1343 3046 artium

251 3081 391 3163 Cumque
423 3079 587 3163 praedicta
613 3079 708 3144 litera
730 3078 813 3143 lecta
835 3075 1077 3154 sciscientes,
1110 3096 1191 3158 quae
1214 3096 1344 3147 concer-

149 3182 246 3247 nebat
267 3189 331 3247 tnm
351 3182 522 3259 Dobcmos‚
548 3198 640 3260 quarn
663 3178 809 3258 Polouos,
836 3183 869 3241 et
890 3176 1018 3258 incepta
1040 3177 1099 3242 fuit
1120 3179 1280 3262 particula
1293 3198 1347 3246 se·

149 3282 261 3360 cunda,
284 3301 363 3363 quae
386 3281 487 3344 solum
508 3278 724 3344 concernebat
745 3276 891 3343 dominos
913 3277 1081 3358 Bobemos‚
1104 3278 1256 3347 videlicet
1277 3282 1367 3347 illa:.

151 3381 319 3461 „Ceterum
348 3380 604 3445 reverendissimi
624 3378 751 3460 patres“
775 3395 813 3441 oc.
847 3377 956 3442 statim
978 3377 1152 3443 insurrexit
1173 3381 1346 3465 episcopus

148 3480 413 3562 Lutomyslensis,
446 3485 480 3545 et
511 3479 609 3543 dixit:
631 3478 697 3559 Ha,
725 3479 780 3543 bat
805 3477 855 3543 tot
876 3480 910 3541 se
933 3496 1005 3542 mne
1027 3477 1141 3561 doty‘be
1163 3478 1175 3542 i
1194 3479 1299 3562 mich.
1313 3480 1345 3565 *l

149 3578 192 3644 Et
224 3579 257 3643 in
290 3580 388 3644 latino
422 3579 567 3645 similiter
589 3578 709 3643 dicens:
733 3579 845 3644 Patres
872 3578 1129 3643 reverendissimi
1151 3586 1186 3647 et
1207 3578 1343 3647 dominil

151 3679 210 3744 llic
238 3679 391 3744 articulus
423 3679 552 3744 ultimus
585 3680 748 3744 concernit
770 3697 857 3743 meos
881 3687 914 3745 et
935 3697 994 3743 ruo.
1034 3679 1077 3744 Et
1099 3680 1145 3744 sic
1166 3681 1264 3763 petiit
1284 3682 1345 3749 sibi

150 3779 409 3844 deliberationem
431 3777 471 3843 ad
492 3778 759 3860 respondendum:
775 3780 891 3861 quique
914 3786 946 3845 et
966 3780 1140 3861 respondit,
1164 3781 1343 3851 sicutinic·

149 3879 217 3943 rius
243 3879 350 3943 stetim
387 3878 455 3959 ejus
484 3878 649 3960 responsio
681 3879 713 3943 in
735 3879 836 3945 forma
856 3881 979 3962 patebit
1003 3888 1035 3945 et
1056 3885 1164 3961 patet3
1187 3881 1246 3948 sed
1267 3882 1344 3949 dicti

149 3977 266 4045 domini
287 3977 443 4061 praedicti
470 3977 509 4044 de
532 3978 713 4045 nationibus
736 3980 884 4045 dixerunt
905 3979 1040 4045 dominis
1061 3977 1211 4046 Bohcmis
1234 3988 1268 4047 et
1281 3983 1342 4047 Po-

149 4079 231 4145 louis
253 4077 293 4144 de
316 4078 498 4159 supradicta
513 4079 607 4144 litera
629 4080 712 4144 lecta
733 4080 767 4143 in
783 4081 922 4146 crastino
946 4098 1134 4162 responsum
1156 4080 1244 4162 dare,
1259 4080 1343 4165 qnod

150 4178 181 4243 in
214 4196 252 4244 eo
285 4184 504 4259 competenter
535 4179 698 4260 potuerint
725 4179 901 4245 subsistere
924 4185 957 4244 et
978 4180 1112 4259 habere,
1142 4180 1227 4248 sicut
1247 4182 1342 4248 otiam

148 4279 272 4361 patebit
287 4278 453 4358 responsio
467 4278 579 4343 cadem
593 4279 724 4344 inferius
738 4286 813 4361 post
828 4281 1068 4361 responsionem
1090 4280 1233 4365 episcopi
1247 4282 1340 4348 Luto·

148 4377 314 4460 myslensis
335 4394 373 4442 oc.

152 4577 182 4584 ..-
187 4578 196 4584 .
200 4578 275 4584 ...-....
293 4579 351 4587 -ι-

205 4642 234 4702 *)
250 4646 301 4692 lloe
319 4649 349 4692 nd
367 4661 403 4694 me
421 4662 531 4708 uncosque
549 4649 659 4708 pertinet.
