2992 5258
379 393 550 463 Responsum
567 393 606 448 M.
624 393 652 448 J.
670 393 730 447 llus
747 391 782 447 ad
800 391 927 448 articulos
944 390 1033 449 Palae.
1052 393 1127 449 1115.
1293 396 1356 460 215

170 595 239 668 qnod
261 595 369 656 divisio
387 598 545 657 inmediata
561 599 749 657 bumanorum
770 614 893 670 operum
915 589 1042 678 [seilicet
1056 612 1074 654 a
1088 595 1235 655 voluntate
1251 612 1355 668 proco·

170 693 306 776 dentium]
324 704 377 768 est,
403 698 478 771 qnod
494 700 540 757 vel
556 704 623 757 sunt
636 697 835 766 virtuosavel
850 697 963 756 vitiosa.
978 696 1072 765 Patet,
1088 697 1155 769 quia
1169 696 1195 754 si
1209 695 1294 754 bomo
1310 702 1356 756 est

167 795 285 856 ritinsus
307 799 413 871 etegit
434 798 598 871 quidquam,
621 804 688 856 tunc
709 799 770 870 agit
790 797 903 868 vitiose,
925 801 955 855 et
976 797 1001 854 si
1023 803 1069 855 est
1090 798 1235 854 virtuosus
1250 801 1281 865 et
1295 797 1357 868 agit

167 895 328 969 quidquam,
344 903 413 956 tuno
428 899 489 971 agit
501 898 647 991 ¹virtuose;
664 898 731 969 quia
746 897 821 955 sicut
835 897 943 965 vitium,
959 895 1035 968 qnod
1051 898 1160 955 crimen
1175 896 1281 955 dicitur
1294 897 1356 954 sive

163 996 286 1054 mortale
301 1005 460 1068 peccatum,
482 995 574 1056 inficit
595 995 800 1054 universaliter
821 1002 903 1054 aetus
926 994 1052 1068 subjecti
1075 996 1135 1053 sive
1156 995 1290 1064 hominis,
1313 995 1356 1055 sio

160 1096 254 1154 rirtas
275 1096 404 1155 vivificat
425 1112 524 1153 omnes
539 1102 622 1155 actus
644 1096 770 1153 hominis
792 1094 914 1152 virtuosi
936 1094 965 1152 in
987 1100 1106 1163 tanturn,
1128 1096 1205 1166 qnod
1226 1078 1355 1154 existens

155 1194 189 1252 in
203 1197 301 1266 gratia
318 1197 423 1255 dieitur
437 1197 543 1253 mereri
560 1202 590 1254 et
607 1212 692 1252 orare
709 1194 879 1253 dormiendo
902 1194 948 1251 vel
963 1194 1184 1266 quomodolibet
1197 1194 1356 1267 operando,

154 1302 191 1352 nt
214 1295 318 1356 dicunt
340 1297 432 1360 sancti
454 1297 642 1368 Augustinus,
664 1294 823 1367 Gregorius
846 1301 876 1352 et
890 1295 958 1354 alit.
981 1290 1076 1374 [Sicut
1095 1295 1207 1369 logicus
1227 1294 1356 1367 loquitur

149 1395 386 1465 grammaticam,
415 1394 544 1453 sednon
566 1395 767 1468 grammatice,
795 1395 838 1452 sic
866 1393 987 1452 vitiosus
1014 1400 1097 1452 extra
1116 1395 1239 1468 gratiam
1260 1401 1359 1467 potest

150 1491 259 1552 facere
275 1500 372 1553 actum
387 1493 494 1552 bonnm
509 1494 545 1552 de
560 1510 677 1567 genere,
702 1495 755 1553 sed
770 1510 828 1551 non
842 1493 933 1565 bene;
955 1493 1007 1552 sed
1021 1495 1202 1567 resurgendo
1216 1494 1247 1552 in
1261 1495 1357 1568 gratia

148 1592 334 1670 reviviscit]
357 1594 397 1652 Et
413 1591 551 1651 landatur
571 1593 650 1653 istud
673 1594 780 1652 dietum
801 1594 830 1651 in
852 1593 903 1651 illo
926 1593 1082 1652 salvatoris
1096 1593 1186 1652 verbo
1202 1594 1299 1654 Lucae
1322 1598 1356 1655 6:

149 1693 192 1753 Si
208 1693 314 1751 oculus
329 1700 394 1751 tuus
410 1691 498 1751 luerit
511 1693 642 1766 simplex,
657 1699 747 1752 totum
760 1709 865 1764 corpus
880 1700 959 1751 tuum
974 1693 1099 1753 lucidum
1112 1695 1177 1764 erit,
1198 1694 1218 1752 is
1230 1709 1255 1753 e.
1272 1693 1297 1753 si
1310 1695 1355 1752 in-

145 1795 255 1852 tentio
277 1791 366 1850 luerit
380 1793 457 1851 bona
482 1795 511 1851 in
526 1794 623 1867 gratia
637 1793 675 1851 ad
690 1810 771 1865 opus,
794 1798 885 1852 totum
900 1810 1006 1865 eorpus
1021 1802 1108 1864 tuum,
1126 1795 1145 1857 i.
1161 1809 1187 1853 e.
1202 1795 1355 1867 congeries

147 1895 289 1953 omnium
313 1910 432 1964 operurn
455 1900 570 1952 tuorum
591 1875 688 1952 lueida
709 1896 773 1964 erit,
796 1894 863 1967 quia
884 1894 991 1979 munda
1012 1909 1110 1951 coram
1124 1892 1190 1952 deo.
1212 1892 1244 1951 Si
1259 1899 1355 1951 autern

150 1994 265 2053 oculus
288 1998 364 2062 tuus,
385 1994 404 2054 i.
421 2010 445 2051 e.
461 1994 585 2052 intentio
607 2002 657 2052 tna
678 2006 799 2066 nequam
815 1993 910 2064 luerit,
934 2001 1052 2055 curvata
1067 2010 1121 2067 per
1135 1994 1243 2064 vitium,
1265 1998 1356 2052 totum

149 2111 270 2167 corpus
294 2099 381 2167 tunm,
405 2094 467 2154 soil.
490 2111 611 2165 operum
626 2102 749 2167 tuorum,
771 2095 959 2154 tenebrosum
982 2103 1012 2154 ct
1032 2095 1168 2153 vitiosum
1184 2094 1247 2152 erit
1270 2092 1354 2153 Unde

151 2196 239 2255 bene
251 2195 403 2267 apostolus
415 2195 559 2265 praecipit
570 2195 685 2253 dicens:
703 2194 807 2253 Omnia
817 2197 846 2253 in
860 2194 984 2268 gloriam
999 2194 1047 2252 dei
1062 2194 1157 2264 facite,
1173 2197 1207 2251 2·
1229 2193 1295 2253 Cor.
1310 2195 1356 2261 10,

154 2295 332 2355 et1⁸Con
354 2293 468 2351 ultima:
491 2293 594 2352 Omnia
614 2300 713 2351 vestra
733 2295 763 2351 in
786 2295 907 2351 caritate
929 2291 1008 2353 fiant.
1045 2293 1130 2355 Unde
1153 2301 1231 2353 totus
1253 2294 1355 2352 modus

152 2395 281 2469 vivendi
309 2393 459 2452 caritative
481 2393 606 2452 bominis
635 2398 682 2451 est
702 2393 864 2463 virtuosus,
893 2399 923 2453 et
944 2399 1021 2452 totns
1043 2394 1145 2453 modus
1166 2394 1282 2452 vivendi
1302 2391 1355 2450 ho·

155 2495 249 2553 minis
272 2501 391 2566 praeter
412 2493 561 2552 caritatem
584 2500 631 2552 est
651 2493 782 2552 vitiosus.
825 2494 907 2554 llaec
929 2491 1010 2566 cap.⁰
1034 2492 1164 2553 1910110
1188 2494 1237 2557 3⁰..

263 2593 345 2652 lstnd
370 2593 476 2651 dictum
509 2600 607 2665 potest
639 2593 757 2666 probari
791 2610 828 2651 ex
862 2594 946 2654 dictis
970 2595 1026 2664 dei,
1048 2594 1189 2652 Deutero.
1212 2595 1269 2663 28,
1305 2592 1356 2651 nbi

154 2695 292 2768 loquitur
324 2693 362 2752 ad
394 2693 533 2767 populum
566 2700 596 2753 et
624 2694 661 2752 ad
691 2693 850 2767 quemlibet
871 2695 1031 2770 bominem,
1064 2695 1143 2767 quod
1174 2695 1200 2753 si
1220 2693 1357 2753 mandata

156 2799 226 2864 eius
249 2798 355 2863 servat,
383 2799 451 2852 tnnc
474 2793 712 2852 estbenedictus
735 2795 765 2852 in
788 2794 882 2862 dorna,
910 2794 1080 2853 benedictas
1101 2795 1130 2852 in
1153 2810 1235 2867 agro,
1263 2794 1354 2851 bene·

158 2895 257 2953 dictus
287 2892 440 2965 egrediens
470 2898 499 2950 et
526 2891 712 2964 ingrediens,
741 2893 913 2952 benedictus
936 2893 1083 2953 dormiens
1110 2900 1140 2952 et
1161 2909 1351 2965 consurgens.

156 2994 201 3053 Et
221 3011 237 3052 e
260 2999 370 3061 contra,
392 2991 529 3050 mandata
543 2994 606 3064 ejns
628 3008 686 3051 nou
709 3008 838 3064 servans,
854 3001 900 3052 est
914 2993 1088 3052 maledictus
1102 2994 1131 3051 in
1147 2994 1242 3064 domo,
1264 2992 1354 3050 mole·

162 3095 260 3154 dietus
274 3095 304 3152 in
319 3109 402 3166 agro,
424 3092 595 3151 maledictus
608 3092 763 3166 egrediens
779 3100 809 3151 et
823 3094 999 3167 ingrediens,
1022 3094 1192 3152 maledictus
1207 3093 1354 3152 dormiens

163 3202 194 3254 ct
214 3209 397 3265 consurgens
423 3200 452 3251 et
473 3192 532 3251 alia
553 3209 645 3264 opera
665 3191 785 3262 faciens,
807 3194 882 3252 sicut
903 3200 985 3265 patet
1004 3193 1123 3252 ibidem.

263 3293 375 3352 Beatus
404 3295 584 3366 Augustinus
614 3310 703 3365 super
730 3294 842 3365 psalmo
873 3293 1000 3371 deducit,
1033 3293 1111 3367 qnod
1142 3292 1227 3351 bomo
1259 3291 1353 3351 bonna

166 3392 302 3467 quidquid
315 3391 394 3461 lacit,
409 3391 509 3450 laudat
523 3393 622 3450 deum:
644 3393 721 3451 unde
743 3392 823 3467 dicit,
846 3394 923 3466 qnod
944 3397 1089 3452 transiens
1111 3393 1150 3452 ad
1170 3391 1271 3462 lorum,
1292 3407 1352 3451 non

166 3501 196 3552 nt
207 3493 343 3565 decipiat,
364 3492 465 3550 laudat
476 3491 569 3561 deum,
591 3494 737 3552 transiens
754 3493 791 3551 ad
806 3509 906 3567 agrum
921 3499 953 3552 nt
968 3493 1090 3564 laboret,
1112 3509 1172 3552 non
1186 3499 1218 3551 ut
1231 3492 1353 3550 limitem

166 3593 252 3652 vicini
272 3598 396 3666 moveat,
428 3591 529 3649 landat
550 3592 644 3662 deum,
674 3600 793 3651 cantans
818 3594 848 3651 in
871 3593 959 3651 choro
981 3594 1081 3652 laudat
1108 3593 1201 3664 deum,
1232 3593 1353 3652 veniens

167 3693 200 3751 de
220 3692 310 3753 cboro
324 3698 358 3750 ut
378 3696 509 3750 ventrem
536 3691 659 3768 reliciat,
682 3710 741 3751 non
763 3701 795 3751 nt
823 3710 855 3753 se
876 3694 1043 3766 ingurgitet,
1071 3692 1172 3752 laudat
1194 3693 1287 3761 deum,
1321 3698 1352 3751 at

168 3794 207 3851 sic
228 3793 267 3851 de
288 3790 355 3849 aliis
376 3792 499 3866 actibus,
522 3809 594 3864 quos
616 3794 811 3866 prosequitur.
862 3793 901 3852 Et
923 3811 959 3851 ex
982 3809 1037 3865 qno
1061 3794 1217 3852 secundnm
1238 3792 1354 3852 beatum

168 3891 337 3965 Gregorinm
360 3907 476 3950 somnus
499 3899 670 3951 sauctorum
691 3910 748 3951 non
772 3900 855 3952 vacat
876 3911 893 3951 a
916 3894 1028 3966 rnerito,
1049 3894 1192 3966 quomodo
1214 3909 1273 3952 non
1295 3893 1355 3953 alia

169 3994 241 4051 actio
269 3992 433 4064 procedens
455 4008 473 4048 a
493 3993 641 4052 voluntate
663 4010 722 4050 non
749 4000 832 4051 vaeat
852 4011 868 4051 a
890 3994 994 4052 merito
1021 4001 1053 4052 et
1082 4010 1137 4066 per
1169 4008 1353 4065 consequens

167 4109 220 4152 nou
236 4092 276 4152 sit
290 4092 439 4152 virtuosa?
461 4091 601 4158 Similiter
623 4101 670 4153 est
684 4094 719 4153 de
735 4095 850 4152 actione
865 4093 990 4153 hominis
1006 4095 1035 4152 in
1051 4094 1171 4152 erimina
1192 4093 1353 4162 existentis,

169 4193 201 4251 de
223 4209 280 4267 qno
302 4193 409 4252 dieitur
429 4193 459 4250 in
482 4193 561 4266 lege:
584 4194 730 4267 Quidquid
752 4194 1084 4267 contigeritinmundns,
1106 4194 1273 4251 inmundum
1288 4193 1352 4255 erit

169 4291 249 4351 Unde
272 4293 411 4351 sacerdos
435 4290 565 4352 existens
586 4295 616 4352 in
639 4300 759 4366 peccato
782 4293 905 4362 mortali,
927 4301 960 4352 nt
982 4294 1082 4353 dicunt
1102 4293 1247 4360 doctores,
1270 4291 1353 4363 quid·

169 4394 233 4465 quid
257 4391 333 4464 lacit,
353 4393 384 4452 in
407 4394 450 4454 sio
471 4392 604 4453 iaciendo
627 4402 737 4466 peccat.
759 4394 844 4454 Unda
866 4394 1029 4453 Malachiae
1051 4390 1239 4452 licitumad
1261 4408 1313 4449 vos
1335 4407 1353 4449 o

168 4493 342 4565 sacerdotes,
364 4494 413 4567 qui
427 4495 579 4566 despicitis
601 4511 704 4554 nomen
721 4511 815 4552 meum
837 4501 867 4554 et
888 4494 1017 4553 dixistis:
1037 4495 1068 4552 in
1090 4510 1146 4566 quo
1169 4491 1353 4563 despeximus

167 4609 270 4654 nomen
291 4596 391 4655 mum?
414 4594 533 4655 Ollertis
555 4613 645 4669 snper
665 4597 758 4655 altare
779 4613 874 4655 meum
895 4612 1001 4668 panem
1029 4592 1179 4668 pollutum.
1216 4592 1287 4664 Quis
1308 4597 1355 4652 est
1381 4658 1386 4665 .
