2992 5258
149 366 214 427 ,134
368 364 508 434 Epistolae
528 366 644 434 scriptae
662 367 836 424 &uambae
853 384 946 425 mense
962 371 1044 427 lunio
1061 373 1126 427 1415

250 562 289 617 bl.
305 563 426 619 ioannes
442 564 511 631 Has,
528 565 557 619 in
573 581 623 634 spe
639 582 734 623 servus
751 567 804 637 dei,
821 569 946 625 omnibus
962 568 1096 639 fidelibus,
1114 571 1160 639 qni
1177 571 1258 627 deum
1269 573 1345 643 ejus·

152 661 204 713 que
221 646 308 714 legem
325 646 440 715 diligrmt
456 663 488 702 ae
505 648 625 718 diligent,
643 656 727 720 optat,
745 657 776 706 ut
791 652 820 707 in
831 652 945 707 veritate
962 653 1093 723 habitent,
1111 655 1239 724 ingratia
1250 656 1343 712 divina

152 729 294 796 proficiant
310 735 338 784 et
353 745 439 799 usque
450 731 486 786 ad
495 738 607 788 mortem
624 732 732 788 fortiter
747 741 928 804 perseverent
1139 780 1142 787 ,

253 814 400 870 Carissimil
432 814 527 869 bortor
551 830 607 884 vos,
631 830 666 871 ne
694 819 816 886 paveatis
843 832 911 873 neve
939 824 1013 877 metu
1037 800 1234 891 per'eutianini,
1267 822 1343 892 qnod

153 900 237 955 libros
268 916 342 957 meos
364 899 532 969 (adversarii)
560 900 673 955 cremari
687 901 837 970 jusserunt
871 901 1069 972 Recordamini,
1097 906 1185 960 sancti
1206 906 1345 963 ieremias

151 985 316 1054 prophetias,
344 1000 412 1053 quas
441 984 508 1038 deus
535 1000 596 1038 eum
624 984 743 1040 scribere
768 985 858 1054 jussit,
893 994 1026 1041 crematas
1052 1002 1112 1042 esse
1138 1003 1227 1058 neque
1251 997 1344 1045 nmen

151 1068 294 1137 (ludaeos)
311 1082 352 1137 ea,
375 1083 444 1136 quae
461 1067 621 1122 vaticinatus
643 1074 725 1137 esset,
742 1070 871 1137 evitasse,
893 1085 964 1137 nam,
990 1087 1072 1139 quum
1089 1079 1224 1128 cremame
1242 1079 1343 1143 essent,

151 1151 219 1207 dens
237 1166 299 1206 eum
315 1150 410 1206 eadem
427 1150 518 1218 verba,
542 1150 665 1220 pluribus
685 1151 797 1220 insuper
818 1151 926 1222 additis,
951 1153 1120 1208 conscribere
1138 1153 1230 1223 jussit
1265 1155 1344 1225 Quod

150 1235 253 1291 iactum
279 1241 340 1303 est3
366 1234 413 1289 illa
446 1236 517 1290 enim
544 1234 572 1288 in
600 1250 709 1291 carcere
739 1234 838 1290 sedens
869 1234 1006 1304 dictabat,
1035 1244 1063 1291 et
1090 1252 1112 1293 s.
1140 1238 1267 1307 Barnclr,
1297 1238 1344 1308 qui

149 1319 278 1374 hbrarius
306 1304 367 1386 ejus
394 1324 467 1384 erat,
496 1332 530 1373 ea
560 1317 646 1373 literis
676 1318 858 1386 consignabat
892 1318 951 1373 Hoc
979 1320 1107 1389 scriptum
1136 1327 1179 1376 est
1205 1321 1344 1379 ieremias

149 1404 254 1459 XXXV
279 1401 321 1456 vel
347 1401 421 1456 XLV
446 1401 575 1470 eapite.*)
604 1402 635 1456 In
660 1401 884 1456 Maccahaeorum
910 1418 1016 1471 quoque
1038 1405 1114 1460 libris
1137 1405 1267 1474 scriptum
1291 1412 1343 1475 est,

149 1488 244 1543 literas
270 1502 361 1541 maras
387 1492 537 1552 crematas,
566 1486 665 1554 quique
692 1501 741 1540 eas
765 1486 917 1554 baberent,
943 1486 1107 1543 cmciatibus
1131 1487 1245 1544 allectos
1272 1503 1344 1545 esse.

149 1573 248 1628 Postea
278 1570 443 1639 temporibus
475 1570 537 1624 novi
567 1568 722 1624 testamenti
753 1570 910 1624 cremabant
943 1570 1015 1624 viros
1048 1575 1157 1626 sanctem
1191 1586 1248 1626 una
1282 1586 1343 1627 cam

150 1656 226 1711 libris
253 1655 357 1709 divinae
379 1653 456 1722 legia
485 1652 643 1708 cardinales
668 1667 775 1722 qnoque
800 1652 965 1708 damnabant
987 1659 1015 1708 et
1042 1654 1235 1710 comburebant
1258 1654 1345 1711 libros

151 1756 172 1795 s.
196 1739 333 1808 Gregorii,
367 1737 414 1807 qui
437 1737 582 1792 Moralium
612 1737 808 1804 inscribuntur,
832 1744 963 1805 erantque
992 1753 1084 1792 omnes
1113 1738 1287 1808 oombnsbrri,
1314 1739 1343 1794 ni

150 1822 218 1879 deus
243 1838 293 1892 per
315 1823 422 1877 unicum
452 1821 513 1888 eJ'us
542 1820 704 1889 discipulum
725 1820 833 1874 Petrum
860 1833 907 1873 eos
928 1828 1122 1875 conservasset
1158 1822 1185 1878 S.
1208 1823 1344 1877 loannem

150 1907 369 1975 Chrysostomum
377 1920 483 1973 quoque
492 1903 545 1958 duo
555 1903 724 1958 sacerdotum
736 1902 850 1958 concilia
863 1904 986 1958 haeresis
994 1904 1106 1959 crimine
1111 1904 1341 1974 condemnatum

151 1990 201 2046 sed
210 1990 278 2044 deus
287 1989 439 2043 misericors
452 2002 544 2042 eorum
560 1987 730 2041 mendacium
746 1992 808 2055 post
825 1993 937 2041 mortem
955 2003 977 2041 a
988 1988 1101 2043 loannis
1113 1988 1252 2056 patefecit.
1268 1988 1343 2058 Quae

149 2075 234 2130 ocubs
243 2075 340 2129 vestris
356 2075 537 2140 proponentes
554 2079 678 2125 nemeto
695 2069 804 2125 minati
821 2085 863 2135 ea,
880 2085 950 2138 qnae
966 2072 1071 2139 scripsi,
1088 2071 1180 2139 legere
1196 2074 1342 2142 omittatis,

151 2173 219 2213 neve
239 2158 324 2211 libros
346 2163 450 2210 vestros
475 2155 509 2209 iis
530 2154 725 2209 comburendos
748 2153 869 2208 tradatis.
913 2154 1112 2225 Recordamini,
1136 2155 1201 2224 quid
1223 2156 1344 2213 salvator

151 2241 305 2296 misericors
325 2238 404 2293 nobis
426 2238 615 2293 admonitionis
632 2251 714 2292 causa
731 2236 830 2291 dixerit
846 2237 945 2291 Matth.
962 2237 1061 2306 XXIV,
1078 2246 1142 2293 ante
1159 2238 1231 2293 diem
1245 2238 1342 2309 judicii

152 2331 272 2394 ,tantam
290 2323 349 2378 lare
365 2322 575 2389 tribulationem,
593 2326 694 2389 quanta
711 2337 764 2375 non
782 2320 865 2375 fuerit
882 2322 917 2377 ab
933 2321 1010 2377 initio
1026 2321 1120 2377 mundi
1136 2322 1340 2393 (usquemodo)

151 2422 238 2477 neque
255 2412 351 2476 pastea
367 2420 485 2473 unquam
502 2404 596 2459 lutura
613 2405 656 2471 sit,
676 2403 716 2458 ita
733 2411 771 2471 nt,
797 2405 820 2458 si
837 2404 896 2460 fieri
913 2405 1007 2473 possit,
1026 2406 1107 2459 etiam
1124 2406 1204 2460 electi
1221 2406 1250 2461 in
1268 2422 1341 2462 arro·

150 2508 208 2548 rem
223 2490 403 2556 inducantu13
421 2487 470 2544 sed
485 2495 596 2557 propter
614 2486 714 2542 electos
731 2487 925 2543 breviabuntur
942 2487 1001 2543 dies
1017 2487 1083 2542 illi¹⁴
1116 2488 1194 2557 Quod
1210 2490 1341 2545 memoria

150 2582 290 2632 tenentes,
301 2572 442 2639 cmtestmi,
459 2578 631 2641 perseverate
649 2571 769 2638 fortiter3
786 2570 891 2625 confido
908 2571 979 2625 enim
997 2570 1057 2637 deo,
1074 2570 1342 2629 forentAnticbristl

151 2658 301 2714 sebolavos
317 2656 476 2711 extimescat
492 2661 520 2709 et
537 2656 627 2724 quiete
644 2655 698 2708 frui
716 2655 796 2717 sinat,
814 2670 902 2722 neque
919 2654 1061 2709 concilium
1074 2655 1232 2709 Constantia
1248 2655 1278 2710 in
1289 2655 1342 2711 Bo·

150 2742 266 2798 herniam
284 2739 389 2806 veniat;
406 2744 472 2807 puta
490 2737 569 2803 enim,
587 2737 686 2792 multos
703 2752 804 2805 eorum,
822 2738 868 2805 qui
886 2738 912 2790 in
931 2753 962 2793 eo
980 2738 1092 2793 concilio
1110 2745 1181 2807 sunt,
1198 2738 1342 2795 morituras

152 2840 212 2881 esse
229 2825 304 2894 prius
321 2838 402 2891 quam
419 2821 503 2875 libros
519 2820 595 2874 vobis
612 2826 804 2888 extorqueant3
821 2827 902 2888 atque
920 2820 1109 2890 dispergentur
1125 2837 1160 2877 ex
1178 2834 1211 2877 eo
1227 2822 1342 2881 concilio

151 2925 200 2977 per
216 2916 326 2969 terram
343 2911 374 2960 nt
389 2903 518 2970 ciconiae,
535 2908 563 2956 et
580 2902 721 2958 ubihiems
738 2903 884 2971 advenerit,
901 2911 1073 2973 cognoscent,
1090 2904 1270 2973 quidaestate
1281 2922 1342 2975 per·

151 2992 325 3061 petraverint.
358 2986 543 3054 Considerate,
560 3000 607 3041 eos
624 2993 706 3054 capnt
724 3002 802 3042 suum
819 2989 941 3043 haeresis
959 2988 1069 3043 crimim
1087 2989 1241 3045 damnasse
1276 2991 1340 3059 Agi-

150 3085 178 3130 te
188 3075 260 3141 dum,
277 3071 438 3141 respondete
446 3069 655 3139 praedicatores,
667 3070 713 3138 qui
722 3071 894 3139 praedicatis,
905 3086 1003 3140 papam
1013 3086 1073 3126 esse
1085 3071 1165 3127 deum
1177 3078 1342 3139 umerum,

150 3175 211 3214 eum
229 3174 282 3212 non
300 3171 379 3225 posse
397 3170 510 3224 peccare
527 3168 615 3222 neque
632 3155 771 3210 simoniam
788 3155 963 3223 committere,
980 3156 1050 3209 sicta
1063 3155 1252 3222 jurisconsulti
1268 3156 1342 3211 affir-

149 3250 233 3311 mant,
262 3256 360 3310 papam
377 3254 438 3294 esse
455 3246 536 3307 caput
552 3239 636 3293 totins
652 3237 784 3293 ecelesiae
802 3243 921 3306 sanotae,
950 3239 1036 3306 ipsam
1053 3254 1151 3306 regens
1167 3238 1342 3294 sufficienda·

150 3328 225 3394 sime,
253 3341 300 3380 cor
318 3324 461 3392 eeclesiae,
478 3323 565 3389 ipsam
581 3321 761 3391 spiritualiter
776 3321 922 3390 vivificans,
939 3322 1050 3391 fontem,
1067 3339 1102 3376 ex
1118 3336 1172 3390 quo
1189 3322 1278 3379 omnis
1293 3338 1342 3392 po·

150 3417 235 3465 testas
252 3415 281 3464 et
296 3407 402 3464 bonitas
418 3410 568 3474 promanat,
594 3406 680 3460 solem
697 3406 828 3460 ecelesiae
847 3414 956 3460 sanctae
974 3413 1002 3461 et
1019 3406 1153 3474 refugium
1169 3405 1338 3474 indeficiens,

150 3493 186 3548 ad
202 3492 274 3562 qaod
292 3490 439 3560 quemlibet
455 3490 631 3543 christianum
656 3489 802 3558 coningere
827 3497 957 3558 oporteat
991 3491 1063 3545 Ecce
1090 3505 1154 3545 vero
1174 3489 1234 3559 jam
1261 3495 1342 3559 eaput

150 3575 218 3631 illud
234 3575 393 3643 praecisum,
420 3572 487 3627 deus
504 3574 641 3628 terrestris
658 3574 771 3643 vinctus,
793 3573 851 3643 jam
869 3575 930 3642 ejus
947 3582 1059 3642 peccata
1084 3574 1175 3642 palam
1193 3573 1341 3641 declarata,

147 3662 205 3730 jam
223 3658 284 3712 iens
301 3656 408 3725 deiecit,
434 3656 475 3711 sol
492 3656 652 3712 obscuratus
671 3663 721 3727 est,
747 3674 794 3713 cor
811 3659 941 3727 evulsum,
965 3657 1098 3726 refugium
1117 3658 1278 3714 mutuum
1293 3671 1340 3711 an·

150 3746 220 3813 ingit
231 3750 312 3811 atque
323 3741 459 3809 abjectum
472 3746 520 3803 est,
539 3756 572 3795 ne
591 3742 651 3810 quis
668 3742 703 3796 ad
720 3741 747 3796 id
765 3742 931 3810 confugeret.
974 3741 1122 3797 Concilium
1139 3757 1201 3795 eum
1218 3741 1341 3797 haeresis

150 3826 260 3882 cmmine
277 3822 471 3889 condemnavit,
489 3822 561 3891 quod
578 3823 767 3894 indulgentias,
786 3827 957 3893 episcopatus
974 3826 1081 3893 aliaque
1093 3824 1225 3880 beneficia
1241 3825 1340 3880 vende·

149 3910 205 3977 bat,
222 3909 294 3976 iique
311 3906 363 3974 ipsi
380 3921 442 3960 eum
459 3905 678 3970 condemnarunt,
696 3923 808 3975 qnorum
820 3909 896 3962 multi
914 3908 949 3963 ab
967 3923 999 3963 eo
1016 3909 1142 3964 emebant
1159 3909 1260 3978 aliique
1277 3909 1339 3963 aliis

150 4008 184 4048 ea
200 3991 347 4046 vendentes
364 3996 542 4044 mercaturam
559 3992 747 4047 excernebant
775 3993 880 4046 Aderat
895 3993 932 4046 ibi
949 3992 1078 4055 loannes,
1097 3993 1240 4060 episcopus
1256 3993 1339 4047 Luto·

150 4076 300 4147 myslensis,
322 4074 372 4142 qui·
388 4072 430 4127 bis
453 4074 636 4142 episcopatum
654 4076 816 4143 Pragensem
834 4092 924 4131 emere
942 4083 1055 4131 conatus
1072 4083 1127 4143 est3
1151 4074 1200 4129 sed
1217 4076 1265 4130 alii
1282 4075 1339 4131 lici·

151 4162 253 4216 tadone
279 4175 340 4214 eum
358 4165 528 4226 superarunt.
563 4157 651 4213 Ocur
668 4161 743 4227 prius
767 4160 872 4215 trabem
890 4176 924 4215 ex
942 4160 1020 4215 oculo
1046 4175 1095 4214 suo
1112 4174 1166 4213 non
1183 4159 1340 4228 ejecerunt?

150 4245 276 4300 Profecto
294 4258 386 4296 eorum
402 4241 448 4310 jus
466 4243 571 4297 statuit:
591 4243 635 4310 „Si
653 4244 713 4310 quis
730 4243 889 4312 dignitatem
915 4244 1032 4312 aliquam
1048 4244 1164 4312 pecunia
1180 4250 1339 4299 consecutus

151 4338 200 4397 est,
227 4342 260 4380 ea
277 4327 420 4393 privetur.“
454 4325 528 4393 Ergo
546 4333 574 4381 et
590 4327 713 4382 venditor
739 4334 767 4383 et
783 4333 870 4382 emtor
886 4333 915 4383 et
932 4329 977 4395 qui
1000 4328 1111 4383 arrham
1137 4327 1213 4383 dedit
1231 4335 1259 4383 at
1278 4342 1340 4397 pm·

162 4506 347 4514 .———-.—.

206 4591 228 4655 *l
247 4595 284 4645 Ol.
302 4609 381 4646 notam
399 4613 454 4660 pag.
475 4601 529 4647 1³2.
