2992 5258
389 427 415 482 9.
450 425 488 481 ll.
510 425 639 482 stanislai
657 431 685 481 et
702 425 784 480 Palae
800 439 924 480 esromae
940 424 1133 480 &noniames
1297 427 1359 492 345

742 674 777 748 9.

154 904 429 1012 Uniuersitas
450 902 579 986 studii
601 900 831 1011 Pragcnsis
854 899 1036 1010 collegio
1052 894 1357 982 Cardinalium.

150 1152 313 1213 Precotur,
331 1161 361 1205 ut
372 1150 508 1220 Magistri
525 1151 686 1204 stanislaos
703 1149 736 1202 de
755 1147 883 1218 Zraoymo
901 1157 926 1201 ct
939 1147 1095 1217 stephanus
1112 1148 1146 1200 de
1161 1147 1249 1201 Palae
1265 1165 1278 1199 e
1296 1165 1358 1200 cor·

481 1236 589 1288 ceribus
610 1233 830 1288 Bononiensibus
848 1232 1035 1285 dimittantur.

601 1436 713 1503 Pragae,
733 1437 807 1502 1408,
824 1436 842 1488 8
859 1434 924 1488 Dec.

496 1739 540 1800 (E
556 1737 617 1792 MS.
645 1736 741 1791 Visun.
760 1734 842 1799 4937,
855 1736 881 1806 s.
900 1734 953 1790 211
970 1737 1026 1804 sq.)

737 2042 774 2107 A.

261 2230 409 2294 Paratum
440 2226 576 2292 animum
605 2229 638 2290 in
662 2227 795 2307 singulis
829 2226 969 2292 obedire.
998 2227 1078 2304 Quia
1109 2228 1249 2292 virorum
1265 2243 1358 2291 vene·
1464 2253 1465 2256 ¹

149 2330 326 2411 tribilium,
359 2329 549 2412 praesertim
583 2329 635 2408 qui
666 2345 828 2392 sacrarum
861 2328 1026 2394 literarum
1057 2329 1166 2410 vigent
1192 2327 1357 2409 sapientia,

112 2510 118 2521 Ι
149 2434 283 2516 pollent
304 2429 547 2496 conversatione
569 2428 720 2493 laudabili
743 2434 776 2494 et
797 2429 944 2495 doctrina
965 2436 1101 2511 prosunt
1122 2429 1233 2507 solida
1249 2427 1359 2494 laudes

151 2552 222 2599 non
245 2532 320 2598 licet
336 2531 534 2613 pertransire
558 2529 695 2610 silentio,
718 2529 776 2595 sed
792 2530 897 2609 corde,
921 2548 997 2596 voce
1021 2537 1054 2596 et
1076 2531 1195 2612 scripto
1218 2531 1360 2612 ipsorum

155 2631 270 2698 landes
293 2631 491 2713 depromere,
514 2648 574 2696 nec
596 2648 659 2713 non
681 2631 826 2697 veritatis
850 2632 1057 2713 comprobare
1080 2631 1273 2710 testimonio,
1296 2650 1358 2713 quo

159 2739 318 2815 tamquam
354 2730 547 2797 validissimo
578 2732 688 2813 clypeo
721 2751 739 2797 a
773 2733 982 2813 reproborum
1016 2739 1203 2814 tegerentur
1235 2733 1359 2798 insulti-

161 2834 228 2915 bus,
251 2842 284 2899 et
304 2833 470 2899 infortunii
494 2841 682 2899 occurrente
705 2842 849 2917 tempore
868 2853 887 2899 a
908 2834 1029 2916 laqueis
1042 2836 1195 2916 jacturae,
1218 2834 1358 2899 venatio-

166 2935 211 2999 nis
226 2941 257 3000 et
272 2934 447 3001 calumniae
477 2934 685 2999 salvarentur.
715 2933 793 2999 Cum
815 2935 913 3018 igitur
935 2935 975 3000 ad
1001 2944 1141 3000 nostram
1164 2935 1357 3000 audientiam

171 3035 332 3113 prohdolor
354 3053 446 3101 casus
468 3034 681 3100 lamentabilis
722 3036 923 3117 pervenerit,
955 3035 1040 3117 quod
1072 3037 1270 3101 venerabiles
1298 3035 1359 3101 viri

105 3120 110 3140 ⁸
173 3132 392 3207 ld.Stanislaus
415 3134 455 3199 de
476 3134 616 3216 Znoyma
639 3152 749 3201 sacrae
773 3136 952 3215 theologiae
975 3135 1147 3217 professor,
1172 3136 1358 3217 collegiatus

177 3235 282 3318 collegii
307 3235 424 3315 Caroli,
448 3243 481 3301 et
503 3235 545 3300 Μ.
569 3234 749 3318 Stephanus
777 3236 816 3299 do
839 3236 951 3300 Paleou
975 3235 1117 3318 ejusdem
1140 3254 1250 3301 sacrae
1266 3236 1356 3301 theo-

174 3330 261 3412 logiae
277 3336 504 3402 baccalaureus
520 3335 687 3416 formatus,
710 3336 898 3417 collegiatus
914 3334 1038 3416 collegii
1062 3336 1146 3418 regis
1171 3335 1357 3415 Wenceslai

173 3443 288 3504 nostrae
311 3436 531 3502 universitatis
547 3436 610 3500 'filii
633 3437 802 3516 carissimi,
832 3438 896 3502 sint
917 3437 1009 3502 bonis
1032 3438 1146 3520 privati
1171 3445 1204 3503 et
1220 3437 1358 3520 captiva·

167 3531 246 3603 tione
276 3538 464 3620 mancipati:
495 3538 610 3601 merito
644 3537 814 3618 specialem
847 3556 955 3604 curram
988 3555 1086 3619 super
1117 3538 1196 3620 ipsis
1228 3545 1358 3604 nostrae

163 3632 377 3706 universitatis
392 3637 465 3703 filiis
488 3637 660 3703 carissimis
676 3645 827 3717 gerentes
843 3657 905 3702 non
927 3639 1090 3716 modicam,
1113 3640 1255 3720 ipsorum
1270 3639 1358 3720 vigo·

156 3741 261 3804 rosam
272 3740 473 3823 sapientiam,
490 3740 763 3804 conversationem
776 3739 966 3804 laudabilem
983 3746 1016 3805 et
1028 3740 1204 3805 doctrinam
1216 3739 1357 3818 solidam,

153 3839 248 3904 illam
270 3839 422 3921 legendo,
458 3839 648 3921 disputando
685 3847 718 3904 et
749 3839 963 3922 praedicando
998 3841 1151 3906 hactenus
1176 3847 1361 3922 gesserunt:¹

149 3937 381 4007 praesentibus
396 3960 437 4006 ex
452 3941 557 4006 annno
570 3948 794 4005 contestamur.
818 3940 999 4023 Eapropter
1014 3960 1032 4006 o
1049 3948 1158 4023 patres
1180 3942 1213 4005 in
1229 3941 1357 4007 Christo

148 4035 255 4133 ΨΜ,
278 4041 459 4124 dominique
475 4042 751 4123 praestantissimi,
773 4041 898 4105 Vestris
914 4040 1189 4106 Dominationibus
1199 4048 1232 4106 et
1246 4041 1357 4121 benig·

148 4134 295 4207 ¹¹¹⁸simis
317 4142 570 4208 Paternitatibus
597 4142 759 4207 humiliter
781 4161 819 4207 ex
834 4143 938 4207 animo
961 4143 1184 4225 supplicamus,
1201 4148 1357 4222 quatenus

149 4235 316 4332 lfaeiatos
340 4245 521 4325 magistros,
546 4250 676 4308 nostrae
693 4243 911 4309 universitatis
933 4241 1014 4308 filios
1037 4243 1226 4320 carissimos,
1249 4249 1357 4307 anne
1399 4327 1401 4330 Ι

152 4314 322 4409 ‘hgssitatn
345 4350 475 4410 sanctae
499 4344 653 4409 ecclesiae
687 4345 772 4408 viros
796 4343 1003 4424 dignaremini
1027 4343 1167 4423 gratiose
1195 4343 1356 4426 respicere

156 4427 189 4485 ‘i
212 4432 291 4518 ipsis
307 4444 459 4510 exhibere
476 4443 701 4523 srrffcrentiam,
727 4450 762 4507 ut
776 4463 796 4508 a
811 4445 996 4525 captivitate
1011 4443 1113 4520 liberi,
1137 4443 1234 4507 salvis
1250 4442 1355 4521 rebus,

158 4516 280 4609 honere
294 4551 328 4611 et
341 4551 427 4611 statu
452 4545 587 4627 pristino
614 4544 655 4608 de
668 4543 857 4608 Vestrarum
877 4543 1133 4609 Dominationum
1148 4544 1354 4623 benignitati·

162 4616 219 4695 bui
234 4646 377 4720 gratuitis
399 4646 599 4727 inposterum
622 4646 812 4728 potirentur.
836 4646 903 4708 Vm
925 4644 1096 4726 dignentur
1118 4644 1266 4710 inclinari
1283 4662 1355 4726 gra·
