2992 5258
146 425 209 493 414
389 419 594 478 Controversiae
615 415 649 476 de
666 416 797 488 religione
815 418 843 474 in
860 412 1004 475 Bohemic:
1023 412 1096 470 illo.
1126 446 1130 452 -

147 625 278 693 verbum
306 624 433 708 saepius
467 598 708 708 praedicatum?
731 631 796 715 'aut
828 617 986 705 quomodo
1015 627 1181 693 audiemus
1213 611 1341 680 verbum

149 727 277 806 domini,
299 727 373 791 dum
396 744 523 808 campos
545 726 734 806 tenebimus,
759 725 883 807 quando
906 727 1040 795 maxime
1062 737 1113 796 est
1134 723 1268 798 verbum
1289 730 1342 796 do·

148 827 225 893 mini
253 827 464 893 audiendum?
493 827 637 910 Denique
671 828 805 894 miratur
833 834 921 895 totus
953 831 1107 912 populus,
1136 851 1195 897 cur
1226 830 1343 913 capella

149 929 345 1007 Bethlehem,
373 929 405 992 in
432 927 535 993 medio
563 928 701 993 civitatis
727 929 898 1009 Pragensis
926 930 1004 1011 sita,
1031 951 1052 997 a
1080 933 1252 998 diocesano
1275 938 1343 997 eta

151 1029 227 1096 sede
241 1029 417 1112 apostolica
438 1047 496 1110 pro
519 1029 609 1094 verbi
631 1028 727 1093 divini
743 1030 981 1112 praedicatione
999 1031 1193 1115 confirmata,
1216 1033 1270 1101 cui
1284 1050 1343 1099 nou

151 1137 201 1197 est
228 1150 286 1214 par
308 1130 481 1196 claustrum
502 1136 558 1195 aut
587 1130 777 1212 parochialis
801 1131 936 1197 ecclesia
958 1133 991 1197 in
1009 1180 1182 1197 .....
1200 1134 1243 1201 ad
1258 1133 1343 1201 audi·

151 1230 266 1296 endum
296 1229 428 1296 verbum
461 1228 513 1294 dei
544 1230 578 1293 in
610 1235 679 1296 toto
711 1249 812 1313 regno
834 1230 1020 1314 Bohemiae‚
1052 1252 1133 1315 quae
1163 1239 1213 1301 tot
1245 1233 1341 1301 millia

151 1330 312 1396 bominum
348 1337 457 1414 posset
489 1330 657 1412 colligere,
692 1330 808 1398 debeat
838 1334 937 1400 verbo
969 1333 1088 1400 domini
1116 1335 1183 1417 jnm
1217 1333 1344 1417 privam.

151 1431 301 1514 Magnum
338 1438 426 1496 certe
459 1431 641 1498 scandalum
670 1439 704 1498 et
725 1433 832 1515 gravis
861 1432 1027 1501 distractio
1053 1435 1171 1517 populi,
1195 1434 1260 1500 nisi
1287 1433 1339 1501 Ψ·

152 1531 360 1615 interceperit
381 1530 549 1612 Sanctitas,
573 1533 703 1598 orietur.
727 1533 929 1617 Quapropter
943 1534 984 1600 ad
1000 1535 1068 1599 V¹⁸⁰
1081 1534 1185 1600 Sanct.
1211 1534 1344 1600 clemen·

150 1633 227 1700 tiam
238 1632 438 1714 confugimus
449 1632 611 1698 humiliter
633 1634 858 1717 supplicantes
882 1643 1038 1717 quatenus
1057 1636 1344 1702 salutemnostram

152 1734 327 1815 respiciens
354 1740 387 1800 et
415 1732 516 1800 fidelis
552 1734 661 1817 populi
693 1735 921 1815 obedientiam,
952 1736 1137 1816 dignaretur
1166 1735 1344 1817 hujusmodi

151 1835 343 1900 sententiam
366 1835 492 1916 tollere,
519 1837 651 1901 verbum
672 1836 824 1903 libertate
848 1826 965 1902 domiui
988 1843 1021 1902 et
1043 1836 1198 1919 capellam
1219 1836 1344 1902 Betble

152 1934 224 2000 bem
246 1933 441 2000 confirmare.
485 1936 538 2003 Sic
567 1937 650 2002 enim
673 1937 740 2001 Vtle
761 1935 874 2002 Sauotls
897 1935 953 2001 filii
975 1936 1006 2000 iu
1029 1936 1143 2002 melius
1165 1933 1343 2018 proficient,

154 2034 212 2100 deo
235 2042 269 2100 et
290 2035 443 2101 ecclesiae
465 2036 628 2103 humiliter
653 2037 841 2103 servientes.
863 2038 935 2103 Dat.
958 2038 1105 2118 Pragae.
1139 2085 1146 2100 .
1181 2086 1189 2100 .

352 2152 455 2218 Sanct
481 2155 548 2218 Vme
570 2155 704 2220 humiles
726 2154 790 2233 lilii¹
813 2155 939 2222 Laczlro
961 2154 1113 2235 magister
1135 2156 1244 2221 curiae
1260 2155 1345 2221 Rom.

436 2267 470 2325 et
489 2258 567 2324 Bob.
589 2254 685 2335 regis,
708 2261 742 2319 et
755 2255 871 2320 Petrus
886 2254 986 2320 frater
1000 2255 1079 2337 ejus,
1101 2255 1241 2320 barones
1256 2255 1345 2321 bero

435 2363 508 2427 niae
533 2357 572 2421 de
588 2356 750 2421 Krawaru.

651 2540 853 2550 ----———-

737 2708 771 2775 (i.

399 2867 536 2932 Berones
559 2863 599 2928 do
622 2861 800 2925 Potenatein
823 2858 969 2942 (aliique)
992 2857 1104 2922 eidem.

257 3055 423 3127 Sanctitati
445 3051 593 3118 humilem
616 3046 810 3111 servitutem.
842 3043 919 3108 Cum
941 3043 1048 3107 divina
1069 3041 1273 3123 providentia
1294 3040 1349 3105 bu·

157 3182 249 3229 mano
279 3158 390 3242 generi
416 3157 477 3220 boc
504 3148 671 3231 reliquerit
697 3146 885 3225 remedium,
914 3150 950 3209 ut
979 3144 1052 3208 dum
1078 3142 1256 3225 periculum
1276 3139 1349 3206 facti

158 3261 350 3337 occurrerit,
378 3256 418 3323 ad
454 3252 653 3335 superiorum
684 3247 859 3312 subsidium
885 3245 1085 3309 convolaret:
1108 3242 1238 3321 merito,
1260 3248 1351 3324 pater

157 3360 356 3430 beatissime!
374 3376 444 3423 cum
467 3355 498 3418 in
522 3354 590 3416 Vrao
612 3350 716 3416 Sanct.
733 3346 902 3412 clementia
916 3363 1038 3409 summa
1058 3342 1183 3423 fulgeat
1204 3342 1350 3423 dignitas

160 3484 230 3531 cnm
259 3460 375 3527 ceteris
405 3455 496 3537 regui
529 3452 700 3517 Bohemiac
731 3454 880 3529 gravatus
908 3446 1036 3524 incede,
1067 3445 1107 3509 ad
1130 3444 1199 3509 Vm
1221 3460 1350 3509 recurro

159 3564 283 3632 Sanct²¹⁸
301 3558 510 3635 clementiam,
526 3573 576 3618 me
590 3550 688 3616 filium
704 3548 906 3615 obedieutiae
920 3546 1083 3611 humiliter
1106 3543 1350 3627 prosternendo¹

159 3672 315 3747 qrratenus
338 3659 467 3742 pietatis
489 3655 636 3737 apericus
663 3651 771 3717 oculos
793 3649 979 3735 dignaretur
1001 3649 1175 3728 gratiosum
1197 3646 1351 3729 praebere

158 3765 316 3840 intuitum,
330 3766 531 3842 praetensam
543 3754 582 3819 de
597 3751 810 3836 prohibitione
827 3748 1072 3832 praedicationis
1085 3754 1119 3813 et
1130 3747 1348 3814 combustione

160 3866 312 3931 librorum
334 3862 447 3925 tollere
469 3856 660 3922 senteutiam
683 3859 716 3916 et
736 3851 867 3914 verbum
890 3849 1041 3914 libertate
1062 3849 1141 3914 Jesu
1165 3847 1288 3915 Christi
1297 3846 1351 3913 do·

159 3966 245 4044 mini,
268 3971 304 4028 ut
321 3964 413 4044 iuxta
435 3958 502 4040 ejus
524 3960 730 4038 praeceptum
756 3951 989 4016 sanctissimum
1011 3951 1107 4015 etiam
1129 3950 1164 4014 in
1186 3949 1284 4016 tectis
1303 3964 1350 4013 se·

160 4066 295 4132 cundum
318 4058 467 4127 auditorii
490 4056 682 4137 exigentiam
708 4052 920 4135 praedicetur.
953 4051 1000 4114 Ab
1023 4050 1072 4114 bis
1094 4068 1159 4114 non
1181 4044 1350 4115 declinabit

160 4186 269 4233 aurem
287 4167 341 4229 V¹⁸
370 4161 507 4243 benigna
525 4159 664 4235 Sanotffl,
687 4153 744 4219 sed
758 4153 858 4233 magis
880 4152 1056 4216 imitabitur
1076 4150 1115 4214 Ι).
1136 4151 1249 4216 ,Iesum
1264 4148 1369 4243 Chri·⁸

161 4276 253 4335 stum.
274 4267 347 4331 Dat.
369 4265 500 4345 Progne,
526 4263 563 4325 19
589 4255 779 4323 diemonsis
801 4253 1007 4336 Septembris.

371 4364 521 4429 Nicolaus
554 4359 631 4424 baro
665 4354 815 4422 baroniae
847 4354 887 4418 de
918 4352 1107 4418 Poteustein
1147 4347 1345 4418 residensin

443 4461 608 4544 dampnet,
632 4460 699 4522 V¹⁸⁶
720 4457 825 4523 Sanct.
851 4455 978 4543 humilis
999 4453 1091 4519 filius.

261 4598 393 4670 Ejusdem
405 4595 556 4665 argumenti
567 4595 672 4660 literae,
691 4591 771 4645 datae
789 4590 823 4644 ab
841 4589 901 4644 aliis
913 4604 1019 4656 qnoque
1031 4585 1180 4643 baronibus
1194 4583 1240 4653 (da
1251 4580 1343 4640 mar·

163 4687 240 4744 loric
256 4692 286 4743 et
301 4683 453 4752 anonymis)
469 4680 570 4737 ibidem
587 4679 645 4745 (fol.
664 4680 712 4732 117
730 4682 759 4730 et
776 4674 835 4740 ma)
852 4674 989 4742 leguntur.

722 4820 758 4827 .-.
764 4818 854 4827 ·-ι..ι
