2992 5258
405 429 447 480 bl.
464 426 491 481 J.
525 427 675 496 Replicatis
693 429 882 498 magistrorum
901 428 1084 497 pragensium.
1280 430 1342 495 495

730 700 759 765 J.

147 915 323 998 Replicatis
346 916 566 999 magistrorum
583 916 783 1001 Prusensium
806 921 914 982 contra
937 915 1134 982 conditiones
1155 915 1343 979 oonoordiao

495 1017 681 1083 aiaouitato
705 1018 880 1102 theotonica
903 1017 992 1081 istas.

254 1334 298 1399 (Ε
313 1333 376 1387 Mc
402 1331 498 1387 Vicum.
516 1330 598 1395 4941,
610 1335 635 1403 s.
654 1330 771 1388 27-30.
809 1333 869 1387 MS.
887 1335 960 1388 uuio.
981 1333 1069 1399 Proo.
1091 1331 1122 1393 V,
1144 1331 1178 1386 G.
1188 1331 1245 1399 11.)

736 1486 849 1495 ..—

254 1637 359 1704 Primo
387 1637 624 1703 fundamentum
652 1635 835 1717 doctorum,
863 1654 960 1720 super
987 1653 1051 1718 qrro
1078 1635 1212 1702 fundant
1241 1635 1346 1701 omnis

150 1754 212 1802 sua
233 1738 353 1820 scripta
381 1746 415 1804 et
440 1739 586 1820 consilia,
616 1744 665 1804 est
697 1736 825 1819 falsum,
856 1744 934 1821 pum
965 1735 1049 1820 quod
1081 1737 1207 1818 quidam
1242 1736 1346 1802 clerus

149 1839 187 1903 in
208 1856 308 1920 reguo
330 1839 503 1905 Bohemiae
535 1841 578 1905 sit
598 1839 734 1922 pestifer
768 1847 801 1906 ot
834 1856 1002 1919 erroneus,
1030 1838 1111 1904 male
1138 1839 1281 1903 sentiens
1306 1836 1347 1902 de

151 1941 379 2021 sacramentis3
409 1960 467 2024 per
496 1941 580 2023 quod
609 1959 673 2008 non
704 1941 964 2024 exstirpabuntur
992 1939 1208 2005 dissensiones
1231 1944 1265 2005 et
1285 1956 1347 2021 par

152 2039 389 2121 reformabitur,
412 2041 470 2107 sed
490 2042 597 2124 potins
619 2049 653 2108 et
674 2043 780 2107 verius
795 2060 928 2124 regnum
943 2041 982 2106 de
998 2057 1079 2106 novo
1096 2045 1145 2104 esi
1161 2039 1346 2105 infamatum

153 2148 189 2207 ot
200 2141 377 2209 discordiae
388 2159 489 2208 novae
500 2143 745 2222 generabuntur.
768 2142 854 2225 Ergo
878 2140 1041 2207 vemficent
1062 2159 1154 2206 suum
1175 2139 1293 2206 dictum
1314 2146 1346 2203 et

151 2240 400 2323 fundamentum
424 2261 459 2309 se
480 2243 520 2308 ad
542 2260 677 2326 poenam
700 2243 826 2310 talionis
848 2242 1070 2325 astringendo!

254 2343 293 2408 It.
315 2344 427 2408 tarsum
449 2351 605 2423 asserunt,
628 2343 771 2410 dicentes
794 2362 906 2428 papam
929 2348 962 2410 et
983 2342 1160 2409 cardinales
1190 2357 1284 2407 veros
1313 2345 1346 2406 et

153 2442 342 2509 manifestos
363 2443 451 2508 Petri
479 2449 513 2508 et
540 2444 756 2526 apostolorum
778 2462 990 2523 successores,
1013 2460 1073 2508 nec
1094 2460 1189 2525 posse
1210 2440 1347 2507 inveniri

154 2551 191 2610 et
217 2542 286 2627 dari
315 2549 559 2626 superterram
588 2544 667 2610 alios
696 2545 784 2611 Petri
820 2552 854 2609 et
885 2545 1101 2628 apostolorum
1135 2557 1348 2619 successoros,

154 2662 250 2727 quarn
272 2661 385 2726 papam
401 2644 454 2726 qni
470 2651 521 2710 est
537 2651 640 2727 capm,
664 2650 697 2711 et
711 2643 889 2711 cardinales
904 2646 957 2728 qui
973 2652 1047 2711 sunt
1063 2661 1178 2727 corpus
1191 2644 1349 2709 Romanae

155 2744 320 2824 ecclesiae,
335 2762 405 2809 curn
421 2763 513 2810 nemo
535 2746 596 2810 scit
617 2765 658 2811 an
679 2747 752 2812 odio
773 2747 824 2812 voi
838 2764 946 2812 amoro
972 2745 1086 2827 dignus
1111 2744 1163 2824 sit
1186 2751 1219 2810 et
1239 2759 1349 2808 omues

156 2845 300 2931 episcopi
322 2851 356 2909 et
376 2845 560 2912 sacerdotes
582 2848 797 2928 apostolorum
819 2853 894 2913 sunt
915 2863 1134 2925 antecessores,
1168 2863 1226 2911 neo
1248 2844 1350 2910 altera

154 2949 317 3014 -Rornanac
339 2946 428 3012 urbis
450 2948 592 3028 ecclesia,
616 2948 718 3014 altera
739 2949 838 3015 totius
853 2949 940 3014 orbis
956 2946 1130 3026 etdalliae,
1152 2944 1347 3022 Britanniae,

155 3047 321 3121 Francius,
351 3047 523 3112 &hemina
552 3064 590 3112 tc.
626 3049 744 3113 Omnes
776 3066 871 3113 unum
894 3047 1054 3113 Christum
1076 3046 1221 3126 adorant,
1255 3061 1349 3110 urnam

156 3149 329 3214 observant
359 3147 500 3228 regulam
528 3148 682 3214 veritatis.
726 3148 808 3226 Quid
843 3166 919 3229 ergo
953 3148 1046 3212 arnicas
1069 3146 1229 3211 Romanae
1262 3144 1350 3209 urbis

156 3247 429 3328 consuetudinem,
452 3247 493 3312 de
515 3267 577 3329 qun
599 3255 702 3314 ortum
725 3255 775 3314 est
804 3248 1017 3332 supercilium,
1039 3248 1072 3311 in
1085 3247 1172 3327 leges
1194 3244 1348 3311 ecclesiae

157 3348 351 3416 vendicant?
393 3348 459 3414 Ista
480 3353 514 3412 et
535 3348 627 3432 plura
648 3350 711 3415 alia
732 3349 861 3432 praevie
882 3367 998 3415 causae
1019 3349 1185 3414 doctorum
1201 3363 1258 3428 pro
1274 3361 1349 3411 eon·

157 3449 268 3517 cordia
296 3447 400 3514 fienda
428 3448 461 3512 in
483 3455 552 3515 tcto
574 3451 735 3516 contraria
755 3450 905 3532 leguntur
926 3458 961 3516 et
981 3456 1133 3516 notantur
1154 3446 1245 3532 (XIII
1265 3444 1295 3512 d.
1317 3447 1350 3511 in

158 3568 359 3633 canonecap.
372 3549 542 3630 Legimus).
587 3550 630 3616 Et
651 3552 840 3632 pracsertim
860 3551 1117 3634 quamsaepe,
1135 3545 1350 3613 sedChristus

158 3656 209 3717 est
230 3656 336 3733 caput,
362 3667 423 3714 nec
445 3649 630 3729 cardinales,
654 3650 710 3716 sed
733 3668 841 3717 omnes
863 3651 983 3717 Christi
1005 3649 1116 3717 fideles
1138 3655 1213 3716 stant
1235 3665 1350 3732 corpus

158 3750 334 3817 catholicae
364 3755 398 3815 et
419 3751 578 3817 Romanae
607 3751 777 3831 ecclesiae,
807 3757 843 3818 ut
872 3753 974 3818 omnis
1006 3770 1097 3819 sacra
1129 3751 1288 3833 scriptura
1320 3753 1354 3813 et

159 3856 342 3919 sanctorm
372 3855 497 3932 patrum
525 3850 655 3917 decreta
676 3852 812 3917 clamant
833 3860 866 3919 ct
887 3852 1055 3919 affirmant.
1099 3851 1192 3917 Unde
1216 3851 1256 3917 de
1275 3849 1348 3933 jure

156 3950 293 4033 iurando
315 3951 348 4016 in
370 3970 438 4034 cap.
462 3951 595 4017 Rotnani
612 3952 658 4017 sic
673 3952 803 4018 dicitur:
828 3954 960 4018 Romam
975 3953 1136 4036 principes
1154 3951 1349 4019 orthodoxae

159 4051 234 4118 fidoi
262 4050 461 4136 professores
491 4059 725 4118 sacrosanctam
747 4054 918 4119 Romanam
948 4053 1122 4137 ecclesiam,
1145 4056 1234 4138 cujus
1256 4056 1352 4134 caput

160 4161 211 4220 est
230 4151 387 4234 Christus,
414 4172 451 4219 ac
474 4155 649 4219 Romanurn
677 4152 858 4237 pontificem
887 4156 1029 4237 ejusdem
1055 4154 1245 4222 redemtoris
1266 4151 1351 4217 vico·

159 4255 251 4325 rium,
274 4253 398 4320 fervore
420 4254 494 4320 fidei
516 4273 552 4320 ac
573 4254 680 4321 clarae
702 4254 880 4321 devotionis
902 4256 1130 4339 promtitudine
1145 4261 1346 4322 venerantes.

159 4352 247 4420 Idern
274 4354 307 4419 in
336 4355 474 4436 capitulo
504 4355 596 4420 unico
630 4354 669 4420 de
698 4357 854 4438 baptismo
884 4363 917 4422 et
946 4358 1014 4440 ejas
1042 4357 1217 4437 effectibus,
1240 4360 1273 4421 et
1295 4371 1354 4437 per

159 4454 337 4538 apostolum
365 4456 405 4522 ad
426 4457 640 4524 Thessalonic.
670 4465 704 4524 et
731 4458 808 4523 0011,
841 4459 966 4538 dicitur,
999 4457 1084 4540 qnod
1120 4458 1266 4524 Christus
1307 4462 1357 4523 est

160 4563 255 4639 caput
277 4574 375 4638 super
396 4575 520 4622 omnem
545 4558 720 4623 ecclesiam.
751 4559 812 4624 Ubi
834 4566 933 4642 patet,
956 4557 1040 4640 qood
1055 4559 1172 4624 dictum
1188 4558 1353 4624 doctorum

158 4657 191 4722 in
218 4657 283 4723 istc
309 4657 412 4741 primo
440 4659 575 4723 articulo
597 4661 693 4725 etism
715 4677 773 4742 per
795 4680 908 4743 papam
931 4667 981 4725 est
1002 4661 1124 4739 interam,
1147 4659 1207 4724 nisi
1229 4658 1349 4726 vellent
