2992 5258
387 411 430 463 25·
463 409 588 463 lnatrnrn.
612 414 697 463 ruotar.
715 406 789 475 pubi.
807 406 843 461 de
859 407 928 461 ilasi
944 406 1138 477 appellatione.
1296 413 1359 476 393

163 611 281 683 Wiclei,
304 610 423 672 definiat
445 618 475 672 et
495 612 655 671 sententiat
677 627 711 670 ac
732 611 908 670 condemnet
929 613 996 684 igue
1018 611 1253 672 comburendos?
1286 612 1357 672 Cum

161 713 232 784 ipsa
253 718 355 771 sancta
375 718 470 771 mater
490 712 618 771 ecclesia
638 714 667 771 iu
690 713 782 771 veteri
804 718 980 771 testamento
1003 719 1208 771 sacrosanctos
1230 713 1356 785 Moysen

163 820 197 873 et
218 813 371 872 Danielem
394 831 459 872 cum
488 812 554 871 aliis
584 813 716 871 scientiis
737 812 869 885 pluribus
891 813 1110 885 Aegyptiorum,
1133 811 1357 887 Chaldaeorum,

161 913 321 985 gentilium
344 919 375 971 et
394 912 569 990 infidelium,
603 929 722 986 quarum
755 913 979 984 superstitiones
1007 913 1233 985 perhorrebant,
1264 913 1357 970 libros

159 1012 314 1082 habuisse,
336 1019 367 1072 et
388 1014 465 1072 omni
487 1015 610 1073 scientia
632 1030 733 1071 eorum
756 1013 886 1072 eruditos
909 1012 1000 1073 luisse
1022 1014 1158 1085 perhibet
1178 1019 1209 1071 et
1222 1019 1355 1072 testatur.

159 1112 238 1184 Ipsa
266 1112 394 1172 ecclesia
421 1115 451 1171 in
479 1129 554 1171 novo
577 1119 752 1171 testamento
775 1113 835 1172 suis
858 1114 990 1185 epistolis
1012 1130 1070 1172 non
1093 1113 1184 1171 libros
1205 1111 1357 1185 gentilium

161 1213 221 1272 sed
248 1212 462 1271 haereticorum
489 1229 544 1284 pro
570 1213 746 1271 necessitate
774 1220 805 1272 et
834 1219 964 1284 tempore
994 1213 1094 1287 legere
1115 1212 1275 1284 praecepit,
1297 1227 1358 1269 non

157 1321 196 1372 nt
225 1313 346 1372 eosdem
373 1319 498 1382 teneant,
527 1315 579 1372 sed
608 1319 640 1371 ut
670 1329 787 1372 errores
814 1319 844 1372 et
872 1314 1012 1373 haereses
1041 1313 1197 1385 repudient
1225 1318 1255 1372 et
1276 1312 1357 1371 dete·

159 1419 289 1482 stentur,
323 1419 353 1472 et
378 1420 411 1472 nt
439 1414 531 1485 utilia,
554 1430 627 1486 quac
649 1414 680 1472 in
702 1414 745 1473 eia
767 1414 939 1483 invenerint,
970 1414 1009 1473 ad
1030 1430 1113 1473 usum
1136 1428 1238 1473 sacrae
1260 1411 1357 1470 erudi·

155 1513 254 1572 tionis
286 1514 386 1572 devoti
417 1520 595 1573 convertant
640 1514 723 1585 Quod
756 1520 786 1573 et
817 1515 882 1586 ipse
912 1514 1021 1573 Paulus
1056 1515 1195 1587 magister
1225 1513 1357 1585 gentium

158 1613 344 1686 approbans,
360 1629 463 1672 versus
479 1622 509 1672 et
524 1620 616 1672 metra
630 1614 781 1687 gentilium
797 1614 967 1672 eruditionis
983 1614 1117 1686 exemplo
1127 1615 1187 1672 suis
1201 1612 1357 1671 immiscuit

158 1713 331 1784 scripturis.
374 1713 533 1772 Praeterea
553 1715 583 1771 in
605 1714 844 1772 universitatibus
866 1714 1027 1773 studiomur
1049 1729 1103 1785 per
1124 1713 1224 1772 sedem
1238 1716 1357 1782 aposto-

159 1811 254 1871 licam
282 1812 530 1886 approbatorum,
557 1829 679 1872 necesse
714 1819 761 1872 est
788 1821 819 1872 nt
846 1813 996 1873 scholares
1027 1820 1058 1873 et
1085 1814 1236 1872 studentes
1264 1812 1357 1870 libros

153 1912 343 1983 Aristotelis,
364 1913 503 1971 Averrois
533 1914 767 1972 commentatoris
797 1921 827 1973 et
855 1914 977 1972 aliorum
1000 1913 1240 1986 philosophorum
1262 1912 1356 1984 genti-

156 2012 243 2089 lium,
266 2012 445 2084 principales
461 2013 599 2072 articulos
621 2012 689 2073 fidei
710 2021 852 2087 negantes
874 2021 904 2073 et
918 2015 1101 2074 continentes
1115 2014 1145 2071 in
1160 2029 1192 2074 se
1207 2014 1356 2080 haereses,

155 2129 283 2172 errores
316 2112 544 2172 innumerabiles
574 2121 605 2172 et
635 2113 776 2173 haereses
808 2112 993 2184 manifestas,
1026 2114 1195 2188 addiscere,
1228 2113 1357 2180 studere,

157 2212 277 2286 legere,
306 2218 336 2270 et
363 2214 514 2284 disputare
536 2220 566 2272 et
587 2214 660 2273 alios
684 2216 797 2284 docere,
827 2231 881 2286 pro
903 2215 1023 2283 honore,
1051 2215 1142 2287 gradu
1165 2221 1194 2273 et
1215 2213 1355 2286 dignitate

156 2313 329 2385 magistrah
357 2320 488 2385 possent
533 2314 694 2385 Quomodo,
723 2317 847 2387 iuquam,
877 2316 1010 2388 magistri
1031 2324 1061 2374 et
1082 2316 1220 2374 doctores
1243 2313 1356 2372 schola·

157 2414 232 2472 stici
255 2421 374 2473 sauctae
395 2415 481 2472 matri
503 2431 581 2484 suae,
603 2416 762 2474 universali
778 2417 928 2487 ecclesiae,
952 2416 1097 2476 obviando
1113 2415 1233 2488 argutiis
1251 2415 1355 2472 baere-

160 2515 302 2587 ticorum,
331 2521 454 2586 possent
479 2531 658 2584 succurrere,
688 2522 718 2574 et
742 2517 853 2575 utiliter
880 2517 970 2575 verbo
998 2533 1033 2575 ac
1061 2531 1151 2587 opere
1181 2514 1300 2582 servire,
1330 2513 1356 2571 si

158 2631 269 2672 omues
292 2619 322 2672 et
343 2615 451 2687 singuli
473 2615 541 2673 libri
563 2631 679 2674 errores
701 2617 747 2674 vel
768 2618 907 2675 haereses
929 2618 1122 2684 continentes,
1144 2619 1175 2671 ut
1197 2619 1357 2684 praetensa

156 2715 314 2773 sententia
335 2714 371 2774 D.
395 2713 556 2787 Sbynconis
579 2717 755 2786 praetendit,
777 2716 844 2789 igue
871 2714 1130 2777 comburerentur?
1152 2715 1268 2773 Revera
1289 2721 1356 2775 sunt

152 2820 191 2873 et
223 2814 294 2871 libri
322 2815 454 2887 magistri
477 2816 692 2884 sententiarum,
716 2817 815 2888 quiin
837 2816 937 2875 multis
959 2817 1074 2888 punctis
1097 2823 1128 2874 et
1149 2814 1280 2873 articulis
1302 2829 1357 2885 per

142 2914 303 2973 doctores
325 2931 383 2973 non
406 2919 549 2983 tenentur,
572 2916 707 2989 Origenis
730 2925 760 2975 et
780 2917 903 2975 aliorum
926 2918 1076 2976 doctorum
1097 2913 1190 2996 (quod
1212 2913 1293 2974 nelas
1309 2920 1356 2974 est

152 3013 279 3086 dicere)
300 3014 368 3086 igne
392 3015 516 3072 cremari
538 3022 698 3086 oporteret.

265 3113 466 3172 Protestamur
486 3122 582 3174 tamen
605 3123 727 3187 propter
747 3118 877 3176 aemulos
907 3134 943 3175 ex
965 3116 1216 3189 superabundanti
1237 3114 1356 3188 publice

155 3221 194 3273 et
225 3229 379 3288 expresse,
408 3216 648 3287 quemadmodum
673 3224 761 3276 antea
790 3219 923 3291 superius
950 3217 1055 3276 luimus
1084 3217 1248 3289 protestati
1276 3215 1354 3288 quod

150 3314 275 3374 nullum
313 3331 442 3373 errorem
478 3332 713 3389 quorumcunque
743 3317 885 3377 librorum
913 3318 1059 3377 tenuimus
1090 3324 1140 3376 aut
1161 3315 1353 3383 defendimus,

154 3421 326 3486 tenereque
348 3421 401 3473 aut
421 3413 580 3473 defendere
602 3417 779 3476 intendimus
802 3433 917 3490 quoquo
940 3418 1035 3476 modo.

263 3514 389 3585 insuper
410 3516 468 3573 ista
488 3516 694 3587 interpretatio
717 3523 861 3576 certorum
882 3516 1039 3577 verborum
1053 3518 1082 3576 in
1097 3516 1261 3590 praemissa
1274 3514 1356 3574 bulla

154 3615 336 3686 surreptitia
356 3616 517 3687 positorum
540 3634 598 3674 non
621 3624 666 3675 est
688 3618 797 3689 quiens,
820 3615 926 3677 efficax
947 3626 976 3677 ct
991 3619 1183 3687 rationabilis,
1209 3616 1353 3684 videlicet,

152 3715 243 3786 quod
267 3713 337 3772 libri
360 3716 401 3778 M.
424 3716 546 3775 Joannis
568 3715 679 3775 Wiclel
698 3718 808 3777 debent
828 3718 865 3777 ab
887 3720 979 3778 oculis
1001 3717 1129 3779 fidelium
1158 3719 1297 3789 amoveri,
1326 3723 1355 3776 et

150 3815 241 3887 qnod
265 3814 338 3875 haec
359 3817 467 3874 amotio
489 3816 526 3874 ab
549 3816 640 3874 oculis
662 3816 792 3876 fidelium
813 3817 864 3877 iiat
878 3834 932 3890 per
945 3820 1021 3891 iguis
1037 3820 1278 3890 combustionem,
1301 3820 1355 3876 toti

145 3926 254 3987 regno
283 3914 444 3972 Bohemiae
477 3922 508 3974 et
543 3918 753 3976 marchionatui
781 3919 931 3978 Moraviae
964 3927 994 3978 et
1029 3920 1094 3978 aliis
1130 3921 1288 3994 provinciis
1324 3924 1356 3976 et

153 4016 338 4086 praesertim
360 4017 542 4076 universitati
564 4018 722 4091 Progensis
745 4019 834 4078 studii
856 4037 975 4080 exosam
997 4026 1028 4078 ct
1042 4020 1127 4077 nimis
1142 4018 1353 4081 scandalosam.

162 4112 242 4173 Mam
273 4117 338 4187 ipsa
366 4117 442 4174 atina
470 4119 647 4177 universitas
678 4120 765 4177 studii
793 4120 951 4192 Progensis
974 4120 1011 4178 de
1033 4137 1111 4178 anno
1133 4118 1283 4193 praesenti
1304 4118 1353 4176 die

159 4219 205 4272 14
232 4217 340 4275 mensis
367 4218 456 4290 lunii,
485 4217 562 4277 facta
588 4221 677 4293 plena
705 4222 931 4292 congregatione
960 4221 1171 4292 magistrorum,
1195 4219 1353 4286 doctorum,

158 4313 388 4386 licentiatorum,
411 4319 668 4377 baccalaureorum
691 4328 720 4378 et
741 4322 906 4380 studentum
929 4338 1053 4390 suorum,
1076 4321 1129 4379 sub
1152 4335 1247 4392 poena
1268 4334 1354 4389 prae-

159 4416 225 4474 stili
246 4419 406 4487 jnramenti
429 4420 572 4477 conclusit
593 4427 623 4477 et
644 4420 745 4478 habuit
765 4438 820 4494 pro
835 4422 983 4496 concluso,
1006 4421 1083 4493 quod
1097 4421 1164 4492 ipsa
1177 4418 1353 4478 universitas

160 4515 297 4584 praelata
325 4517 361 4576 D.
385 4519 533 4592 prnconi
562 4520 782 4592 archiepiscopo
811 4540 875 4581 cum
905 4524 964 4580 suis
994 4521 1134 4592 praelatis
1162 4519 1199 4577 ad
1237 4518 1354 4578 combu-

165 4617 288 4676 stionem
310 4618 451 4679 hbroruru
471 4621 513 4679 M.
536 4622 658 4681 ioannis
681 4619 790 4680 ll'iclcf
809 4623 889 4681 nullo
922 4622 1008 4680 modo
1043 4621 1200 4690 consentit,
1232 4636 1269 4681 ue
1302 4634 1352 4677 ext
