2992 5258
406 450 446 501 57.
480 447 522 501 De
540 447 592 502 loci
609 446 643 501 ad
662 445 757 501 concil.
775 448 929 503 habendum
948 450 1090 506 electione.
1284 457 1347 520 hl'l

147 666 245 715 nnarn
267 650 474 729 sententiam,
497 652 543 716 ita
564 650 728 730 videlicet,
755 651 841 733 quod
863 652 933 735 ipse
953 671 1011 718 rex
1032 653 1206 721 nominavit
1227 654 1346 721 eisdem

146 768 209 832 pro
226 751 295 818 loco
318 752 444 817 concilii
458 753 613 814 antonem
640 753 907 839 constantiensem
923 756 1107 837 provinciae
1130 756 1345 838 Maguutinae,

149 855 185 916 et
207 851 268 933 ipsi
290 871 361 917 curn
384 871 442 934 pro
464 854 533 918 loeo
557 853 671 919 idoneo
697 861 898 937 acceperunt.
921 855 1013 922 Unde
1035 856 1171 939 praefati
1195 846 1347 938 legati'et

151 953 387 1019 commissarius
399 954 439 1019 ad
451 954 575 1018 laudem
602 954 829 1036 omnipotentis
851 955 913 1031 dei,
939 962 1058 1021 statum
1074 959 1346 1023 etcxaltationem

150 1060 281 1119 sanctae
303 1055 413 1119 inanis
436 1054 606 1133 ecclesiae,
636 1055 717 1119 sacri
740 1055 872 1120 Romani
895 1055 1019 1138 imperii
1042 1057 1181 1137 quietem
1204 1065 1237 1122 et
1259 1065 1347 1124 tran·

152 1155 342 1236 quillitatem
357 1160 496 1220 omnium
520 1155 782 1235 Christianorum,
805 1156 952 1221 invocata
973 1157 1105 1239 spiritus
1127 1160 1229 1224 sancti
1244 1159 1348 1240 gratia

151 1264 249 1337 atquc
271 1257 502 1321 intercessione
525 1256 654 1337 gloriosi
681 1257 924 1338 protomartyris
946 1255 1112 1339 Stephani,
1145 1259 1234 1341 cujus
1255 1277 1348 1325 voca·

151 1357 227 1422 bulo
244 1365 277 1424 et
298 1359 501 1441 infrascripta
515 1359 651 1423 ecclesia
666 1358 817 1439 insignita
832 1365 890 1437 est,
917 1375 986 1421 cunr
1003 1359 1136 1424 consilio
1159 1368 1192 1425 et
1214 1378 1347 1425 assensu

150 1455 297 1540 praefati
310 1460 393 1523 serml
417 1459 512 1539 regin,
535 1460 660 1524 nomine
678 1460 816 1540 ejusdem
840 1459 958 1524 domiui
974 1462 1074 1525 nostri
1098 1479 1199 1543 papae
1213 1461 1348 1527 loannis

151 1564 185 1622 et
208 1559 362 1624 ecclesiae
384 1561 546 1625 Romanae
569 1577 626 1642 pro
649 1560 718 1624 loco
742 1559 864 1624 consilii
888 1560 1055 1640 elegerunt
1077 1560 1250 1642 praefatam
1273 1559 1347 1626 ciri·

152 1664 251 1723 tatem
274 1658 560 1740 constantiensem,
585 1680 676 1742 quem
700 1662 803 1726 locum
826 1659 909 1725 idem
931 1670 1033 1739 sermul
1056 1663 1205 1745 princeps
1228 1662 1348 1727 eisdem

151 1757 266 1840 legatis
283 1768 316 1825 et
338 1762 552 1827 commissario
583 1764 722 1827 asseruit
743 1762 902 1839 idoneum,
925 1766 1028 1827 tutum
1051 1769 1084 1827 et
1107 1764 1347 1828 convenientem

151 1859 298 1925 omnibus
330 1864 512 1928 nationibus
545 1863 584 1929 nd
614 1864 778 1928 consilium
800 1862 958 1940 venturis,
993 1869 1024 1926 et
1048 1863 1078 1927 iu
1112 1881 1174 1943 quo
1197 1865 1265 1945 ipse
1287 1862 1348 1928 deo

151 1968 344 2041 procurante
375 1965 500 2030 curabit
522 1965 678 2031 interesse
701 1964 873 2035 secuudum
896 1982 987 2027 suurn
1010 1963 1174 2044 imperiale
1197 1964 1346 2041 officium,

151 2063 237 2126 tueri
252 2064 427 2144 praelatum
442 2065 601 2131 dominum
623 2073 765 2132 nostrum
781 2084 894 2148 papam
921 2070 954 2129 et
975 2074 1080 2129 reum·
1102 2064 1245 2130 dominos
1279 2083 1345 2129 car·

152 2159 276 2226 dinales
308 2167 390 2229 sacri
413 2167 461 2229 sui
485 2167 620 2239 consilii,
647 2160 819 2247 omnesque
841 2166 921 2231 alios
943 2163 1159 2246 cujuscunque
1182 2172 1286 2231 status
1307 2162 1347 2229 ad

152 2264 319 2328 consilium
341 2274 493 2331 venturos
515 2267 546 2330 iu
570 2269 663 2349 plena
690 2267 838 2332 libertate
860 2267 922 2344 ita,
945 2264 1029 2346 quod
1051 2266 1136 2330 omui
1159 2267 1272 2332 timore
1295 2267 1348 2332 dc·

146 2364 258 2447 posito
281 2368 423 2448 poterint
453 2386 561 2432 omnes
583 2369 645 2446 ire,
676 2374 762 2432 stare
785 2374 819 2431 et
841 2365 991 2431 recedere
1013 2366 1052 2430 ad
1076 2385 1167 2431 suurn
1189 2367 1348 2449 placitum.

152 2464 253 2542 Quem
291 2467 386 2533 etiam
413 2470 515 2533 locum
548 2469 631 2534 idem
654 2478 756 2532 sermm
786 2467 935 2550 princeps
968 2485 1037 2530 cum
1060 2466 1154 2533 dictis
1180 2468 1293 2547 legatis
1316 2474 1349 2534 et

152 2567 368 2633 commissario
391 2589 448 2634 suo
470 2589 507 2634 ac
529 2571 741 2634 Romanorum
757 2568 880 2650 imperii
902 2568 1029 2632 nomine
1052 2587 1109 2650 pro
1132 2570 1200 2634 loco
1224 2567 1347 2634 concilii

151 2666 264 2748 elegit,
295 2676 328 2733 et
349 2669 482 2751 insuper
518 2671 593 2735 dicti
616 2671 713 2751 legati
748 2677 781 2734 et
803 2669 1008 2733 commissarii
1042 2668 1136 2734 dictis
1169 2670 1348 2734 nominibus

151 2786 223 2833 cum
246 2770 388 2851 ejusdem
410 2773 494 2837 ser¹¹¹¹
517 2774 670 2855 principis
697 2771 828 2836 consilio
859 2778 891 2833 ct
914 2788 1064 2849 assensu,
1099 2777 1132 2835 et
1153 2771 1223 2852 ipse
1246 2780 1347 2835 sermun

151 2869 304 2952 princeps
335 2890 392 2936 suo
415 2880 448 2937 et
470 2873 594 2954 imperii
626 2872 756 2936 Romani
779 2871 906 2936 nomine
934 2888 1004 2933 curn
1037 2869 1157 2936 eisdem
1178 2871 1293 2952 legatis
1316 2876 1349 2935 et

152 2971 368 3035 commissario
391 2970 429 3036 ad
452 2971 701 3035 anurmtiaudum
723 2970 900 3052 praefatum
922 2969 1089 3034 concilium
1106 2970 1350 3050 assignaverunt

152 3075 279 3153 tempus
302 3072 395 3135 unius
418 3073 509 3148 anni,
533 3070 712 3153 incipiendo
735 3070 786 3134 die
809 3071 909 3151 primo
932 3070 1050 3134 mensis
1072 3068 1260 3135 Novembris
1275 3088 1348 3152 pro·

151 3172 235 3236 xime
262 3172 369 3237 futmi.

255 3273 303 3336 De
335 3274 449 3355 quibus
482 3273 627 3338 omnibus
660 3277 854 3353 rogaverunt
875 3269 1031 3353 praedicti
1054 3272 1188 3353 praelati
1211 3278 1244 3337 et
1266 3288 1349 3336 eom·

151 3374 332 3453 missarius,
366 3381 399 3439 et
420 3374 504 3438 idem
538 3383 639 3437 sermul
663 3373 829 3455 princepe,
861 3390 920 3437 nos
952 3372 1172 3454 infrascriptos
1199 3371 1348 3454 'publicos

152 3474 360 3554 tabelliones,
398 3482 433 3539 ut
469 3475 509 3539 de
541 3474 734 3556 praedictio,
767 3472 828 3537 loci
866 3473 1022 3537 electione
1061 3479 1094 3537 et
1134 3471 1349 3554 assignatione

153 3575 318 3655 temporis,
353 3575 579 3640 conficeremus
612 3574 738 3657 publica
760 3573 956 3639 documenta.
1002 3574 1081 3637 Acta
1113 3577 1188 3636 suut
1208 3573 1287 3636 haec
1310 3571 1349 3635 de

152 3674 214 3740 loci
237 3675 394 3740 electione
417 3683 450 3741 et
463 3675 678 3755 assignatione
694 3674 847 3755 temporis
869 3673 900 3736 in
924 3673 1059 3738 ecclesia
1081 3672 1234 3754 Stephani
1256 3670 1349 3735 villae

151 3792 235 3857 quae
258 3775 376 3840 dicitur
398 3776 515 3856 Viglnt,
538 3775 703 3840 Cumeusis
719 3773 864 3848 diocesis,
887 3774 946 3837 sub
967 3786 1059 3851 anno,
1082 3773 1264 3851 indictione,
1287 3771 1348 3839 die.

152 3893 272 3951 mense,
296 3876 384 3953 hora,
407 3874 591 3957 pontificatu
607 3874 789 3957 praedictis
813 3874 1035 3955 praesentibus
1058 3884 1150 3937 revm⁰
1172 3873 1205 3936 iu
1220 3872 1348 3937 Christo

153 3983 246 4061 patre
256 3977 295 4041 D.
303 3977 501 4042 Hartmanuo
518 3978 667 4059 episcopo
684 3974 894 4058 brugense)
907 3981 940 4040 et
955 3974 1093 4056 egregiis
1108 3980 1142 4039 et
1153 3973 1349 4054 sapientibus

151 4079 230 4143 viris
263 4077 438 4143 Benedicto
472 4077 511 4141 de
533 4078 641 4142 Macra
672 4076 799 4142 domino
821 4074 860 4140 de
890 4073 973 4139 Cucz
994 4075 1094 4139 milite
1116 4083 1150 4139 et
1171 4073 1203 4136 iu
1226 4073 1349 4137 artibus

151 4177 306 4259 magistro
329 4182 363 4242 et
384 4178 550 4259 utriusque
568 4178 651 4259 juris
673 4176 812 4255 doctore,
840 4175 960 4240 Thema
981 4175 1021 4239 de
1044 4174 1180 4254 Omolin,
1203 4173 1349 4238 similiter

151 4277 331 4345 inertibus
354 4284 387 4342 et
418 4277 592 4343 medicinae
615 4278 762 4356 doctore,
790 4278 914 4342 Joanue
937 4277 1120 4357 praeposito
1142 4275 1173 4340 S.
1195 4275 1348 4356 Stephani

153 4378 400 4463 protomartyris
433 4377 472 4441 de
506 4384 610 4443 castro
634 4378 858 4457 strigoniensi,
894 4377 1031 4457 Georgio
1060 4377 1242 4457 praeposito
1264 4376 1349 4442 beati

152 4480 318 4547 adalberti
351 4479 538 4556 Janueusis,
572 4480 679 4559 regiae
714 4477 1193 4560 majestatis,vicecancellarim
1226 4477 1349 4542 Joauue

152 4581 339 4666 praeposito
362 4580 507 4660 Quinque
529 4580 753 4659 Ecclesiarum‚
786 4599 846 4644 nec
868 4597 930 4642 uon
953 4578 1144 4649 illustribus,
1166 4575 1349 4658 magnificis,

151 4681 305 4758 strenuis,
329 4680 496 4769 nobilibus,
519 4681 753 4747 venerabilibus
765 4688 799 4749 et
812 4679 1023 4765 prudentibus
1039 4681 1125 4757 viris,
1145 4677 1254 4748 Ulrico
1269 4678 1349 4746 duce
