2992 5258
224 404 265 465 34
538 380 542 388 ’
682 394 823 464 Epistulae
840 395 957 464 scriptae

225 599 337 665 dentes
370 598 616 664 obtrectantium
647 599 737 664 asni
759 599 915 682 propositi
946 599 1121 666 intentione
1143 600 1270 665 minime
1287 599 1418 667 'deiece-

225 706 308 767 runt.
352 701 440 767 Haec
462 700 668 781 Augustinus.
1222 756 1224 761 .

324 802 389 868 Vos
412 819 497 885 ergo,
520 802 548 866 si
570 792 739 882 Augustini
760 800 896 883 potestis
918 803 1120 885 acquiescere
1140 802 1281 883 consilio,
1303 822 1353 869 me
1368 804 1417 870 iu·

225 902 372 982 formate3
395 922 467 969 nam
489 922 539 968 me
554 907 648 984 urget
669 902 872 984 conscientia,
895 922 936 968 ue
958 905 1016 970 sim
1038 905 1153 969 absens
1176 906 1209 969 in
1225 902 1417 984 scandalum,

227 1004 369 1085 quamvis
390 1022 453 1069 uon
475 1003 558 1069 desit
580 1003 691 1068 ovibus
713 1004 929 1068 necessarium
951 1005 1039 1070 verbi
1061 1005 1113 1069 dei
1135 1005 1329 1071 alimentum.
1367 1004 1416 1069 Ex

225 1104 288 1169 alia
309 1108 401 1186 parte
424 1102 519 1169 timor
534 1103 682 1184 occurrit,
704 1121 746 1167 ue
766 1120 836 1168 mea
858 1106 1041 1185 praesentia
1058 1124 1116 1187 per
1132 1105 1336 1171 interdictum
1351 1123 1416 1171 rna-

225 1202 340 1269 ledicte
373 1203 576 1269 adinventum
610 1204 653 1268 sit
690 1203 813 1269 occasio
853 1204 1080 1271 subtractionis
1111 1204 1265 1285 alimenti,
1298 1204 1421 1270 scilicet

224 1303 451 1369 communionis
484 1304 673 1370 sacramenti
696 1303 889 1370 venerabilis
919 1310 952 1369 et
972 1305 1105 1370 aliorum
1127 1304 1355 1388 pertinentium
1378 1303 1419 1370 ad

225 1406 368 1471 salutern.

324 1506 409 1588 Ergo
432 1524 559 1571 oremus
581 1506 752 1583 humiliter,
781 1511 817 1569 ut
838 1503 988 1584 dignetur
1010 1521 1068 1569 nos
1088 1503 1254 1570 iustruere
1276 1503 1419 1587 omnipo-

225 1613 296 1672 tens
318 1607 481 1688 Dominus,
504 1606 579 1689 quid
602 1624 661 1689 ego
682 1607 779 1672 miser
801 1607 834 1670 in
855 1622 930 1670 casu
950 1606 1014 1688 jam
1029 1610 1188 1684 currente,
1214 1622 1255 1669 nc
1270 1602 1420 1669 excedam

224 1707 257 1771 in
278 1706 330 1773 nia
347 1707 502 1788 justitiae,
525 1707 582 1773 sim
604 1707 770 1774 iacturas?
791 1706 928 1772 Pulchra
950 1711 999 1771 est
1014 1706 1191 1789 propositio
1209 1705 1293 1773 beati
1310 1705 1419 1785 Augu-

224 1807 300 1873 stini
325 1807 357 1873 in
380 1799 433 1874 illa
455 1802 606 1890 epistole:
629 1827 701 1874 uam
722 1824 873 1892 expresse
895 1806 987 1889 pouit
1009 1807 1062 1887 ibi,
1085 1805 1169 1888 quod
1191 1807 1225 1871 in
1247 1824 1333 1887 casu,
1355 1823 1418 1888 quo

225 1909 295 1988 quis
317 1908 524 1989 singulariter
544 1909 718 1990 quaeritur,
740 1915 848 1991 potest
870 1907 955 1974 licite
978 1906 1139 1988 aufugere.
1161 1905 1227 1972 Dat
1242 1905 1421 1988 exemplum

224 2009 256 2072 in
279 2018 388 2073 sancto
411 2007 595 2073 Athanasio.
625 2008 667 2072 Et
689 2009 716 2072 si
739 2009 884 2073 omuibus
907 2012 994 2073 esset
1015 2008 1199 2090 periculum,
1225 2012 1302 2071 tunc
1325 2005 1420 2071 debe·

224 2115 297 2172 rent
318 2109 401 2172 forte
423 2109 563 2188 mittere,
599 2108 670 2190 quis
700 2115 787 2174 esset
819 2110 850 2172 in
879 2108 1019 2173 futurum
1051 2126 1109 2190 pro
1137 2108 1274 2172 ecclesia
1303 2105 1420 2184 utilior,

223 2207 308 2289 quod
330 2209 384 2273 ille
407 2207 510 2290 fugam
534 2209 634 2289 daret,
656 2208 740 2275 iacta
761 2208 844 2276 forte
865 2227 902 2275 11.

321 2325 398 2379 Edit.
417 2327 448 2379 e'n
467 2326 538 2395 Opp.
561 2323 854 2388 Has,1,93ec117.

274 2695 325 2794 B)
368 2691 648 2798 Epistol-ae
682 2693 924 2799 scriptae
955 2693 1373 2776 111111412-1414

709 2862 766 2900 ωε
785 2847 934 2899 exilio.

759 3021 872 3033 1.-ιὺ-

789 3194 844 3270 16.

520 3383 1070 3499 Pragensibus

223 3598 319 3669 Rapa!
337 3615 389 3660 eos,
407 3616 441 3654 ne
452 3600 585 3655 sacellum
596 3600 757 3655 Bethlehem
773 3601 1023 3671 dissipationem,
1040 3619 1107 3656 aeae
1118 3599 1287 3656 ,4111111111ιί
1293 3600 1423 3672 furorem

223 3685 354 3744 timeam.-
377 3685 476 3738 aarum
493 3702 589 3739 cavere
607 3702 652 3738 eos
663 3686 742 3755 jabet
760 3688 956 3757 ejurationem,
984 3696 1067 3754 quom
1091 3687 1253 3741 adversarii
1272 3687 1422 3754 poscebat,

445 3787 589 3824 recenseam
605 3771 789 3834 incommoda,
806 3788 877 3838 quae
894 3771 959 3825 inde
976 3781 1109 3825 eventura
1126 3774 1194 3825 siat.

707 3938 785 4006 (1412
804 3953 838 3993 m.
857 3936 936 4008 Nor.)

321 4103 390 4170 Bou
413 4122 428 4171 s
452 4104 550 4188 nimi,
581 4103 655 4189 pani
676 4103 742 4173 mili
765 4106 925 4173 amistil!
960 4105 1102 4174 Prosimt
1124 4107 1196 4190 was,
1218 4109 1329 4192 abyste
1351 4107 1423 4192 naj-

221 4205 307 4288 prwe
329 4206 429 4273 1111111
451 4207 502 4290 pii
524 4207 613 4287 boii,
643 4209 748 4289 jemai
778 4226 813 4273 se
842 4207 964 4274 kiinda
985 4207 1097 4282 weliki
1126 4208 1215 4291 deje,
1253 4209 1313 4275 neb
1336 4209 1423 4274 chtie

218 4307 293 4388 jebo
306 4308 403 4373 swate
425 4307 520 4373 slowo
543 4307 709 4388 utislrnriti,
732 4308 829 4390 kaplu
842 4308 989 4376 uiitebnui
1004 4310 1025 4374 k
1044 4311 1141 4376 slowu
1156 4312 1282 4376 boiimu
1296 4310 1423 4388 aboliti,

220 4406 316 4470 atak
338 4407 402 4472 lidu
425 4428 451 4471 w
469 4409 535 4490 jich
562 4409 689 4490 spaseni
716 4408 884 4490 piekaziti.
908 4409 1018 4473 Druhe
1042 4413 1146 4477 waite
1162 4411 1335 4493 potupenie
1358 4409 1422 4475 swe

221 4507 308 4570 tenne
325 4506 476 4572 ancirodu
499 4507 560 4571 ueb
572 4506 742 4589 pokolenie
764 4508 889 4589 sweh03
912 4516 1065 4593 atepruw
1082 4512 1180 4577 tietic
1193 4513 1293 4576 waite
1315 4511 1423 4576 hanbu

221 4605 395 4688 altitudo,
418 4607 527 4674 literati
551 4626 586 4672 se
608 4607 685 4673 uam
707 4608 765 4672 bez
788 4609 870 4690 winy
896 4608 978 4691 oeje.
1001 4596 1120 4678 thrte
1143 4613 1242 4677 waite
1266 4629 1284 4677 a
1306 4611 1423 4676 wesele
