2992 5258
298 435 341 490 80.
375 435 408 490 Δ.
426 434 457 489 Β.
476 433 506 490 G.
523 433 632 489 Literse
649 447 667 487 a
682 447 747 502 rego
764 439 793 488 et
808 433 903 504 regino
920 434 955 490 ad
972 448 1070 506 popm
1087 432 1179 491 datae.
1274 440 1334 506 411

722 636 757 703 B.

544 822 658 905 Rapina
681 821 796 904 Sophia
819 822 932 887 eidem.

238 1009 399 1077 Humilem
420 1007 761 1073 recommendationem
783 1026 853 1072 oum
876 1008 983 1075 osculo
1005 1010 1193 1075 sanctitatis.
1240 1012 1336 1077 Pater

142 1111 340 1181 beatissime!
385 1108 510 1175 Sancti*
541 1108 610 1173 V¹'⁸e
650 1108 794 1172 nuntium
824 1110 996 1175 Antoniani
1028 1110 1068 1176 de
1090 1111 1200 1178 Monte
1223 1111 1335 1179 Catino

141 1212 292 1296 gaudenti
320 1210 436 1295 spiritu
464 1214 497 1275 et
523 1215 615 1289 grata
648 1208 845 1290 suscepimus
866 1209 1089 1291 benivolentia,
1112 1212 1222 1278 laudes
1244 1233 1335 1296 prae·

143 1319 265 1380 stantes
287 1312 441 1379 altissimo
464 1311 600 1390 domino,
624 1312 678 1392 qui
699 1309 807 1375 mundi
840 1316 928 1376 tenet
955 1312 1178 1396 gubernacula„
1196 1316 1335 1398 V¹⁸¹¹¹que

142 1412 377 1479 Beatitudinem
411 1428 450 1476 ex
482 1430 540 1477 sua
571 1410 772 1492 providentia
801 1411 841 1476 ad
870 1412 1044 1494 regendum
1072 1433 1161 1480 suam
1193 1423 1335 1483 sanctam

143 1515 310 1581 ecelesiam
331 1513 364 1579 in
385 1512 486 1595 gradu
516 1512 782 1578 excellentissimo
805 1514 971 1581 constituit
993 1514 1166 1595 dignitatis.
1196 1516 1238 1582 nt
1266 1536 1338 1599 spe·

142 1633 271 1694 ramus,
308 1612 392 1695 quod
424 1613 494 1676 Vm
534 1611 659 1680 Sancti·
700 1612 859 1679 mediante
896 1615 1073 1681 ministerio
1116 1634 1174 1682 sua
1210 1635 1338 1701 sponsa,

142 1716 273 1783 semotis
306 1714 474 1782 discordiis
514 1721 548 1781 et
580 1715 752 1794 erroribus,
786 1715 819 1779 in
852 1716 1004 1781 virtutum
1037 1717 1172 1783 culmine
1204 1718 1336 1784 solidius

143 1816 308 1898 dirigetur.
350 1814 443 1880 Unde
458 1814 544 1880 istud
566 1820 714 1897 optantes
745 1814 929 1880 cordialiter
951 1834 990 1880 cx
1012 1816 1125 1896 animo,
1149 1817 1226 1883 V¹⁸¹¹¹
1248 1817 1338 1884 Beat

141 1918 302 1985 humiliter
324 1916 514 1996 invocamus,
540 1923 696 1998 qnatenus
721 1921 924 1999 praetensam
952 1917 1153 1997 sententiam,
1186 1937 1266 2000 quae
1299 1937 1338 1984 ex

142 2019 221 2086 falso
242 2017 439 2084 aemulorum
461 2018 550 2099 regni
573 2017 675 2082 nostri
697 2018 855 2099 processit
876 2018 1042 2101 principio,
1067 2019 1337 2102 praedicationem

143 2119 231 2187 verbi
257 2118 404 2183 dominici
430 2125 559 2200 praeter
588 2117 727 2182 claustra
750 2122 784 2183 et
805 2117 1004 2200 parochiales
1027 2119 1180 2185 ecclesias
1203 2125 1338 2186 conatur

144 2223 341 2303 extinguere,
365 2225 476 2285 contra
498 2226 705 2301 pracceptum
726 2219 804 2285 Jesu
828 2217 948 2284 Christi
977 2219 1105 2299 domini,
1129 2226 1162 2285 et
1184 2220 1282 2286 libros
1304 2221 1337 2286 in

143 2319 358 2387 confusionem
387 2325 421 2385 et
449 2320 551 2384 nostri
578 2319 760 2385 scandalum
788 2319 871 2401 ignis
901 2320 1051 2401 voragine
1074 2337 1270 2402 consumere,
1304 2322 1337 2385 in

143 2422 241 2488 sacris
271 2420 445 2487 canonibus
475 2420 559 2501 quod
588 2425 724 2485 vetatur.
769 2417 919 2485 Ceterum
941 2421 1126 2487 beatissime
1148 2423 1254 2504 paterl
1276 2439 1336 2505 pro

144 2522 295 2606 singulari
308 2523 385 2586 V¹⁸²¹n
397 2522 502 2588 Sanct.
526 2522 698 2587 huniillime
720 2541 868 2604 rogamus
884 2523 995 2604 gratia,
1013 2528 1169 2604 quatenus
1185 2522 1338 2605 capellam

143 2623 316 2702 bethleem,
340 2641 433 2703 quani
456 2623 546 2688 nobis
568 2630 601 2687 et
624 2624 742 2689 nostris
758 2624 928 2704 regnicolis
945 2624 985 2690 ad
1000 2623 1189 2689 audiendum
1206 2623 1337 2689 verbnm

142 2723 191 2789 dei
214 2732 398 2806 reputamus
420 2725 600 2807 perutilem,
622 2724 808 2790 confirmare
831 2725 998 2808 perpetuis
1014 2725 1211 2806 temporibus
1227 2724 1335 2805 digna·

144 2831 243 2890 retur.
288 2824 356 2885 pm
395 2824 477 2890 enirn
501 2824 614 2889 Sancttl
638 2825 698 2890 hoc
726 2826 894 2890 scribimus
916 2843 974 2907 pro
998 2826 1157 2907 primariis
1179 2826 1337 2907 precibus

142 2926 307 3007 cupientes
330 2923 598 2989 certitudinaliter
620 2926 771 2990 exaudiri.
802 2926 881 2990 Nam
896 2944 954 3008 pro
973 2924 1095 2990 honore
1111 2926 1337 3006 omnipotentis

142 3025 270 3104 domini,
300 3043 359 3107 pro
386 3026 488 3091 salute
502 3026 622 3108 populi
651 3032 684 3091 et
706 3027 945 3092 conservatione
968 3026 1098 3091 honoris
1122 3025 1211 3106 regni
1235 3026 1337 3089 nostri

143 3126 315 3192 christiani
345 3125 522 3197 scribimus,
555 3144 636 3208 quae
665 3128 770 3218 Sanct.
794 3128 849 3190 Vs·
878 3127 1063 3208 respiciens
1093 3128 1167 3207 quia
1188 3143 1336 3205 consona,

143 3227 331 3293 exaudiendi
359 3226 589 3308 benignitatem
617 3229 798 3293 nullatenus
820 3226 999 3308 denegabit.
1045 3226 1116 3292 liat.
1138 3227 1260 3306 Progne
1282 3225 1334 3290 die

146 3326 206 3393 XII
228 3327 348 3393 mensis
370 3327 577 3410 septembris.

342 3427 460 3511 Sophia
482 3428 534 3493 dei
556 3431 658 3511 gratia
679 3430 791 3512 regina
811 3429 983 3531 llohemiae

1136 3541 1186 3597 per
1204 3541 1242 3582 se.

641 3679 841 3690 ..—

723 3833 753 3899 0.

561 4015 717 4082 Eadem
750 4017 907 4083 eidem.

340 4199 473 4267 Sanora
502 4204 533 4266 in
557 4201 631 4266 Chr.
664 4203 748 4284 patri
777 4208 810 4267 et
839 4201 965 4266 domino
996 4201 1034 4268 D.
1055 4202 1173 4267 ioanni
1194 4201 1224 4268 S.
1247 4202 1335 4268 Rom.

424 4301 507 4367 Eccl.
517 4319 637 4367 summo
647 4300 796 4385 pontifici,
809 4301 935 4380 domino
944 4308 1054 4368 nostro
1066 4302 1335 4369 metuendissimo.

242 4469 447 4551 Subjectione
474 4470 582 4536 humili
612 4471 777 4552 genuflexo
800 4489 870 4536 cum
893 4471 1001 4535 osculo
1023 4472 1213 4538 sanctitatis.
1256 4471 1336 4550 Quia

141 4569 250 4638 divina
270 4570 481 4652 providentia,
505 4573 555 4637 oui
578 4590 652 4638 cura
676 4579 727 4638 ast
750 4572 789 4639 de
804 4572 959 4652 omnibns,
974 4590 1062 4637 snam
1078 4579 1219 4639 sanctam
1235 4574 1335 4639 eccle·

138 4670 216 4737 siam
239 4688 305 4736 non
327 4671 404 4737 sinit
418 4669 556 4738 finaliter
570 4673 785 4754 succumbere,
807 4690 872 4739 non
887 4672 1044 4739 immerito
1059 4690 1156 4737 unum
1172 4678 1334 4756 pastorem
