2992 5258
150 412 210 479 676
393 403 598 463 controversiae
614 405 648 461 de
666 402 798 475 religione
815 405 842 462 in
860 404 1004 464 Bobenia:
1025 407 1097 464 rata.

249 613 287 678 it.
310 613 342 677 in
372 618 460 678 terra
488 610 739 679 Samaitanorum
774 616 849 676 sunt
875 627 985 677 omnes
1011 611 1157 678 conversi
1184 610 1225 678 ad
1252 611 1337 680 fidem

150 720 282 797 propter
304 714 451 779 unionem
480 718 609 778 sanotae
631 710 741 777 matris
777 711 939 791 eeclesiae,
968 718 1002 778 et
1022 712 1176 794 baptisati
1198 719 1273 779 sont
1294 714 1338 777 sis

150 816 180 878 in
205 815 306 879 tribus
327 814 498 893 mensibus,
528 813 745 896 supplicantes
768 830 859 877 saoro
883 813 1029 887 coneilio,
1062 818 1098 878 nt
1129 811 1270 894 dirigant
1298 816 1338 880 aia

150 915 296 980 doctores
318 922 351 980 et
372 915 541 994 magistros
563 912 603 978 ad
626 911 870 978 confirmandam
892 911 995 977 iidem.

248 1014 286 1079 lt.
309 1014 372 1079 dux
394 1016 576 1080 Fridericns
597 1014 687 1078 dedit
708 1030 743 1078 se
765 1013 805 1078 ad
827 1014 961 1094 gratiam
983 1014 1116 1079 concilio
1139 1018 1174 1079 et
1195 1034 1296 1099 papae

247 1115 285 1181 lt.
298 1115 439 1182 loannes
462 1136 543 1199 papa
565 1115 730 1180 damnatus
754 1122 803 1180 ost
827 1120 1050 1197 praesentatus
1065 1114 1219 1181 moderno
1241 1134 1337 1200 papae

150 1222 182 1280 et
204 1224 347 1281 exemtus
374 1225 433 1283 est.
743 1208 756 1241 ⁰

247 1317 466 1383 duramentum
493 1318 569 1382 iecit
591 1316 629 1381 D.
660 1317 727 1381 Rex
755 1316 966 1381 Romanorum
994 1332 1077 1380 novo
1105 1334 1224 1399 papae:
1256 1315 1337 1397 ,Tibi

149 1415 187 1481 D.
209 1416 347 1484 Martino
371 1418 398 1482 V
422 1435 480 1498 ego
504 1436 560 1483 rex
582 1416 801 1497 Sigismundns
816 1416 1027 1480 Romanorum
1050 1417 1203 1497 promitto
1225 1417 1337 1498 etjuro

149 1535 206 1597 per
227 1524 351 1600 patrem
374 1523 406 1583 et
427 1515 524 1582 filium
545 1521 579 1582 et
600 1517 747 1598 spiritum
770 1523 922 1593 sanctum,
945 1520 978 1581 at
999 1534 1059 1597 per
1080 1516 1141 1583 hoe
1161 1517 1283 1598 lignum
1296 1517 1337 1582 vi·

148 1614 259 1682 vilicae
281 1618 384 1683 erucis
407 1624 440 1683 et
460 1636 519 1699 per
540 1617 598 1682 has
620 1617 770 1698 reliquias
793 1622 982 1696 sanctornm,
1007 1617 1092 1697 quod
1118 1623 1262 1684 sanatam
1283 1618 1336 1683 Ro·

149 1736 271 1782 manam
289 1719 454 1784 ecclesiam
476 1725 508 1783 et
531 1724 563 1783 te
578 1724 735 1783 rectorem
757 1717 857 1799 ipsius
880 1717 1026 1784 exaltabo
1049 1717 1225 1784 seeundum
1240 1737 1336 1784 meum

149 1834 253 1899 posse,
281 1836 450 1900 numquam
478 1822 511 1883 et
533 1817 564 1880 in
588 1819 671 1883 ultra
691 1835 796 1900 neque
817 1818 921 1900 ipsum
951 1817 1103 1885 honorem
1120 1822 1222 1900 'quem
1243 1819 1337 1885 babos

150 1918 313 1984 voluntate
342 1938 411 1983 mea
433 1924 489 1983 aut
517 1936 658 1985 meorum
680 1909 735 1983 ant
756 1935 826 1982 meo
850 1918 981 1984 consilio
1003 1925 1059 1983 aut
1084 1935 1155 1984 meo
1184 1936 1336 1983 consensa

150 2024 204 2082 aut
233 2037 303 2084 mea
333 2019 545 2083 exorbitantia
571 2018 720 2100 perdere3
751 2025 783 2082 et
805 2019 832 2082 si
870 2019 999 2084 Romam
1027 2036 1155 2100 venero,
1186 2019 1219 2083 in
1247 2019 1337 2085 Roma

150 2118 266 2184 nullam
288 2119 524 2202 placitationem
547 2125 602 2185 aut
624 2118 855 2184 ordinationem
876 2118 988 2186 faciam
1011 2118 1051 2184 de
1073 2119 1232 2201 omnibus
1262 2138 1336 2203 quae

149 2217 190 2283 ad
211 2226 243 2283 te
265 2221 437 2301 pertinent,
460 2219 530 2286 sine
552 2226 607 2284 tuo
630 2219 776 2298 consili03
799 2223 832 2283 et
854 2217 1006 2301 quidquid
1028 2218 1068 2285 de
1090 2226 1179 2285 terra
1200 2219 1232 2286 S.
1254 2221 1335 2285 Petri
1358 2224 1359 2227 ’

149 2318 189 2382 ad
211 2338 311 2386 meam
326 2325 518 2403 potestatem
541 2318 673 2397 venerit,
689 2318 747 2383 tibi
770 2318 850 2384 dabo
866 2325 900 2385 et
922 2319 1067 2399 reddam;
1089 2325 1146 2385 aut
1167 2319 1336 2402 oniannque

150 2438 282 2502 regnam
303 2420 447 2485 Italicum
462 2420 656 2498 commisero,
683 2418 730 2483 illi
748 2419 858 2500 jurare
870 2419 990 2500 faciam,
1013 2425 1050 2486 ut
1070 2419 1200 2504 adjutor
1211 2427 1284 2487 tuus
1298 2420 1336 2485 sit

149 2519 189 2584 ad
211 2520 438 2586 defendendam
461 2528 580 2585 terram
602 2520 631 2585 S.
656 2520 743 2585 Petri
766 2520 938 2585 secundum
961 2538 1052 2585 suum
1075 2521 1201 2603 posse.“
1227 2521 1334 2587 Datum

151 2619 355 2686 Constantios
377 2623 409 2686 in
432 2621 483 2686 die
505 2610 722 2687 conversionis
745 2619 774 2686 S.
797 2622 887 2687 Pauli
911 2625 999 2688 1418.

728 3002 761 3070 Β.

174 3220 332 3283 ,,Νοιανὶιιε
356 3219 490 3274 Woitieeb
508 3229 533 3273 at
554 3219 686 3288 Tyaeraois
703 3219 825 3272 decanea
847 3220 881 3273 de
901 3219 1064 3275 &meantia
1085 3224 1161 3276 venit
1177 3223 1314 3278 dominica

669 3302 819 3356 Laetaref‘

253 3505 427 3571 Novitates.
444 3505 534 3570 Anno
549 3504 667 3570 domini
680 3503 934 3586 MCCCCXVIII,
956 3505 1211 3577 infrallalendas
1224 3509 1336 3576 Febru-

149 3607 217 3686 arii,
242 3607 278 3670 D.
301 3607 368 3670 Rex
384 3602 548 3686 Ungariae
570 3605 603 3670 in
624 3606 849 3688 imperatorem
871 3626 928 3690 per
951 3606 988 3672 Ι).
1010 3608 1128 3691 Papam
1150 3617 1202 3676 est
1217 3619 1336 3689 unctus,

148 3707 233 3790 pileo
256 3713 289 3770 et
310 3705 414 3787 gladio
437 3706 615 3786 investitus,
640 3712 672 3771 et
695 3707 794 3773 totius
816 3707 979 3792 almaniae
1000 3709 1084 3775 altae
1106 3717 1141 3776 et
1162 3710 1275 3777 bassae
1288 3718 1335 3776 est

148 3805 293 3872 dominus
316 3813 349 3872 et
370 3807 544 3889 imperator
566 3808 767 3887 constitutus
792 3814 824 3873 et
846 3826 956 3873 omnes
978 3807 1131 3877 obediunt
1152 3811 1223 3878 sibi.
1245 3814 1333 3877 Prae·

150 3911 257 3972 sentes
280 3905 403 3970 fuimns

249 4006 354 4072 Etiam
375 4013 510 4087 quatuor
532 4016 607 4074 sunt
621 4007 845 4089 hebdomadae,
868 4009 952 4090 quod
978 4010 1161 4093 episcopum
1174 4013 1335 4080 Patavien·

151 4125 218 4173 sem
233 4105 437 4199 rumduobus
459 4107 592 4174 ducibus
615 4109 647 4173 in
660 4108 862 4174 Mednlannm
884 4109 1003 4191 legavit
1024 4113 1334 4195 procoronaierrea,

151 4226 243 4290 quam
266 4207 326 4271 sibi
348 4205 388 4271 ad
410 4226 564 4289 praesens
586 4205 700 4274 festum
723 4208 841 4275 debent
862 4209 979 4276 afferre
1000 4211 1033 4276 in
1051 4208 1288 4293 Constantiam,
1307 4222 1336 4278 et

149 4307 260 4373 eadem
271 4306 388 4389 habita,
401 4309 498 4374 totins
519 4309 632 4375 Italiae
646 4309 789 4376 dominns
812 4311 1033 4378 constituetur.
1049 4310 1108 4377 His
1123 4312 1243 4380 habitis
1258 4332 1335 4399 papa

150 4407 281 4473 recedet
295 4408 433 4488 Romam,
456 4415 489 4474 et
504 4428 560 4475 rex
572 4407 793 4490 sigismundus
812 4416 848 4476 et
868 4411 1042 4495 imperator
1063 4413 1248 4480 Bohemiam
1269 4432 1334 4479 cnm

151 4527 213 4573 nno
229 4508 389 4589 cardinali,
412 4514 603 4592 potestatem
615 4510 822 4576 omnimodam
840 4511 875 4575 D.
899 4513 1074 4595 Apostolioi
1094 4513 1245 4595 habente,
1271 4531 1335 4579 eam

151 4615 286 4690 quatuor
308 4608 492 4675 doctoribus
520 4617 555 4676 et
582 4611 815 4678 haereticorum
841 4611 1047 4694 inquisitore;
1069 4618 1102 4679 et
1132 4616 1187 4697 qni
1214 4614 1336 4683 eonrin·
