2992 5258
409 431 465 483 100.
485 427 578 495 Poggii
597 427 675 494 epist
693 426 727 480 de
744 425 877 493 supplicio
895 425 1058 495 Hieronymi.
1269 433 1329 497 625
1437 424 1441 434 '

140 631 269 710 longum
291 629 416 710 quidem
438 628 515 694 illud
537 635 624 694 esset
647 628 872 693 111111111111
895 627 1017 691 dierum
1033 646 1129 709 opus:
1152 631 1329 711 pertingam

141 730 294 811 quosdam
320 729 509 795 illustriores
537 728 634 808 locos,
660 727 773 809 quibus
802 733 922 793 1111111
944 728 1005 792 viri
1027 729 1202 795 doctrinam
1224 732 1328 813 possis

140 831 335 915 conspicere.

240 930 318 997 Cum
344 933 442 996 multa
471 932 501 995 iu
531 930 615 996 hunc
637 930 862 1012 Hieronymum
893 937 1044 1013 congesta
1065 937 1182 1010 esseut,
1215 930 1328 1014 quibus

138 1032 333 1113 arguebatur
354 1032 544 1112 haereticus,
567 1037 663 1112 atque
686 1048 724 1095 11
746 1030 881 1096 testibus
896 1029 1034 1097 firmata:
1057 1033 1184 1098 taudem
1198 1033 1326 1114 1111111

138 1139 174 1198 11
205 1133 347 1213 siugulis,
380 1150 461 1215 quac
494 1133 554 1197 sibi
585 1130 826 1213 objiciebantur.
857 1132 1074 1214 responderet.
1118 1135 1168 1199 lta
1193 1135 1225 1199 iu
1255 1152 1328 1199 cou-

140 1235 262 1301 ciouem
287 1233 442 1299 deductus
471 1253 542 1299 cum
566 1232 735 1315 juberetur
763 1231 802 1297 ad
829 1230 885 1297 illa
912 1234 1116 1315 respondere,
1151 1234 1326 1300 maledictis

138 1334 394 1401 adversariorum
425 1334 544 1399 diutius
573 1331 767 1415 respondere
794 1334 961 1413 recusavit,
995 1352 1151 1415 asserem,
1184 1337 1329 1417 seprius

139 1454 266 1503 causam
287 1454 376 1501 suam
397 1453 503 1515 agere,
527 1454 619 1516 quarn
642 1433 816 1500 maledictis
837 1434 961 1500 illorum
984 1437 1198 1518 respondero,
1220 1438 1328 1519 itaquo

138 1554 196 1619 pro
226 1554 261 1602 se
288 1536 376 1619 prius
404 1536 562 1602 dicentem
588 1553 623 1599 se
653 1533 843 1600 audiendum
875 1534 1049 1615 asserebat,
1072 1543 1138 1602 tum
1160 1538 1200 1603 ad
1222 1555 1329 1603 acmu-

139 1638 241 1704 lorum
272 1655 400 1702 suorum
427 1636 544 1717 probra
570 1637 603 1699 in
625 1653 697 1701 eum
718 1640 869 1714 congesta
890 1634 1129 1702 deveniendum.
1173 1637 1236 1702 Sed
1258 1657 1329 1703 curn

138 1738 217 1804 baec
250 1738 369 1804 auditio
403 1736 463 1800 sibi
490 1735 711 1816 denegaretur,
740 1740 806 1800 tum
835 1740 923 1800 stans
952 1735 985 1799 in
1014 1736 1118 1802 medio
1151 1737 1323 1803 concionis:

140 1838 320 1916 „Quaenam
349 1842 399 1901 est
425 1836 503 1900 haec
534 1835 699 1915 iniquitas!
727 1833 866 1916 (inquit),
897 1842 933 1901 ut
962 1855 1031 1901 cum
1054 1836 1329 1916 1111111111,

138 1938 252 2020 quibus
279 1938 311 2003 iu
339 1936 515 2001 durissimis
545 1934 725 2000 carceribus
751 1933 806 2013 lui,
828 1935 861 1999 in
883 1935 1039 2016 sordibus,
1063 1936 1095 2000 in
1119 1938 1330 2018 1111111111

137 2044 290 2118 stercore,
323 2039 355 2102 in
388 2036 600 2119 compedibus
634 2033 666 2099 iu
699 2052 806 2099 rerum
829 2036 965 2099 omnium
988 2036 1101 2118 inopia,
1124 2037 1325 2104 adversarios

139 2145 234 2221 atque
268 2139 501 2204 obtrectatores
534 2155 622 2203 meos
655 2154 781 2218 semper
813 2135 986 2217 audieritis,
1016 2156 1064 2202 me
1094 2157 1187 2203 uuam
1220 2140 1329 2205 boram

138 2240 249 2305 audire
280 2239 403 2305 nolitis!
447 2237 531 2302 Hinc
559 2244 609 2302 est
640 2243 683 2318 ut,
714 2255 785 2300 cum
815 2237 1008 2317 singulorum
1042 2257 1135 2304 aures
1168 2241 1330 2321 patuerint

136 2344 232 2421 atque
261 2341 293 2404 iu
321 2343 385 2406 tam
409 2340 503 2420 longo
527 2345 670 2420 tempore
693 2337 780 2402 vobis
803 2340 1030 2419 persuaserint
1053 2358 1102 2403 me
1125 2341 1328 2421 haereticum,

136 2440 261 2505 bostem
291 2438 373 2521 fidei,
405 2439 691 2506 ecclesiasticorum
721 2447 967 2520 persecutorem,
995 2440 1072 2504 mibi
1094 2445 1199 2505 autem
1222 2439 1329 2506 delen-

136 2540 232 2606 deudi
260 2540 345 2606 nulla
373 2540 507 2606 facultas
534 2540 637 2620 detur,
675 2557 730 2604 vos
760 2539 850 2620 prius
881 2539 1039 2604 mentibus
1062 2541 1178 2606 vestris
1202 2560 1251 2606 me
1273 2542 1330 2606 im·

136 2642 270 2724 probum
302 2641 460 2707 homiuem
490 2639 730 2722 judicaveritis,
768 2657 879 2720 quam,
920 2641 973 2721 qui
1006 2640 1126 2720 forem,
1160 2642 1329 2723 potueritis

136 2759 337 2825 cognoscere.
380 2741 486 2822 Atqui,
504 2741 644 2822 (inquit),
667 2739 811 2805 homiues
827 2740 914 2819 estis,
937 2758 1000 2805 nou
1016 2741 1070 2820 dii,
1092 2759 1154 2807 nou
1172 2744 1328 2824 perpetui,

136 2841 193 2909 sed
225 2842 392 2922 mortales,
424 2842 497 2920 labi,
531 2860 650 2918 errare,
682 2839 757 2912 falli,
791 2841 904 2921 decipi,
938 2841 1047 2906 seduci
1080 2843 1224 2923 11111111.
1267 2841 1329 2907 Η11

136 2941 246 3008 muudi
276 2942 401 3023 lumina,
431 2943 481 3007 hic
511 2942 596 3006 orbis
625 2931 782 3006 terrarum
809 2941 1032 3023 prudentiores
1062 2959 1133 3006 esse
1163 2942 1329 3008 dicuntur:

136 3044 273 3109 maxime
295 3061 351 3109 vos
374 3043 466 3109 decet
489 3042 662 3123 elaborare,
686 3060 725 3105 ne
748 3041 823 3123 quid
838 3048 967 3122 temere,
990 3061 1030 3107 ue
1046 3043 1121 3123 quid
1137 3043 1328 3123 inconsulte,

136 3151 193 3211 ant
216 3143 291 3226 quid
314 3152 443 3227 praeter
463 3144 617 3225 justitiam
639 3143 771 3208 faciatis.
815 3141 969 3223 Equidem
992 3160 1051 3223 ogo
1066 3143 1232 3209 homuncio
1248 3161 1329 3223 sum,

135 3245 226 3328 cujus
250 3244 289 3308 de
312 3245 416 3327 capite
439 3244 559 3325 agitur;
582 3262 642 3309 uec
666 3261 723 3326 pro
745 3261 795 3308 me
818 3243 940 3323 loquor,
963 3243 1016 3322 qui
1038 3243 1196 3308 mortalis:
1220 3263 1329 3308 verum

134 3345 299 3427 iudignum
329 3345 464 3425 videtur,
495 3345 681 3426 sapientiam
711 3349 760 3409 tot
789 3343 929 3408 virorum
951 3342 1118 3408 adversum
1140 3362 1189 3410 me
1212 3344 1330 3425 aliquid

134 3452 279 3513 statuere
307 3453 436 3528 praeter
466 3446 669 3526 aequitatem,
702 3462 765 3510 111
796 3451 919 3509 tautum
947 3461 983 3507 re
1011 3450 1163 3525 quantum
1185 3445 1328 3527 exemplo

133 3547 343 3613 nociturum.“
390 3545 477 3611 Haec
501 3554 534 3611 et
555 3546 654 3610 multa
675 3552 844 3627 praeterea
865 3551 978 3610 ornate
1001 3544 1180 3610 disserebat
1199 3546 1232 3610 in
1247 3553 1328 3611 stro—

133 3648 203 3731 pitu
227 3652 261 3712 et
282 3665 442 3712 murmure
465 3646 671 3729 plurimorum
695 3664 873 3712 sermonem
895 3646 962 3728 ejus
984 3647 1266 3728 interpellantium.

234 3746 374 3813 Tandem
404 3747 567 3813 decretum
590 3754 649 3827 est,
685 3754 720 3813 ut
741 3748 781 3814 ad
803 3766 937 3820 errores,
961 3749 1014 3829 qui
1037 3750 1069 3814 iu
1092 3767 1163 3814 eum
1186 3747 1328 3813 coutere-

132 3849 257 3929 bantur,
281 3850 406 3931 publice
428 3849 646 3931 responderet,
670 3849 784 3914 deiude
809 3850 957 3931 loquendi
980 3869 1060 3931 quae
1076 3849 1171 3915 vellet
1193 3848 1328 3914 facultas

131 3951 274 4017 daretur.
318 3950 521 4030 Legebantur
544 3968 619 4032 ergo
643 3968 682 4015 cr
696 3951 818 4033 pulpito
837 3952 961 4032 singula
977 3953 1086 4033 capita
1101 3950 1330 4029 accusationis,

133 4058 201 4117 tum
234 4051 415 4132 rogabatur,
448 4070 488 4115 au
523 4051 597 4132 quid
633 4051 730 4116 vellet
759 4052 906 4133 objicere,
935 4059 968 4118 et
995 4051 1109 4117 deiude
1139 4052 1328 4117 testimoniis

132 4148 408 4219 confirmabantur.
451 4151 640 4217 Incredibile
664 4158 713 4217 est
735 4151 830 4223 dictu,
853 4171 946 4232 quarn
969 4152 1083 4217 callide
1107 4152 1326 4234 responderet,

133 4253 249 4336 quibus
277 4270 313 4318 se
343 4259 489 4319 tueretur
516 4253 721 4334 argumentis,
764 4252 850 4318 Nihil
883 4253 970 4318 enim
1003 4253 1136 4335 protulit
1167 4252 1329 4333 indiguum

133 4354 217 4421 bono
247 4353 330 4432 viro;
358 4360 391 4418 11
420 4353 447 4416 11
476 4351 508 4417 id
531 4353 563 4417 in
595 4352 657 4418 lide
678 4353 848 4434 sentiebat,
875 4353 959 4434 quod
982 4354 1087 4418 verbis
1111 4351 1328 4436 profitebatur,

132 4456 221 4523 nulla
248 4455 281 4518 iu
309 4473 381 4520 euru
408 4453 524 4519 nedum
551 4455 662 4521 mortis
690 4472 786 4520 causa
820 4455 953 4519 inveniri
973 4455 1062 4536 justa
1084 4455 1249 4536 potuisset,
1273 4454 1330 4520 sed

133 4575 191 4623 uec
224 4554 351 4637 quidem
380 4555 524 4620 licuisset
553 4555 732 4621 levissimae
764 4553 955 4620 offensionis.
1002 4554 1114 4621 Omnia
1143 4554 1223 4619 11111
1255 4561 1331 4620 1111

133 4672 207 4723 esse
238 4655 381 4731 dicebat,
415 4656 520 4721 omnia
552 4657 683 4722 crimina
716 4654 850 4722 conficta
884 4655 923 4721 ab
957 4655 1089 4721 aemulis
1123 4655 1197 4720 suis.
1241 4655 1330 4719 luter

1131 4773 1165 4824 41
