2992 5258
392 407 469 460 annis
488 409 653 460 1412-1414
672 423 705 460 ex
723 408 811 461 exilio.
829 412 869 462 31.
888 412 937 464 32..
1223 410 1262 475 65

75 605 143 671 leni
155 626 182 669 w
194 607 315 671 saltone
327 607 439 688 bodim,
451 608 524 688 jeni
538 610 638 674 switie
651 609 758 689 ssimi
775 611 886 689 liwoty
899 609 1027 689 jakoito
1043 611 1152 675 slunce
1167 631 1185 676 a
1201 613 1266 676 me·

76 707 140 770 siec
158 707 252 788 ajino
274 706 414 788 nwezdy.
437 709 584 788 Protei,
607 709 796 791 nnjmilejsie
819 710 938 775 bratiie
960 729 980 775 a
1001 717 1104 793 sestry
1135 731 1161 777 w
1184 712 1268 794 prinu

76 792 159 871 bohu
180 806 270 872 milel
293 808 427 889 proslmt
448 807 510 872 uos
533 826 590 891 pro
614 809 780 874 umudenie
801 827 879 891 syna
900 810 1043 888 boiiebo,
1065 811 1177 894 abyste
1200 811 1268 877 radi

76 907 190 973 ebodili
203 927 244 973 ne
254 907 396 987 kizanie,
408 908 558 975 ebodiece
569 909 655 990 pilne
665 909 849 992 posldcbali,
863 911 1075 995 pesldehejlce
1090 913 1267 977 srozomelir

77 1009 282 1090 srozomejice
304 1010 482 1088 zacbowali,
505 1011 713 1092 nacbouajice
735 1010 794 1092 sby
818 1013 852 1076 se
876 1011 1016 1093 poenali,
1046 1014 1210 1096 poznnjice
1232 1013 1268 1076 se

78 1109 180 1191 prdwe
207 1108 267 1190 aby
297 1109 421 1191 poenali
450 1109 556 1175 swebo
583 1111 812 1192 najmilejsiebo
846 1111 997 1193 spasitele
1030 1113 1107 1187 (neb
1139 1111 1266 1194 pennati

78 1210 158 1274 boba
176 1210 242 1291 jest
274 1210 486 1276 surcbowana
508 1211 762 1293 sprawedlnost),
796 1211 959 1294 poznajice
981 1213 1093 1294 abyste
1113 1212 1188 1295 jebo
1210 1211 1267 1275 mi-

79 1309 176 1375 lowali
200 1329 237 1374 ze
259 1311 365 1376 wsebo
387 1310 492 1376 suello
515 1311 606 1377 srdce
629 1331 649 1377 a
670 1330 707 1376 ze
729 1312 804 1376 ulie
827 1311 891 1375 sue
913 1310 1008 1394 wdle,
1040 1311 1186 1379 aswehe
1208 1311 1269 1376 bll-

80 1410 189 1476 lniebo
208 1410 285 1491 jako
308 1411 386 1477 sami
408 1413 453 1489 sb,
476 1430 495 1474 a
510 1412 648 1492 milujlee
660 1412 735 1493 jebo
758 1429 773 1476 s
789 1412 852 1476 nim
872 1415 907 1476 se
922 1411 1071 1479 radowali
1085 1414 1145 1479 bez
1159 1410 1269 1477 konce.

80 1513 185 1574 lmen.
229 1510 299 1576 Neb
331 1530 357 1576 w
380 1511 414 1575 td
440 1510 511 1575 dud
542 1511 706 1592 piilrdnanl
725 1511 834 1576 mileil
865 1512 992 1578 webken
1021 1513 1122 1579 zaken
1151 1511 1272 1593 stary'i

81 1610 175 1692 nomi.
202 1609 306 1693 Stojte
327 1630 368 1676 na
390 1612 477 1675 ceste
499 1630 518 1674 a
541 1611 649 1691 slystc,
673 1611 784 1692 abyste
806 1609 943 1692 polonie
964 1611 1069 1679 bodne
1091 1613 1187 1692 einili,
1209 1612 1271 1677 neb

81 1711 152 1793 tudy
175 1712 254 1777 uam
275 1730 310 1777 se
332 1711 462 1793 piibliil
483 1710 693 1776 kralowstwie
723 1710 872 1777 nebeskt.
916 1713 985 1778 Neb
1008 1713 1144 1796 pokdnie
1166 1712 1271 1796 praue

78 1813 137 1892 lest
158 1811 398 1889 zdrawiedule,
423 1810 759 1886 nawraceniectnosti
778 1811 872 1892 jakol
892 1812 1272 1895 swaty'Bemardsweddi

83 1912 150 1979 lita:
184 1899 383 1994 Opokeinie,
415 1912 548 1978 udrawie
571 1911 665 1993 dulc,
688 1912 884 1978 nawrdcenie
907 1916 1040 1986 etnosti,
1074 1913 1272 1997 rozptilenie

82 2011 247 2093 biiechdrr,
270 2013 421 2079 zkadenie
445 2013 547 2094 pella,
571 2013 671 2078 brana
691 2013 801 2093 nebes,
825 2020 914 2079 cesta
929 2013 1195 2096 sprawedliwy‘eh,
1216 2033 1273 2079 na-

82 2114 206 2195 sycenie
233 2113 522 2195 blaboslawenicbl
568 2112 754 2195 Piebtastny‘
789 2113 925 2191 dlowblr,
958 2114 1105 2196 ktery‘lto
1135 2113 1272 2196 polinic

83 2215 175 2279 swale
207 2215 355 2295 miluJea
382 2218 419 2279 al
451 2215 491 2278 do
513 2212 615 2278 konce
637 2214 750 2279 iiweta
779 2212 884 2279 swebo
907 2214 1065 2279 ostiiebal
1109 2213 1211 2295 Stdjte
1234 2234 1275 2279 na

82 2316 165 2379 ceste
187 2314 277 2394 bont,
306 2314 425 2381 bratdie
448 2315 522 2396 moji
545 2315 624 2380 milil
660 2316 832 2380 ustawibne
855 2314 981 2380 resttiee
1010 2335 1036 2378 w
1058 2315 1169 2380 diuete
1192 2334 1269 2380 swa·

83 2413 153 2493 tem,
174 2434 194 2479 a
215 2414 459 2497 nepisstdwthe
482 2414 581 2480 dobie
604 2416 702 2496 diuiti,
725 2414 807 2480 nebo
830 2417 935 2480 dasem
950 2414 1046 2497 surim
1061 2415 1179 2480 budete
1193 2413 1272 2479 dieti

83 2532 105 2577 u
127 2515 299 2580 nebesiecb
321 2515 590 2597 neptestdwajice.
615 2517 724 2581 Amen.

179 2614 208 2667 E
224 2613 287 2669 MS.
308 2614 446 2684 θησέμεν.
466 2614 556 2684 Praq.
574 2615 684 2678 XXII,
702 2614 737 2668 A.
757 2614 784 2676 4,
796 2615 849 2683 jol.
868 2612 929 2668 419.

181 2698 235 2753 Ed.
255 2700 284 2749 in
305 2680 421 2766 dnopa
437 2699 505 2752 seat.
527 2697 748 2751 abremissa
767 2698 790 2761 1,
807 2716 837 2767 p.
856 2695 916 2751 406
932 2714 970 2766 sq.

607 2815 625 2851 a
729 2815 747 2851 a

669 2862 685 2899 *

179 2963 273 3017 Gratia
291 2969 319 3017 et
336 2980 388 3031 par
406 2980 422 3018 a
440 2963 547 3018 dondno
564 2964 731 3018 nostrelesu
743 2965 848 3018 Christo
867 2966 901 3018 sit
919 2965 1063 3019 vobiscum.
1082 2967 1177 3017 Amen.
1203 2964 1276 3018 llaec

86 3045 146 3099 dicit
162 3046 287 3101 dominns
304 3048 372 3101 deus
389 3048 416 3101 in
434 3047 605 3102 distinctione
623 3048 709 3102 sancti
726 3047 875 3102 Jeremiae:
903 3048 994 3115 ,State
1012 3061 1095 3115 snper
1112 3047 1168 3100 vias
1187 3053 1214 3100 et
1231 3063 1277 3101 au·

87 3129 164 3198 dite*)
182 3138 211 3183 et
227 3131 392 3198 interrogate
418 3130 451 3184 de
469 3131 572 3184 semitis
590 3131 716 3198 antiquis,
743 3145 813 3197 quae
834 3130 869 3183 sit
886 3131 929 3184 via
945 3131 1024 3197 bona,
1053 3137 1080 3183 et
1097 3130 1233 3184 ambulate
1251 3131 1279 3184 in

87 3228 124 3281 ea,
142 3223 169 3268 et
186 3215 329 3269 invenietis
346 3214 515 3281 refrigerium
533 3214 673 3268 animabus
691 3214 811 3268 vestris.“
849 3215 924 3268 State
942 3214 969 3267 in
987 3213 1036 3267 viis
1054 3214 1106 3280 dei,
1130 3229 1199 3281 quae
1217 3220 1280 3267 sunt

86 3296 220 3352 humilitas
237 3313 336 3365 magna
353 3297 451 3352 domini
469 3298 536 3352 lesu
554 3297 662 3364 Christi,
681 3296 871 3363 misericordia,
895 3297 1034 3365 patientia,
1063 3296 1119 3351 rita
1135 3296 1279 3365 laboriosa,

86 3380 185 3435 afflicta
202 3389 230 3435 ct
247 3381 373 3436 dolorosa
390 3381 528 3450 usquead
546 3389 657 3436 mortem
677 3382 736 3448 ojus
755 3381 874 3448 loednm3
904 3396 965 3434 nam
994 3381 1052 3448 ipse
1083 3380 1197 3434 dilectus
1226 3381 1279 3435 sal-

87 3474 170 3519 rator:
189 3466 309 3533 ,Discite
327 3481 344 3519 a
360 3482 412 3531 mc,
430 3466 524 3534 inquit,
542 3467 605 3533 quia
623 3466 694 3519 mitis
711 3482 770 3519 sum
789 3472 816 3519 et
833 3465 942 3519 humilis
958 3464 1065 3518 corde.“
1092 3464 1129 3518 Et
1144 3464 1266 3520 alioloeo

88 3548 271 3617 ,Exemplum
289 3550 383 3617 iuquit,
401 3549 463 3604 dedi
481 3550 565 3616 vobis,
591 3557 621 3603 ut
638 3549 861 3616 quemadmodum
878 3565 928 3615 ego
945 3549 998 3603 leci
1015 3550 1098 3618 vebia,
1125 3549 1163 3602 ita
1181 3556 1209 3603 et
1225 3566 1272 3604 vos

87 3631 214 3687 laetatis.“
250 3638 340 3701 Atque
358 3633 480 3687 dominus
492 3634 573 3687 lesus
590 3632 709 3687 obedivit
726 3633 823 3687 dilecto
841 3633 978 3701 patrisne
996 3634 1132 3702 usquead
1150 3640 1276 3688 mortem:

88 3717 205 3784 proiecto
223 3732 272 3772 nos
289 3723 446 3785 peccatores
464 3733 496 3771 eo
514 3717 598 3784 magis
616 3716 643 3770 id
660 3717 751 3771 facere
769 3717 854 3771 decet.
883 3718 958 3772 State
971 3718 998 3772 in
1012 3717 1070 3784 riis,
1089 3717 1183 3772 sedule
1195 3718 1277 3772 inter-

88 3810 222 3871 mgantes,
240 3817 310 3871 qnae
328 3802 363 3855 ab
380 3810 492 3857 aeterna
509 3809 594 3857 morte
612 3803 746 3856 advitam
771 3809 909 3857 aeterium
932 3802 1031 3856 ducant
1049 3809 1076 3856 et
1093 3803 1127 3857 ab
1145 3804 1216 3857 omni
1233 3803 1281 3857 mi·

90 3888 157 3941 seris
182 3885 218 3940 ad
245 3891 383 3940 aeternam
411 3886 550 3941 laetitiam.
586 3890 675 3954 Atque
693 3888 762 3940 haee
780 3887 822 3940 via
839 3893 881 3940 est
898 3886 1065 3953 evangelium
1083 3886 1182 3940 domini
1200 3885 1282 3940 omni·

89 3972 204 4039 potemis
222 3976 250 4025 et
267 3969 398 4037 epistolae
416 3970 590 4038 apostolieae,
609 3976 686 4024 vetus
703 3975 892 4024 testamentum
911 3976 938 4023 et
955 3971 1025 4025 vitae
1042 3985 1148 4038 qnoque
1177 3976 1282 4023 sancto-

90 4072 155 4122 rnm,
171 4069 243 4123 quae
261 4055 433 4108 continentur
453 4056 538 4109 saeris
555 4055 650 4121 literis,
669 4055 715 4123 qui
732 4054 787 4108 vita
804 4070 854 4109 sua
871 4054 963 4108 lucent
985 4055 1054 4108 sicin
1070 4053 1111 4107 sol
1129 4059 1156 4106 et
1173 4052 1239 4107 luna
1257 4060 1285 4107 et

91 4138 143 4193 alia
159 4136 260 4193 sidera.
295 4136 483 4206 Quamobrem,
502 4139 634 4192 carissimi
652 4138 751 4192 fratres
774 4144 802 4192 et
827 4153 934 4192 sorores
951 4138 978 4191 in
996 4136 1103 4191 domino
1126 4136 1177 4190 deo
1195 4151 1285 4206 carae,

92 4238 154 4290 rogo
169 4236 217 4275 ros
236 4237 287 4289 per
305 4220 461 4289 martyrium
478 4220 526 4275 filii
545 4220 599 4288 del,
617 4229 646 4274 ut
664 4220 779 4274 libenter
788 4221 965 4289 frequentetis
977 4219 1213 4288 praedicationem,
1231 4219 1284 4274 fre·

95 4312 253 4372 queritantes
271 4304 416 4373 diligenter
431 4305 560 4374 audiatis,
587 4305 728 4359 audientes
745 4305 911 4373 intelligatis,
929 4304 1110 4370 intelligentes
1128 4304 1285 4371 observetis,

95 4388 267 4443 observantes
285 4404 332 4442 vos
349 4389 480 4455 noscatis,
499 4395 642 4444 noscentes
660 4404 706 4442 vos
724 4390 807 4457 probe
825 4396 856 4442 ut
873 4388 1040 4455 cognoscatis
1066 4393 1184 4441 vestrum
1202 4387 1284 4442 dilee-

96 4471 220 4526 tissimnm
241 4471 404 4526 salvatorem
425 4472 498 4541 (nam
517 4487 678 4540 cognoscere
696 4471 775 4525 deum
793 4485 896 4524 summa
914 4475 957 4523 est
970 4468 1096 4537 justitia),
1124 4484 1286 4537 cognoscen-

127 4656 283 4721 *),slylte‘.
316 4660 344 4707 ln
361 4660 430 4720 rnlg.
448 4656 508 4722 (der.
529 4658 566 4717 ll,
587 4654 628 4724 16)
646 4660 736 4720 legitur
755 4657 877 4718 ,ridete“.

1083 4742 1100 4793 b
