2992 5258
334 370 375 424 96.
393 370 433 425 et.
450 368 560 423 Literae
578 368 681 438 sigism.
700 376 729 424 et
745 385 818 425 cono.
836 370 871 425 ad
889 309 945 426 bai.
964 372 1030 429 Boh.
1048 373 1153 428 orthod.
1273 378 1335 443 615

148 576 280 626 staturam
308 580 381 634 essc;
412 568 509 623 etenim
527 569 556 623 in
573 569 689 623 animum
707 570 861 626 induximus
879 586 912 626 ea
928 571 1051 626 instituta
1068 574 1146 642 tueri,
1174 589 1243 642 quae
1260 576 1339 631 uobis

149 671 221 719 arus,
248 659 327 724 pater
352 653 490 720 nostrique
516 654 633 721 majores
659 654 833 722 reliquerunt
867 654 962 724 Itaque
989 657 1156 724 postulamus
1173 674 1190 712 a
1208 659 1291 721 vobis,
1309 666 1340 713 ut

149 739 275 807 fideliter,
307 739 376 792 sicut
400 737 501 791 tabulis
526 736 641 805 publicis
666 753 712 792 vos
735 738 915 793 obstrinxistis
942 746 969 793 et
995 740 1176 809 obligavistis,
1202 757 1219 795 a
1245 750 1338 796 sancta

149 821 273 890 ecclesia,
300 836 317 875 a
334 820 418 876 fratre
435 830 527 877 nostro
545 821 644 876 dilecto
663 828 690 876 et
707 838 724 876 a
741 823 818 877 nobis
836 824 920 888 stetis,
938 824 1009 893 quod
1027 840 1194 893 summopere
1213 825 1246 880 de
1263 826 1338 880 vobis

149 921 297 974 speramus.
317 905 374 973 Quo
398 905 544 973 jucundius
567 907 722 974 gratiusque
746 906 813 961 nihil
836 907 912 961 nobis
933 907 1023 962 iacere
1040 909 1169 977 poteritis.
1206 909 1338 979 Scriptum

138 990 269 1058 -Purisiis,
293 989 336 1044 die
364 1005 385 1044 a.
403 990 550 1054 Benedicti,
575 1005 716 1058 regnorum
734 996 884 1046 nostrorum
902 992 1059 1061 Hungariae
1077 1009 1148 1048 anno
1167 993 1267 1063 XXIX,
1285 994 1338 1049 Ro·

148 1088 290 1128 manorum
306 1089 369 1128 vero
387 1089 457 1128 anno
475 1081 560 1139 sexto,
579 1090 648 1128 anno
666 1081 727 1142 post
745 1075 880 1130 Christum
899 1082 992 1132 uatum
1009 1075 1195 1132 MCCCCXVI.

655 1248 849 1257 ——0—..0-

644 1453 646 1461 “
707 1434 762 1508 97.

150 1660 392 1749 Concilium
415 1659 743 1747 Constantiense
768 1663 902 1745 literis
924 1662 978 1744 ad
996 1663 1177 1747 barones
1198 1661 1338 1748 Bohe-

149 1803 260 1883 miae
291 1797 551 1882 orthodoxos
588 1797 698 1881 datis
725 1801 879 1880 aeriter
909 1798 1121 1880 invehitur
1147 1801 1191 1880 iu
1254 1829 1339 1904 eoa,

150 1938 223 2046 qui
248 1933 449 2017 ridiculos
481 1933 672 2036 ,libellos
699 1933 910 2016 famosos“
940 1936 1144 2037 miserint,
1176 1935 1341 2043 suppli-

150 2072 263 2153 cium
295 2066 326 2153 J
328 2070 477 2153 oannis
491 2064 584 2149 Hus
609 2069 774 2174 justum
804 2068 932 2150 fuisse
966 2068 1197 2173 contendit,
1235 2067 1334 2150 hor-

151 2215 362 2312 taturque,
408 2215 455 2285 ut
494 2214 737 2286 constanter
781 2204 826 2284 in
870 2202 955 2284 fide
981 2216 1254 2310 perseverent
1299 2216 1342 2285 et

298 2335 670 2448 Lutomyslensem
696 2339 946 2446 episcopum
973 2316 1187 2444 adjuvent.

538 2524 720 2619 constantiae,
741 2554 813 2618 1416,
832 2553 864 2605 27
881 2553 962 2606 Mart

647 2755 845 2767 -α--ι

433 2854 477 2917 (n
493 2852 555 2906 us.
575 2852 665 2907 maa
683 2853 754 2906 noa.
772 2852 798 2914 4,
817 2854 854 2905 n.
875 2852 920 2915 12,
932 2854 957 2922 s.
975 2850 1039 2920 es.)

352 3155 540 3223 „Querimouia
563 3163 678 3223 quatuor
702 3157 839 3209 undenum
861 3154 894 3208 de
913 3154 1072 3208 Constantia
1096 3152 1218 3206 omnibus
1235 3151 1343 3206 baroni·

417 3239 467 3292 bus
484 3239 641 3305 orthodoxis
659 3254 741 3306 super
758 3239 820 3292 illos
838 3238 968 3306 dominos,
986 3238 1033 3306 qui
1052 3236 1219 3305 scripserunt
1236 3236 1342 3290 literam

416 3337 476 3378 cum
494 3323 586 3378 multis
603 3322 699 3391 sigillis
717 3329 811 3378 conus
829 3321 927 3391 ipsos.“

250 3488 459 3557 Sacrosancta
499 3497 531 3556 et
563 3492 721 3572 generalis
762 3492 900 3574 synodus
934 3489 1187 3556 constantiensis
1220 3487 1344 3553 dilectis

150 3592 307 3658 eeclesiae
335 3589 423 3671 filiis,
455 3591 613 3659 nobilibus
642 3593 718 3657 viris
744 3609 781 3658 sc.
812 3593 1005 3659 salutemet
1033 3591 1085 3656 dei
1118 3589 1343 3672 omnipotentis

150 3691 416 3759 benedictionem.

253 3792 387 3871 Quantis
416 3791 634 3875 providentiae
665 3794 778 3859 studiis
804 3794 943 3860 malitiae
972 3800 1005 3859 et
1026 3793 1187 3873 nequitiae
1209 3793 1345 3857 fermen-

151 3900 229 3970 tum,
253 3893 337 3975 quod
352 3893 488 3960 humana
503 3893 641 3959 conditio
664 3913 703 3958 ex
725 3895 845 3975 antiqui
861 3894 1019 3976 serpentis
1035 3891 1145 3958 afflatu
1168 3892 1345 3956 miseranda

152 3995 344 4074 contagione
366 3996 534 4070 contraxit,
556 3995 784 4077 potestatibus,
812 3996 926 4076 quibus
948 3994 1113 4059 ecelesiam
1135 4010 1223 4057 suam
1245 3991 1343 4057 domi·

151 4112 213 4160 uus
236 4094 407 4175 regendam
430 4094 641 4176 tuendamque
664 4095 837 4174 commisit,
862 4095 1099 4178 expurgandum
1121 4092 1289 4171 incumbit,
1312 4100 1345 4156 et

152 4213 194 4260 ue
210 4196 425 4277 corruptionis
441 4210 518 4261 suae
540 4197 626 4260 virus
648 4197 858 4279 perniciosius
880 4196 1005 4263 dilatari
1028 4199 1131 4276 queat,
1155 4193 1343 4275 opportunis

152 4295 304 4360 remediis
326 4296 567 4376 accurreudum,
601 4315 640 4362 ex
663 4299 829 4363 salvatoris
851 4300 953 4364 nostri
976 4296 1143 4362 sententiis
1166 4293 1344 4359 evidentius
1386 4358 1388 4363 ,

152 4394 372 4477 perdocemur,
395 4397 508 4478 quibus
523 4398 669 4463 arborem
684 4396 734 4464 fici
759 4398 900 4462 sterilem
914 4397 1119 4477 fecundisque
1141 4413 1216 4459 suae
1235 4395 1346 4459 vineae

150 4495 271 4561 vitibus
298 4497 423 4562 nomam
444 4498 577 4576 succidi,
600 4500 729 4580 insuper
758 4498 891 4578 oculum,
920 4502 1096 4562 manumet
1117 4494 1241 4577 pedem,
1268 4495 1342 4560 reli·

152 4614 249 4689 quam
269 4599 320 4664 sui
347 4599 490 4689 corporis
519 4599 734 4688 compaginem
765 4599 1032 4678 scandalizantes,
1067 4597 1161 4676 etiam
1184 4597 1211 4664 si
1232 4596 1344 4664 dextra
1454 4654 1460 4669 .
