2992 5258
349 394 392 449 51.
409 392 521 449 Docum.
540 393 574 447 do
590 393 711 463 generali
730 393 832 463 synodo
849 393 915 447 cleri
933 392 1002 447 Bab.
1016 409 1052 448 m.
1064 393 1143 447 Febr.
1286 394 1347 459 475

732 597 761 662 (l.

205 816 377 881 eonsilium
399 816 567 881 doctorum
589 815 746 880 facultatis
768 814 965 897 theolopioao
988 817 1082 881 studii
1107 816 1280 896 Propontis.

578 1033 691 1099 Pragae,
711 1034 784 1098 1413,
802 1033 819 1085 6
840 1031 918 1085 Febr.
977 1064 985 1087 ι

150 1320 193 1383 (Ε
201 1317 263 1373 Ms.
282 1317 377 1371 Vienn.
397 1315 477 1381 4941,
489 1319 541 1386 sol.
561 1318 642 1373 2-9.
662 1348 690 1355 -
711 1317 765 1371 MS
791 1319 934 1370 amiomait.
954 1317 1045 1385 Pruy.
1056 1318 1118 1379 111,
1129 1316 1163 1370 G.
1177 1313 1209 1377 6,·
1227 1318 1256 1368 it.
1269 1315 1349 1385 opud

579 1403 740 1457 Cocbloeum
759 1419 786 1471 p.
805 1400 842 1455 44
859 1404 916 1468 aq.)

351 1686 485 1753 ,Consilia
503 1694 531 1739 et
549 1686 618 1740 modi
637 1687 797 1740 concordiae
816 1687 1003 1753 magistrorum
1023 1685 1161 1739 facultatis
1180 1686 1347 1755 theologicae

418 1770 499 1824 studii
518 1771 662 1838 Pragensis
684 1778 779 1825 contra
796 1770 962 1824 Wiclefistas
985 1786 1047 1823 ann.
1072 1769 1141 1823 dom.
1165 1768 1347 1823 MCCCCXlll

415 1857 587 1923 pronuntiata
604 1857 631 1909 in
650 1856 694 1909 die
717 1856 743 1909 S.
755 1854 910 1910 Dorotboae
929 1856 955 1921 (6
967 1854 1059 1919 Febr.)
1078 1856 1105 1907 in
1123 1854 1212 1921 Praga
1228 1853 1255 1906 in
1273 1852 1349 1907 curia

417 1941 612 2009 archiepiscopi
632 1942 658 1994 iu
677 1940 790 1995 coneilio
808 1940 988 2008 provinciali.“

249 2112 329 2189 Quia
362 2118 463 2174 sermm
497 2113 646 2192 princeps
679 2116 712 2175 et
745 2109 890 2175 dominns
923 2110 961 2174 l).
993 2109 1199 2174 Wenceslaus
1234 2108 1347 2175 ltorua·

149 2231 261 2278 noriam
294 2217 327 2277 et
348 2211 519 2277 Bohemiae
546 2229 611 2287 rex,
641 2229 699 2292 pro
729 2211 852 2275 honore
873 2228 931 2275 suo
956 2218 988 2274 ct
1011 2210 1102 2289 regni
1124 2209 1183 2289 sui,
1206 2208 1246 2273 do
1268 2226 1345 2273 sano

150 2312 282 2378 consilio
304 2312 502 2376 dominorum
525 2311 687 2389 baronum,
712 2329 770 2392 per
793 2332 866 2377 suas
889 2312 999 2376 literas
1023 2312 1122 2376 voluit
1137 2317 1170 2376 et
1185 2311 1347 2376 nrandavit

148 2414 279 2490 seriose,
302 2418 339 2477 ut
360 2412 513 2494 pestifera
535 2411 744 2477 dissensionis
766 2413 900 2477 materia
921 2416 953 2476 in
969 2413 1055 2477 clero
1072 2411 1162 2493 regni
1175 2410 1347 2476 Bohemiae

149 2514 283 2579 suborta
305 2513 562 2593 investigaretur,
586 2513 676 2594 cujus
698 2521 869 2595 praetextu
896 2515 999 2596 ipsum
1021 2532 1154 2593 regnum
1176 2512 1347 2577 Bohemiae

149 2620 182 2680 et
210 2614 392 2695 regnicolae
419 2613 451 2678 in
479 2613 614 2680 diversis
642 2614 875 2696 principatibus
905 2633 1042 2679 coronae
1064 2614 1154 2693 regni
1177 2612 1347 2679 Bohemiae

148 2715 368 2797 adiacentibus
395 2714 536 2797 graviter
568 2715 769 2793 infamantur,
799 2721 895 2796 prout
926 2714 996 2798 ipse
1018 2715 1056 2779 D.
1080 2714 1146 2778 Rex
1176 2714 1346 2779 suscribit

148 2816 321 2899 accepisse,
349 2821 382 2881 et
407 2822 443 2879 ut
471 2815 540 2897 ipsa
568 2814 778 2880 dissensionis
806 2815 939 2881 materia
969 2814 1159 2895 investigata
1194 2814 1346 2879 radicitus

148 2916 382 2999 exstirparetur
404 2922 437 2981 et
458 2914 677 2981 suffocaretur.
721 2916 825 2998 Hujns
847 2925 954 2980 irritem
977 2915 1185 2980 dissensionis
1216 2915 1348 2981 materia

150 3037 188 3083 ex
212 3025 304 3103 parte
326 3017 533 3099 quorumdam
555 3017 594 3082 de
617 3017 703 3081 clero
727 3016 890 3097 praedicto
913 3016 1077 3082 extribus
1100 3017 1204 3081 <ausis
1227 3016 1348 3081 radim-

148 3119 230 3187 libus
253 3124 304 3184 cst
326 3118 506 3184 manifesta:

247 3219 367 3283 Primo
399 3239 512 3281 manao:
535 3220 613 3283 Nam
647 3218 855 3283 communitas
885 3218 962 3282 cleri
990 3219 1021 3282 in
1053 3237 1151 3299 regno
1174 3218 1346 3283 Bohemiae

148 3321 187 3386 de
212 3327 335 3402 septem
357 3319 565 3384 sacramentis
588 3318 751 3396 ecclesiae,
775 3317 814 3382 de
837 3316 988 3397 clavibus,
1011 3316 1125 3383 officiis
1146 3325 1180 3385 et
1201 3319 1346 3385 censuris

148 3421 313 3500 ecclesiae,
334 3421 374 3485 de
397 3420 550 3498 moribus,
572 3420 696 3497 ritibus,
719 3419 916 3497 ceremoniis,
936 3418 1073 3499 juribus,
1096 3419 1299 3485 libertatibus
1315 3424 1348 3483 et

148 3524 248 3589 sacris
272 3522 368 3586 rebus
390 3520 553 3599 ecclesiae,
576 3520 616 3585 de
633 3520 839 3585 reiteratione
860 3518 1065 3600 reliquiarum
1082 3526 1114 3586 et
1130 3520 1347 3603 indulgentiis,

148 3624 186 3688 dc
209 3620 376 3688 ordinibus
398 3627 432 3686 et
454 3621 661 3693 religionibus
677 3622 708 3686 in
731 3620 875 3697 ecclesia,
898 3619 1016 3684 nedum
1031 3639 1103 3686 cum
1119 3623 1346 3689 communitate

149 3725 248 3790 totius
277 3723 354 3789 cleri
381 3722 413 3787 in
443 3721 568 3797 mimda,
595 3721 652 3786 sed
683 3721 779 3786 etiam
808 3721 907 3787 totins
929 3719 1189 3801 Christianitatis,
1213 3740 1340 3807 semper
1436 3758 1439 3765 ·

147 3824 247 3889 sentit
275 3822 414 3888 fideliter
444 3829 478 3887 et
509 3821 619 3899 credit,
647 3822 730 3886 sicut
759 3822 901 3887 Romana
930 3821 1066 3887 ecclesia
1094 3829 1127 3887 et
1149 3840 1212 3887 non
1234 3823 1346 3901 aliter;

148 3925 238 4006 cujus
268 3924 428 3988 Romanae
458 3921 611 3988 ecclesiae
633 3941 716 4004 papa
739 3927 789 3986 est
811 3928 916 4003 caput,
938 3939 1056 4004 corpus
1078 3939 1153 3988 vero
1177 3922 1345 4003 collegium

148 4023 365 4103 cardinalium,
397 4022 572 4088 existentes
600 4022 760 4087 manifesti
793 4028 826 4086 et
859 4022 926 4087 veri
956 4039 1161 4087 successores
1188 4023 1342 4105 principis

149 4123 369 4209 apostoloram
390 4123 478 4188 Petri
511 4128 544 4188 ct
577 4123 702 4204 collegii
735 4123 869 4187 aliorum
902 4123 1119 4205 apostolorum
1147 4122 1276 4202 Christi,
1310 4124 1342 4189 in

148 4224 252 4292 officio
276 4223 492 4290 ecclesiastico
515 4221 726 4305 cognoscendi
741 4229 775 4287 et
789 4221 965 4288 diffiniendi
982 4224 1162 4288 universam
1178 4225 1344 4292 materiam

149 4324 336 4393 catholicam
366 4328 400 4388 et
428 4324 683 4403 ecclesiasticam,
714 4341 842 4390 errores
872 4324 956 4389 circa
987 4324 1072 4390 illam
1102 4325 1283 4406 corrigendi
1313 4332 1346 4390 et

149 4424 316 4509 purgandi,
338 4431 435 4506 atque
456 4425 489 4489 in
513 4426 661 4490 universa
683 4423 738 4489 illa
758 4424 894 4490 matoria
915 4442 1021 4490 coram
1044 4424 1182 4491 habendi
1204 4426 1345 4491 omnium

148 4528 282 4593 aliarum
310 4524 515 4591 ecclesiarum
544 4531 577 4590 et
604 4524 824 4590 universorum
852 4523 972 4590 Christi
1002 4523 1158 4604 fidelium;
1188 4542 1259 4592 cum
1285 4545 1345 4610 pro

149 4626 305 4711 regimine
340 4624 493 4691 ecclesiae
527 4644 584 4708 per
618 4624 799 4690 universum
835 4624 986 4690 mundum
1019 4630 1187 4709 oporteret
1218 4644 1345 4711 semper
