2992 5258
271 402 306 458 11.
324 401 367 459 De
383 403 421 458 Μ.
438 402 464 456 J.
482 402 541 457 llus
559 403 732 457 Constantine
750 403 777 457 in
795 416 931 457 carcerem
949 402 1078 470 conjecto·
1221 407 1283 470 255

90 611 260 687 praecepta
287 604 428 683 domini,¹
450 605 489 671 de
513 623 646 686 corpore
668 604 802 684 Christi,
823 604 863 668 de
885 604 1093 682 matrimonio,
1118 604 1157 668 de
1173 605 1283 686 poeni·

90 706 204 785 tentia,
234 705 273 770 de
295 705 397 770 tribus
419 704 565 769 hostibus
586 702 734 783 hominis,
768 702 807 768 de
830 710 960 784 peccato
994 712 1027 767 et
1059 703 1128 785 ejus
1150 722 1282 783 genera-

90 806 183 884 tione,
206 804 246 870 de
268 804 438 870 dilectione
460 802 554 868 etde
577 801 758 880 cognitione
768 801 830 881 dei,
853 808 887 866 et
902 802 1089 882 sicdeoliis,
1113 803 1167 883 qui
1186 805 1282 867 etiam

88 903 164 970 locis
186 905 411 986 praesentibus
432 905 625 969 inserentur.

187 1005 319 1070 Interea
349 1003 430 1068 lenia
457 1009 571 1084 quarta
591 1007 666 1066 onte
688 1001 813 1066 Palmns
835 1000 891 1083 (20
913 1000 1022 1088 Mart.)
1045 1003 1124 1067 hora
1147 1008 1182 1067 ut
1196 1002 1281 1067 dice·

90 1104 182 1168 batur
204 1105 309 1169 noctis
331 1105 445 1183 tertia,
470 1104 611 1168 loannes
634 1121 716 1183 papa
737 1101 845 1167 XXIII
867 1103 899 1165 in
921 1101 1032 1167 habitu
1054 1102 1278 1168 transformato

90 1203 190 1269 laicali
212 1204 348 1270 recessit
370 1209 404 1268 et
425 1221 461 1267 se
476 1203 635 1267 subtraxit
648 1201 764 1266 furtive
786 1200 826 1265 de
849 1200 1098 1266 Constantia-ad
1120 1202 1281 1268 ciuitatem

90 1304 245 1383 quandam
276 1303 411 1367 Fridrici
443 1302 532 1367 ducis
553 1302 718 1380 nustriae,
749 1317 830 1381 quae
854 1300 992 1365 distabat
1012 1320 1032 1365 a
1053 1300 1281 1368 Constantino

90 1403 251 1483 milliaria,
284 1403 350 1468 scil.
383 1402 415 1466 in
448 1401 702 1478 Schauienhaus3
731 1418 823 1480 quern
852 1407 964 1481 postea
985 1402 1035 1466 sui
1056 1400 1226 1465 familiares
1248 1409 1282 1466 et

89 1501 161 1569 dicti
182 1503 228 1567 ll
249 1502 383 1568 Joannis
398 1501 547 1566 custodes
563 1501 665 1565 secuti
677 1505 767 1579 sunt,
789 1508 824 1565 et
845 1501 950 1565 claves
972 1498 1012 1563 de
1035 1501 1119 1567 dicto
1142 1517 1280 1581 carcere,

86 1600 114 1665 ln
147 1621 214 1684 quo
246 1603 397 1683 magister
431 1601 581 1667 detentus
603 1601 721 1680 fuerat,
753 1601 825 1681 regi
847 1608 881 1666 et
903 1605 938 1664 ut
961 1600 1125 1665 dicebatur
1146 1601 1279 1667 concilio

83 1708 390 1783 praesentaverunt,
423 1720 457 1767 se
489 1703 577 1784 ipsos
609 1700 649 1766 de
670 1701 712 1765 M.
745 1700 815 1766 Hus
845 1700 989 1765 custodia
1009 1700 1144 1781 amplius
1166 1717 1281 1766 exone·

79 1810 203 1866 rantes.
227 1801 269 1865 Et
292 1819 347 1866 rex
363 1821 433 1867 cum
455 1802 602 1882 concilio,
625 1801 764 1882 acceptis
780 1801 930 1879 clavibus,
952 1805 986 1866 et
1007 1800 1068 1865 hoc
1089 1800 1122 1864 in
1144 1799 1196 1864 die
1210 1798 1280 1882 pal·

76 1917 208 1967 marum
231 1902 286 1981 (24
317 1900 436 1980 Mart),
474 1900 562 1966 dedit
584 1901 733 1982 episcopo
757 1900 1009 1980 constantiensi,
1040 1905 1076 1963 ut
1096 1899 1280 1980 magistrum

70 2001 222 2083 accipiat
242 2000 275 2064 in
297 2006 490 2081 potestatem
511 2019 609 2066 suam.
631 2000 715 2065 Ecce
737 2000 788 2065 hic
805 2000 870 2082 J'am
892 2005 1042 2082 potuerat
1063 2017 1134 2064 cnm
1156 2000 1277 2064 honore

68 2117 154 2165 eum
182 2099 321 2165 liberare
349 2100 388 2165 de
418 2118 546 2166 carcere
569 2106 603 2166 et
632 2118 691 2165 suo
712 2101 799 2165 salvo
821 2100 991 2167 conductui
1013 2101 1092 2165 eatis
1114 2100 1229 2181 facere,
1250 2101 1280 2166 si

58 2199 167 2280 juste
190 2199 224 2264 in
246 2199 307 2264 hoc
328 2201 464 2280 egisset!
487 2201 530 2266 Et
551 2201 719 2283 episcopus
742 2201 853 2266 eadem
876 2207 969 2267 nocte
991 2201 1067 2266 lecit
1088 2201 1280 2283 armatiani

62 2299 124 2363 M.
153 2298 312 2364 loannem
341 2298 459 2365 ducant
486 2301 519 2367 in
541 2301 811 2382 propugnaculum
839 2302 907 2365 sive
929 2301 1092 2367 castellum
1115 2319 1216 2364 strum.
1238 2299 1281 2366 nt

61 2398 128 2464 illi
150 2407 284 2480 accepto
305 2401 473 2479 magistro,
505 2408 683 2482 posuerunt
704 2419 775 2466 eum
803 2402 836 2465 iu
858 2419 952 2465 unam
974 2401 1077 2465 navim
1099 2400 1131 2463 in
1155 2418 1280 2481 compe·

61 2498 177 2563 dium
192 2498 233 2563 de
255 2506 358 2579 nocte,
380 2506 414 2565 et
428 2499 588 2566 duxerunt
607 2501 657 2567 vel
671 2502 811 2582 navigati
832 2508 908 2566 sunt
921 2520 991 2566 cum
1007 2520 1045 2566 eo
1059 2519 1119 2582 per
1134 2501 1279 2565 Rhenum

61 2615 186 2678 usque
215 2597 248 2661 in
270 2598 428 2664 Gotleben
452 2602 724 2682 propugnaculum
745 2601 823 2666 dicti
844 2601 987 2684 episcopi
1010 2601 1272 2681 Constantianam,

62 2696 208 2762 distans
229 2716 249 2761 a
271 2697 458 2767 Constantia
477 2720 536 2782 per
558 2709 702 2782 quartam
723 2703 817 2767 unius
838 2703 999 2781 milliaris3
1020 2702 1053 2767 in
1075 2719 1137 2784 quo
1159 2720 1279 2785 propu-

60 2797 218 2875 gnaculo
240 2817 260 2862 a
281 2798 438 2864 dominica
456 2801 634 2867 Palmarum
649 2802 750 2884 jncuit
771 2803 805 2867 in
826 2821 889 2868 una
911 2803 993 2868 turri
1013 2806 1136 2881 a'erosa,
1168 2808 1276 2868 tamen

60 2893 113 2957 in
141 2898 297 2977 superiori
319 2905 411 2980 parte
433 2900 467 2963 in
489 2902 693 2983 compedibus
714 2903 888 2982 ambulans
911 2909 944 2967 et
977 2902 1011 2966 in
1039 2908 1134 2967 nocte
1154 2902 1278 2967 monica

61 2990 190 3061 ferrea
211 2999 325 3078 parieti
348 2999 465 3064 circum
491 3001 607 3065 lectum
630 3002 815 3084 applicatus,
849 3009 882 3066 ot
915 3021 986 3066 cum
1007 3001 1068 3066 hoc
1090 3020 1217 3082 semper
1238 3001 1272 3065 in

61 3098 304 3179 compedibus,
327 3092 489 3180 usquead
519 3108 643 3182 tempus
674 3101 870 3166 reductionis
903 3119 979 3165 suae
1010 3101 1172 3165 viceversa
1193 3101 1276 3166 Con-

60 3197 250 3277 stantiam,
277 3198 332 3263 ubi
353 3207 428 3264 tunc
449 3201 534 3283 apud
556 3201 672 3266 iratres
697 3201 838 3266 Minores
862 3201 895 3264 in
917 3199 1052 3282 quodam
1078 3218 1215 3283 carcere,
1240 3208 1275 3267 nt

61 3301 198 3364 postea
217 3296 351 3378 dicetur,
371 3299 473 3379 iacuit
500 3301 707 3382 compeditus.

184 3432 230 3490 Eo
265 3442 362 3492 autem
388 3435 419 3493 in
456 3435 534 3495 dicto
557 3438 676 3509 jacente
704 3436 941 3510 propugnaculo,
970 3436 1047 3494 sient
1072 3436 1275 3508 praemittitur,

65 3533 269 3606 compedito,
293 3566 332 3578 -
354 3535 384 3594 in
406 3536 501 3607 primo
523 3538 599 3596 enim
622 3554 740 3597 carcere
761 3539 840 3610 apud
861 3536 1096 3609 praedicatores,
1118 3538 1193 3598 sicut
1214 3537 1275 3598 dic·

67 3621 161 3685 tum
175 3639 234 3702 est,
266 3634 386 3706 scripsit
414 3636 556 3708 quosdam
584 3638 755 3697 tractatulos
779 3645 809 3696 et
836 3638 938 3696 literas
961 3637 1022 3696 suis
1054 3638 1166 3708 amicis,
1199 3654 1274 3711 qnae

71 3725 172 3787 etium
197 3739 265 3803 post
294 3733 471 3794 inserentur.
514 3737 555 3794 Et
581 3737 669 3796 istam
697 3738 852 3810 epistolum
880 3736 1077 3809 adpopnlnm
1100 3738 1273 3811 invulgati,

75 3832 162 3888 (luae
181 3832 313 3905 sequitur
333 3834 363 3892 in
385 3834 441 3893 hac
462 3834 568 3895 forme:

181 3963 263 4023 Buoh
285 3983 300 4024 e
321 3967 404 4026 ulmi
426 3970 476 4027 rac
497 3968 558 4041 by'ti
580 3985 616 4027 ac.
658 3969 738 4028 Pstn
767 3987 792 4029 w
813 3970 920 4029 sobotu
947 3976 997 4029 ten
1020 3971 1076 4029 den
1104 3970 1178 4041 pied
1200 3986 1272 4029 swa·

84 4052 148 4123 ‘lm
167 4061 331 4124 Fabianam.
353 4064 443 4146 (Vide
464 4085 559 4139 supra
579 4069 655 4127 inter
675 4067 829 4141 Epistolas
848 4087 927 4130 aum.
951 4073 992 4127 44
1007 4087 1079 4143 pap.
1104 4067 1169 4149 83).

181 4195 267 4257 Hono
296 4198 432 4258 dominos
453 4200 600 4272 Howliko,
628 4202 724 4261 adnue
752 4203 877 4262 existam
907 4204 941 4263 iu
961 4202 1126 4269 Bethleem,
1153 4218 1212 4274 per
1241 4217 1272 4260 sc

94 4292 191 4389 mo
216 4297 249 4356 in
277 4316 408 4358 sermone
438 4301 507 4374 lepit
535 4305 563 4360 et
590 4303 790 4374 manifestavit
810 4302 844 4362 ia
865 4306 948 4362 carlo
969 4303 1123 4382 distructo,
1146 4303 1271 4362 dicendo

10 4482 12 4487 Ι
101 4386 199 4453 'llud
215 4399 316 4460 eobo:
338 4399 398 4471 Ha,
419 4399 479 4458 luz!
498 4401 638 4472 Hosius*
658 4402 690 4460 sd
704 4403 818 4474 papiro
839 4398 1072 4481 cedoaldwd!*)
1116 4414 1123 4426 ·

110 4543 194 4565 χ-
576 4555 774 4563 ——-—

153 4619 174 4684 'l
188 4627 238 4677 ileu
254 4630 311 4680 heul
329 4633 423 4682 llusnnr
439 4636 491 4694 jam
508 4636 591 4684 charta
609 4635 699 4685 delicitl
