2992 5258
508 422 622 477 Articuli
639 423 718 492 primi
735 439 797 479 aun.
817 427 917 479 1408..
1232 431 1291 494 lot

93 627 188 692 Jesus
220 628 305 693 foret
330 628 458 709 iniquus
492 626 708 709 praedicator,
740 627 815 708 quia
842 626 977 692 diceudo
1008 627 1066 691 boc
1099 636 1149 692 est
1175 646 1290 710 corpus

94 746 198 793 meum
220 736 352 810 accepto
372 746 454 810 pane
478 745 571 808 quem
592 726 922 801 transsubstantiavit,
946 734 980 791 et
1001 745 1065 792 non
1087 734 1163 793 tunc
1185 729 1290 809 expri-

94 846 183 892 mens
205 847 264 894 nec
285 836 362 894 tunc
380 827 589 908 distinguens
609 827 693 908 quod
712 835 786 908 post
808 828 1078 892 consecrationem
1096 846 1158 892 uon
1181 836 1290 895 manet

94 929 186 1010 panis
196 929 379 1007 materialis,
392 928 438 992 sic
450 927 584 992 dixisset
600 935 712 992 contra
726 927 1022 992 determinationem
1037 936 1165 993 sanctae
1179 929 1290 1003 matris

94 1029 259 1109 ecclesiae,
283 1028 368 1110 quod
391 1034 439 1093 est
465 1027 686 1093 stultissimum
711 1026 832 1105 dicere3
863 1028 1009 1092 similiter
1034 1027 1178 1105 dicendo,
1199 1035 1291 1110 pater

93 1148 144 1193 me
165 1129 267 1211 major
281 1136 341 1209 est,
364 1138 397 1195 et
418 1148 481 1195 non
497 1127 677 1211 exprimens
692 1135 728 1193 ut
742 1128 846 1206 hodio,
870 1127 992 1193 diceret
1014 1135 1126 1193 contra
1140 1128 1290 1193 determi-

92 1231 257 1295 nationem
272 1239 402 1296 sanetae
422 1231 533 1294 matris
545 1229 707 1307 ecclesiae,
730 1246 811 1309 quae
828 1228 917 1294 dicit:
934 1229 970 1292 ln
983 1229 1041 1293 hac
1056 1229 1200 1294 trinitate
1211 1228 1291 1292 nibil

93 1332 183 1412 prius
205 1339 262 1396 aut
282 1331 453 1412 posterius,
477 1329 555 1394 nihil
576 1330 677 1411 majus
700 1330 750 1394 vol
769 1330 882 1394 minus.
905 1330 972 1394 Imo
988 1331 1015 1394 si
1031 1348 1139 1395 eorum
1159 1329 1291 1394 stultum

92 1438 314 1512 argumentum
342 1431 383 1496 ab
398 1431 590 1495 auctoritate
609 1429 756 1509 negative
774 1448 912 1510 arguens
924 1430 1114 1511 procederet
1135 1430 1185 1494 vel
1207 1429 1291 1496 vale·

93 1538 154 1607 ret
170 1532 270 1597 multa
281 1531 420 1614 capitula
434 1532 467 1595 in
479 1532 552 1613 jure
575 1532 725 1595 canonico
741 1530 975 1609 condemnaret,
995 1531 1068 1612 quia
1082 1530 1291 1612 quodcunque

97 1633 270 1714 capitulum
284 1652 347 1697 non
372 1631 477 1697 omnia
491 1632 718 1713 consequentia
733 1632 927 1713 exprimeret
941 1639 975 1696 et
988 1630 1210 1712 distingueret,
1232 1629 1289 1695 dc-

92 1734 187 1799 beret
213 1733 320 1799 dicere
358 1740 470 1798 contra
497 1731 793 1796 determinationem
823 1739 951 1796 sanctae
984 1733 1094 1798 matris
1126 1731 1288 1808 ecclesiae,

93 1852 176 1915 quae
197 1834 231 1897 in
253 1834 323 1899 aliis
340 1833 488 1914 capitulis
510 1831 636 1914 plenius
655 1831 861 1908 determinat;
881 1838 914 1895 ct
936 1833 981 1897 sic
1003 1832 1174 1914 capitulum
1194 1830 1291 1911 „Cum

93 1935 126 1997 in
149 1934 322 2000 ecclesiae“
347 1943 381 1998 et
401 1933 572 2015 capitulum
597 1931 742 2012 „Summa
763 1931 873 1996 nobis“
897 1931 1043 1996 dicerent
1063 1931 1291 1998 contradeter·

93 2034 298 2100 minationem
320 2041 451 2099 sanctae
473 2033 584 2098 matris
607 2033 776 2111 ecclesiae3
805 2038 838 2097 et
859 2032 905 2097 sic
927 2038 960 2097 et
981 2030 1186 2098 Innocentius
1207 2031 1291 2097 toret

94 2154 166 2199 cum
189 2135 336 2217 capitulis
357 2136 391 2199 in
413 2133 524 2198 eadem
546 2133 873 2209 condemnationem
895 2151 957 2213 qua
979 2150 1048 2213 ego,
1081 2152 1152 2198 cum
1174 2134 1206 2198 in
1228 2133 1291 2199 illis

93 2234 244 2317 probibet
272 2234 469 2299 exactionem
492 2233 721 2315 importunam,
755 2250 818 2297 non
841 2234 1021 2314 exprimens
1047 2239 1122 2299 ante
1144 2233 1195 2299 vel
1217 2239 1291 2315 post

94 2335 126 2398 in
149 2334 212 2398 illis
235 2335 391 2417 capitulis
416 2342 448 2398 et
471 2340 577 2399 tamen
598 2351 675 2397 vera
702 2341 776 2398 sunt
800 2333 856 2398 illa
877 2333 1023 2415 capitula.
1071 2334 1113 2399 Et
1135 2351 1193 2416 ego
1216 2333 1291 2412 dixi,

93 2453 176 2515 quae
205 2434 317 2500 dicunt
349 2435 403 2500 illa
436 2435 589 2516 capitula,
623 2435 722 2514 igitur
748 2451 858 2498 verum
890 2432 972 2513 dixi;
1008 2441 1042 2499 et
1071 2453 1142 2500 cum
1170 2435 1291 2500 nullum

94 2552 204 2599 verum
230 2535 273 2599 sit
294 2528 422 2600 sanctae
447 2535 541 2599 matri
567 2534 721 2600 ecclesiae
747 2535 949 2614 contrarium,
974 2536 1072 2616 igitur
1104 2544 1291 2602 accusantes

95 2633 215 2716 decipit
242 2642 472 2715 argumentum.
516 2635 549 2699 Si
576 2635 659 2700 euim
690 2635 854 2699 audissent
883 2635 915 2698 in
938 2637 1064 2714 scholis,
1087 2636 1170 2718 quod
1197 2654 1291 2717 argu·

97 2741 236 2799 mentum
258 2736 298 2800 ab
313 2736 505 2800 auctoritate
520 2735 668 2815 negative
684 2753 747 2799 non
762 2736 856 2815 valet,
879 2754 949 2801 cum
971 2754 1035 2801 non
1057 2737 1201 2817 sequitur
1215 2739 1290 2802 hoc:

98 2834 242 2900 Christus
265 2853 329 2900 non
351 2835 432 2900 dixit
453 2836 485 2900 iu
508 2836 672 2915 evangelio
689 2853 849 2916 expresse,
874 2836 1018 2916 „beatius
1034 2846 1084 2902 est
1105 2837 1182 2902 dare
1198 2856 1291 2919 quam

99 2936 271 3017 accipere,“
307 2954 383 3016 ergo
413 2954 476 3000 non
499 2943 548 3000 ost
569 2954 694 3015 verum,
728 2935 778 3000 vel
801 2954 876 3016 ergo
899 2937 997 3017 malo,
1029 2938 1081 3003 vel
1110 2955 1186 3018 ergo
1213 2936 1293 3002 dixit

101 3045 208 3102 contra
238 3035 535 3101 determinationem
564 3045 694 3101 sauctae
715 3037 825 3101 matris
849 3038 1015 3102 ecclcsiae:
1050 3045 1208 3104 ettamen
1232 3039 1291 3103 sub

102 3136 291 3202 auctoritate
313 3135 403 3202 Pauli
424 3136 502 3202 dicit
524 3139 658 3203 actuum
680 3133 730 3200 2⁰:
760 3136 885 3201 beatius
907 3143 958 3202 est
978 3139 1078 3219 magis
1099 3138 1177 3203 dare
1198 3157 1291 3219 quam
1319 3222 1321 3226 v

103 3252 252 3319 accipere.

454 3418 575 3489 „Solutio
592 3427 688 3476 contra
704 3429 770 3475 ante
786 3420 828 3475 vel
845 3419 934 3490 post.“

193 3537 263 3603 Nec
284 3537 499 3618 suffragantur
521 3544 687 3604 exactores
709 3540 863 3622 pecuniae
885 3560 943 3623 pro
966 3542 1182 3621 sacramentis,
1205 3541 1290 3627 quod

97 3631 208 3704 liceret
223 3640 271 3705 eis
285 3646 359 3721 post
374 3655 432 3721 pro
447 3640 655 3704 sacramentis
678 3641 823 3721 exigere:
847 3660 918 3705 nam
940 3640 1018 3707 dicit
1039 3644 1214 3711 auctoritas
1237 3664 1287 3711 cc·

96 3735 212 3804 etesiae
236 3739 295 3803 sub
317 3740 508 3805 auctoritato
531 3740 707 3805 Innocentii
737 3760 838 3824 papae
875 3746 907 3805 1ιι
933 3762 983 3823 qn.
1017 3748 1051 3806 3³
1079 3752 1112 3810 et
1148 3747 1286 3829 capitulo

92 3830 197 3904 finali:
221 3838 254 3904 Si
277 3841 348 3920 quis
370 3839 569 3922 praebendas
591 3841 641 3905 vel
657 3842 832 3923 prioratum
855 3860 911 3907 seu
934 3842 1121 3911 decanatum
1142 3847 1192 3912 vel
1213 3865 1287 3929 pro-

83 3940 263 4004 motionem
285 3939 421 4020 aliquam
442 3940 691 4005 ecclesiasticam
713 3960 770 4005 seu
794 3942 958 4022 quodlibet
979 3955 1210 4013 sacramentum
1233 3965 1284 4011 ec·

82 4037 316 4119 clamosarum,
340 4045 468 4121 utputa
484 4040 597 4105 crisma
619 4041 669 4106 vel
691 4041 795 4106 oleum
818 4051 964 4109 sanctum
988 4051 1021 4110 et
1036 4047 1292 4111 consecrationes

78 4138 241 4204 alanum
262 4140 312 4204 vel
335 4140 540 4205 ecclesiarum
562 4141 797 4206 interveniente
821 4145 991 4209 execrabili
1008 4147 1123 4211 ardore
1137 4147 1291 4212 avaritiae

80 4248 152 4316 per
172 4242 340 4323 pecuniam
354 4242 548 4323 acquisierit,
571 4242 692 4308 honore
711 4243 792 4308 male
807 4244 962 4324 acquisito
988 4254 1104 4326 careat,
1134 4254 1167 4311 et
1192 4253 1295 4313 emtor

83 4348 191 4422 atque
212 4341 360 4407 venditor
382 4349 415 4407 et
436 4343 636 4409 interventor
658 4352 735 4409 nota
760 4344 907 4412 inlamiae
931 4346 1156 4428 percellantur,
1180 4356 1212 4413 et
1234 4368 1293 4414 nec

87 4452 156 4517 pro
175 4448 279 4523 pastu,
308 4460 368 4508 nec
390 4443 450 4507 sub
472 4443 605 4509 obtentu
634 4443 767 4525 alicujus
789 4444 1028 4511 consuetudinis
1052 4453 1127 4512 ante
1148 4449 1200 4514 vel
1220 4456 1294 4530 post

93 4541 215 4623 aliquid
242 4543 389 4625 exigatur
410 4544 461 4609 vel
482 4544 553 4626 ipse
581 4543 656 4609 dare
679 4553 878 4626 praesumat,
917 4547 1063 4626 quoniam
1089 4547 1292 4614 simoniacum

101 4648 159 4705 eat
189 4642 272 4710 Ecce
292 4643 356 4709 tria
377 4643 495 4709 innuit:
517 4647 629 4726 primo,
653 4645 739 4728 quod
763 4646 824 4710 sub
847 4646 963 4711 nullius
979 4637 1217 4714 consuetudinis
1237 4650 1293 4715 ob·
