2992 5258
232 402 293 463 144
450 393 588 461 Epistolae
606 392 721 460 scriptae
741 392 914 446 Constantine
932 409 1024 447 mense
1040 393 1122 448 Junio
1141 396 1206 448 1415

230 597 374 662 dominus
390 596 465 661 facit
486 594 645 659 dominum
659 594 760 659 omnis
782 595 993 677 possessionis
1009 613 1095 676 suae,
1117 596 1197 662 dans
1213 598 1241 661 ei
1264 598 1419 681 seipsum

231 705 264 762 et
287 698 391 762 omnia
412 714 527 776 secum,
551 703 586 760 ut
607 697 676 759 sine
697 696 782 759 omni
797 694 912 774 taedio,
934 695 1057 775 timore,
1080 697 1142 762 imo
1164 698 1233 761 sine
1255 700 1339 764 omni
1361 700 1417 766 de·

230 799 315 863 iectu
336 797 439 861 omnia
461 794 636 878 possideat,
667 792 807 874 gatrdens
829 813 899 859 cum
921 795 1065 860 omnibus
1088 797 1205 861 sanctis
1235 796 1351 878 gaudio
1373 800 1422 864 in·
1456 831 1459 836 ·

229 898 328 963 finito.
351 897 377 962 O
399 896 512 961 beatus
534 913 644 960 servus
666 897 727 975 ille,
757 912 857 976 quem,
881 912 951 958 cum
971 895 1099 960 venerit
1118 895 1172 960 ille
1194 897 1347 977 dominus,
1370 900 1418 964 in-

228 998 354 1063 venerit
375 996 571 1078 vigilantem!
599 996 716 1060 Beatus
738 1011 863 1071 servus,
892 996 946 1074 qui
968 995 1055 1058 ilium
1076 1012 1184 1075 regem
1206 997 1326 1076 gloriae
1348 1016 1422 1063 sus·

229 1098 327 1179 cipiet
348 1114 418 1161 cum
432 1094 560 1176 gaudio!
582 1093 665 1159 Huic
687 1110 763 1173 ergo
786 1095 854 1175 regi
876 1097 992 1159 servite
1013 1095 1219 1160 amantissimi
1241 1096 1359 1162 domini
1383 1097 1419 1162 in

230 1198 360 1277 timore,
388 1196 442 1278 qui
469 1211 525 1260 vos
549 1212 642 1276 spero
665 1194 819 1259 conducet
842 1213 926 1259 nunc
945 1193 986 1260 ad
1007 1194 1190 1259 Bobemiam
1211 1196 1245 1262 in
1266 1214 1324 1264 sua
1345 1215 1420 1277 gra-

229 1298 275 1362 tia
297 1305 329 1362 et
350 1302 458 1361 vestra
479 1295 626 1375 sanitate,
658 1301 692 1360 et
712 1301 826 1377 postea
846 1294 887 1359 ad
908 1295 1004 1359 vitam
1036 1294 1158 1374 gloriae
1179 1296 1420 1379 sempiternam.

230 1397 359 1463 Valetet
1117 1434 1136 1448 ›-

328 1495 479 1575 Aestimo,
513 1494 595 1575 quod
616 1494 680 1559 ista
701 1499 751 1559 est
771 1495 881 1560 ultima
900 1495 941 1560 ad
962 1513 1019 1560 vos
1041 1495 1151 1571 litera,
1184 1495 1259 1578 quia
1278 1514 1359 1577 crae,
1381 1503 1420 1562 ut

228 1595 369 1674 aestimo,
391 1594 553 1676 purgabor
573 1593 606 1658 in
628 1612 685 1675 spe
705 1594 783 1659 Josu
808 1593 926 1660 Chu'sti
948 1614 1007 1677 per
1027 1595 1128 1660 dirum
1148 1604 1283 1661 mortem
1304 1615 1324 1661 e
1346 1614 1422 1679 pec·

229 1695 317 1759 catis.
339 1694 426 1772 Quae
447 1695 523 1758 mibi
545 1694 755 1758 occurrebant
768 1695 830 1759 ista
851 1700 953 1775 nocte,
976 1713 1039 1759 non
1052 1713 1181 1776 possum
1203 1697 1356 1761 scribere.
1370 1696 1422 1761 Si·

228 1794 412 1874 gismundus
430 1795 534 1860 omnia
549 1795 657 1860 dolose
679 1796 753 1874 egit
768 1793 855 1859 Deus
875 1800 986 1876 parcat
1007 1795 1076 1874 sibi,
1099 1803 1132 1860 et
1160 1797 1261 1861 solnm
1282 1801 1422 1878 propter

228 1911 293 1965 vos,
317 1901 350 1959 et
360 1893 422 1976 ipsi
436 1893 601 1959 audivistis
617 1893 817 1972 sententiam,
840 1912 933 1975 quam
955 1894 1037 1960 tulit.
1059 1896 1157 1976 Rogo,
1180 1895 1298 1960 nullum
1320 1895 1421 1960 habe·

229 2000 262 2059 te
286 1994 497 2075 suspicionem
519 1992 559 2059 de
581 1994 655 2058 Vito
678 1993 773 2058 fideli.

326 2111 355 2162 Ε
370 2109 431 2163 MS.
449 2109 575 2162 Mladen.
596 2125 624 2178 p.
642 2107 686 2162 84.
721 2106 803 2164 MSS.
829 2107 924 2164 Vienna.
951 2108 1037 2173 4524,
1057 2110 1082 2180 s.
1102 2109 1144 2164 81.
1161 2139 1194 2148 -
1211 2106 1297 2171 4557,
1315 2107 1422 2179 s.150.

228 2191 290 2245 MS.
308 2194 392 2260 eupit.
409 2191 497 2261 Prepa
511 2192 536 2261 s.
556 2190 598 2246 74.

326 2276 403 2329 Edit.
420 2277 451 2327 in
468 2277 521 2344 Ep.
536 2277 616 2344 piiee.
634 2276 668 2328 E.
686 2272 714 2330 6.
735 2275 806 2344 Opp.
824 2275 890 2328 Huc
906 2275 931 2336 Ι,
951 2270 989 2328 64
1007 2285 1032 2328 et
1049 2274 1095 2328 89.

788 2622 846 2693 89.

554 2811 608 2894 D.
641 2812 804 2897 Joanni
835 2811 888 2895 dc
920 2810 1087 2895 Ohlum.

227 3025 329 3077 Scrr'br't
346 3026 456 3078 donatiuo
467 3025 582 3086 Joanru',
599 3044 628 3078 ee
645 3043 677 3077 ece
695 3029 754 3095 ejus
765 3026 853 3078 literis
864 3043 996 3093 conpotum
1007 3027 1143 3095 petredium
1151 3027 1317 3095 percepisse,
1334 3042 1419 3094 prae·

224 3109 320 3159 sertim
337 3109 409 3174 quod
429 3111 611 3161 constantiam
623 3112 681 3178 ejus
699 3118 725 3160 et
742 3110 867 3161 veritatis
878 3109 999 3160 standuna
1018 3111 1185 3176 cognotouerit,¹
1202 3110 1301 3162 deinde
1319 3110 1419 3177 peribus

225 3193 360 3259 preconiis
376 3193 443 3245 derra
456 3192 551 3259 fideles
567 3209 658 3244 seruos
674 3210 738 3244 suos
750 3193 865 3261 officiat,
886 3194 1007 3259 conponit,
1025 3192 1106 3244 Petri
1119 3202 1144 3244 et
1156 3192 1245 3245 Pauli
1261 3202 1418 3261 martyrum

544 3276 693 3328 mercedem
711 3285 853 3327 deterream
871 3292 1094 3329 commemorans.

702 3440 930 3509 (mammm

423 3640 538 3708 „Scribit
563 3641 596 3693 D.
621 3642 729 3709 Joanni,
762 3641 883 3709 gaudens
900 3641 934 3695 de
952 3642 1099 3697 intentione
1118 3644 1168 3698 sibi
1185 3643 1317 3711 intimato,
1345 3659 1415 3697 eom·

462 3741 612 3778 memorans
622 3725 671 3778 sibi
681 3728 800 3793 praemia
809 3725 859 3779 deo
869 3725 986 3780 fideliter
995 3728 1166 3780 servientium
1176 3733 1239 3780 tunc
1248 3726 1413 3780 beatorum.'‘

324 3892 560 3958 Gratiosissimc
575 3893 768 3973 benefactor,
780 3893 812 3957 in
828 3892 955 3958 Christo
965 3894 986 3958 J
988 3912 1043 3958 esu
1058 3895 1286 3960 amantissime!
1303 3894 1414 3960 Adbuc

225 4011 338 4076 exque
361 4012 418 4074 per
440 3993 490 4058 dei
513 3994 647 4074 gratiam
669 4012 797 4077 possum
812 3995 953 4059 scribere
970 3995 1105 4059 Vestrae
1120 3995 1259 4075 Gratiae,
1290 3994 1413 4076 gaudeo

223 4112 288 4159 non
309 4093 441 4158 modice.
463 4093 555 4158 Unde
584 4112 623 4158 ex
651 4094 801 4159 hesterna
822 4095 953 4175 percepi
978 4095 1085 4174 litera,
1112 4093 1228 4176 primo,
1245 4096 1412 4175 -quomodo

223 4194 402 4257 meretricis
424 4211 571 4273 magnae,
600 4193 633 4258 id
654 4200 705 4259 est
724 4194 926 4274 malignantis
948 4194 1211 4275 congregationis,
1240 4194 1280 4259 de
1303 4213 1366 4275 qua
1380 4196 1412 4259 in

116 4316 119 4321 ’
224 4293 428 4375 Apocalypsi,
458 4292 636 4359 denudatur
656 4293 806 4375 iniquitas
828 4301 861 4358 et
882 4294 1107 4375 denudabitur,
1135 4312 1205 4360 omn
1228 4314 1291 4377 qua
1310 4314 1413 4361 mere·

224 4392 305 4456 trice
325 4391 522 4457 fornicantur
544 4411 636 4474 reges
651 4399 772 4472 terrae3
794 4402 830 4460 ut
852 4396 967 4460 ibidem
988 4394 1113 4474 dicitur,
1136 4396 1334 4461 fornicantur
1348 4397 1412 4479 spi·

224 4491 392 4571 ritualiter,
420 4512 439 4558 a
460 4493 587 4559 Christo
610 4500 642 4558 et
667 4495 707 4559 ab
729 4495 798 4574 ejus
819 4496 953 4560 veritate
977 4495 1175 4559 discedentes
1197 4502 1230 4560 et
1252 4496 1412 4562 consenti·

224 4596 315 4656 entes
336 4592 523 4659 Antichristi
544 4594 717 4676 mendacio,
740 4613 779 4659 ex
800 4595 992 4676 seductione,
1016 4613 1055 4659 ex
1079 4595 1200 4676 timore,
1222 4596 1274 4662 vel
1296 4614 1336 4664 ex
1357 4615 1413 4679 spe
