2992 5258
388 398 466 452 annis
487 402 654 453 isos-1412
672 406 735 453 ante
753 398 870 453 exilium.
905 401 929 451 6.
948 403 972 452 7.
1242 406 1279 467 15

84 598 238 665 dicerent:
260 603 397 683 pecunia
412 610 467 668 tua
482 604 524 668 sit
539 612 643 669 tecum
665 605 698 668 in
714 602 934 684 perditionem.
956 599 1037 664 Item
1050 618 1073 663 s.
1086 603 1279 669 Benedictus
1372 647 1377 658 .

83 700 112 762 in
131 717 189 766 sua
211 701 323 782 regula
344 701 436 769 dicit:
459 721 499 768 ne
524 703 594 784 quis
617 707 800 784 praesumat
821 699 939 782 aliquid
962 700 1038 764 dare
1057 711 1113 769 aut
1133 703 1279 786 accipere

82 818 182 882 neque
206 801 325 866 habere
346 802 466 885 aliquid
488 803 665 885 proprium,
696 803 812 867 nnllam
839 802 965 867 omnino
987 821 1072 884 rem,
1100 821 1204 884 neque
1227 822 1278 869 co·

82 901 191 979 dicem,
214 920 319 983 neque
341 903 475 983 tabulas
498 921 557 969 nec
580 905 743 985 graphan,
767 902 889 968 scilicet
911 904 1140 984 nihilomnino,
1164 906 1278 986 quibus

82 1020 138 1066 nec
153 1020 290 1084 corpora
311 1021 369 1069 sua
390 1023 449 1070 nec
471 1004 651 1070 voluntates
673 1004 749 1069 licet
771 1003 889 1068 habere
911 1003 942 1066 in
959 1005 1089 1085 propria
1105 1012 1277 1087 potestate,

83 1103 186 1167 omnia
200 1103 346 1169 omuibus
368 1092 554 1182 communia,
577 1110 614 1169 ut
636 1105 789 1185 scriptum
812 1110 877 1168 est:
901 1121 959 1169 nec
975 1105 1139 1186 quisquam
1157 1105 1277 1186 aliquid

84 1220 171 1267 suum
188 1202 315 1269 dicebat
336 1210 395 1269 eto.
418 1202 457 1268 It.
480 1203 618 1269 Basilius
633 1203 666 1267 in
682 1203 793 1285 regula
814 1221 872 1269 sua
895 1202 972 1270 dicit
988 1203 1048 1268 sic:
1071 1205 1098 1269 si
1117 1206 1187 1286 quis
1203 1206 1280 1270 dicit
1377 1218 1386 1237 ·

83 1302 141 1367 sibi
163 1301 285 1384 aliquid
306 1304 478 1386 proprium,
508 1303 644 1368 alienum
667 1321 702 1368 se
724 1303 801 1369 facit
822 1303 863 1368 ab
886 1304 996 1369 electis
1019 1303 1070 1368 dei
1093 1311 1126 1371 et
1147 1307 1279 1370 caritate

84 1401 209 1483 domini,
233 1404 287 1484 qui
302 1404 400 1477 verbo
417 1404 525 1469 docuit
540 1410 574 1468 et
596 1422 693 1486 opere
710 1403 879 1484 complevit
894 1410 928 1468 et
942 1405 1076 1469 aniciam
1093 1423 1151 1486 pro
1166 1405 1275 1471 amicis

84 1504 148 1568 sois
170 1504 287 1586 posuit.
330 1503 369 1569 It.
390 1523 414 1568 s.
429 1504 571 1569 Joannes
586 1503 757 1568 Cassianus
779 1504 924 1568 scribens
947 1503 1092 1570 Castorio
1115 1523 1216 1587 papae
1240 1505 1279 1568 do

84 1605 238 1672 institutis
260 1612 440 1671 sauctorum
464 1612 588 1687 patrum
618 1611 731 1687 quarto
758 1604 839 1669 libro
866 1605 996 1685 regulae
1018 1623 1095 1672 suae
1117 1605 1195 1670 dicit
1216 1605 1280 1670 sic:

84 1723 151 1770 cum
172 1705 206 1769 in
228 1704 301 1772 aliis
322 1706 534 1783 monasteriis,
557 1705 589 1768 in
612 1704 726 1786 quibus
749 1705 855 1785 aliqua
877 1706 1039 1771 remissius
1062 1704 1279 1787 indulgentur,

85 1807 162 1871 dano
182 1806 323 1887 regulam
345 1806 508 1872 videamus
530 1806 698 1871 durissime
721 1806 902 1884 observare,
925 1811 961 1871 ut
976 1825 1035 1872 uec
1051 1806 1149 1871 verbo
1163 1805 1280 1872 audeat

86 1907 154 1989 quim
176 1905 297 1988 aliquid
319 1924 410 1971 suum
433 1906 549 1985 dicere,
572 1924 781 1988 magnumque
804 1908 846 1971 sit
868 1906 985 1972 crimen
1009 1926 1048 1972 ex
1063 1925 1119 1972 ore
1134 1907 1279 1975 monachi

85 2009 281 2089 processisse
295 2007 455 2089 „codicem
470 2025 582 2084 mcum,
597 2006 720 2072 tabulas
737 2026 832 2084 meas,
848 2008 1002 2088 graphum
1016 2026 1129 2088 meum,
1142 2007 1279 2074 tunicam
1295 2053 1298 2060 .

85 2126 193 2187 meam,
217 2108 336 2190 caligas
358 2126 452 2183 meas,
477 2125 608 2188 cappam
630 2099 766 2184 meam;“
792 2124 849 2188 pro
866 2106 925 2172 hoo
941 2109 1059 2190 quippe
1083 2109 1281 2189 poenitentis

85 2210 178 2292 duma
199 2211 422 2276 satisfacturus
445 2209 497 2285 sit,
520 2208 546 2271 si
569 2227 645 2273 casu
667 2208 772 2288 aliquo
795 2226 854 2289 per
876 2208 1109 2290 surreptionem
1125 2208 1174 2273 vel
1190 2208 1278 2289 iguo·

86 2310 219 2377 rentiam
241 2310 420 2392 hujusmodi
441 2310 573 2381 uerbum
590 2326 627 2371 en
650 2326 706 2373 ore
728 2309 798 2390 ejus
813 2305 969 2387 effugerit.
992 2307 1030 2370 lt.
1053 2306 1166 2373 beatus
1181 2308 1279 2373 Fran·

86 2413 185 2479 ciscus
207 2411 240 2475 in
263 2428 322 2477 sua
342 2411 453 2490 regula
475 2409 521 2472 sic
542 2409 662 2490 posuit:
687 2407 808 2489 Regula
831 2413 863 2471 et
886 2408 950 2473 vita
971 2407 1103 2472 fratrum
1119 2407 1277 2473 Minorum

86 2513 161 2578 daec
176 2519 241 2578 est:
264 2513 386 2578 scilicet
407 2515 550 2575 sanctum
574 2500 771 2591 evangelium
795 2508 911 2573 domini
934 2509 1035 2574 nostri
1057 2509 1136 2574 Jesu
1158 2506 1277 2574 Christi

86 2610 216 2678 firmiter
239 2611 425 2688 observare,
455 2609 589 2674 vivendo
619 2610 688 2673 sinc
718 2609 847 2690 proprio
870 2608 900 2672 in
925 2608 1108 2674 obediontia
1129 2617 1162 2674 et
1185 2610 1277 2674 casti·

87 2720 166 2790 tate3
190 2719 224 2777 et
239 2711 322 2777 infra
336 2712 368 2775 in
384 2709 488 2775 medio
509 2709 652 2790 regulae:
676 2709 791 2773 iratres
811 2710 887 2773 nihil
904 2708 965 2772 sibi
979 2709 1196 2791 appropriant
1219 2728 1277 2774 uec

87 2812 221 2891 domum,
242 2830 301 2876 nec
322 2812 434 2886 locum,
457 2828 516 2874 nec
538 2810 674 2890 aliquam
698 2828 773 2888 rem,
800 2808 857 2872 sed
880 2814 1038 2890 tamquam
1060 2809 1221 2890 peregrini
1246 2818 1278 2874 et

87 2914 224 2979 advenae
246 2913 280 2977 in
303 2911 362 2976 hoc
383 2911 490 2976 seculo
512 2910 544 2973 in
567 2913 755 2992 paupertate
778 2915 810 2972 et
833 2908 1009 2973 humilitate
1032 2908 1158 2974 domino
1180 2911 1277 2975 famu·

87 3013 186 3078 lantes
216 3010 335 3077 vadant
366 3030 424 3093 pro
457 3010 639 3090 elemosyna
665 3007 870 3073 confidenter.
916 3008 1002 3071 Haeo
1029 3008 1061 3071 in
1083 3010 1137 3073 illa
1159 3011 1277 3091 regula.

87 3113 130 3178 ld
152 3113 237 3178 idem
259 3119 310 3177 est
337 3113 366 3176 b.
389 3112 602 3191 Hieronymus
631 3109 664 3171 in
695 3129 739 3173 ca.
769 3109 809 3171 ad
833 3107 1056 3188 Heliodorum
1089 3109 1123 3172 it.
1147 3109 1175 3171 b.
1199 3110 1276 3174 Ber·

88 3213 202 3279 nardus
223 3212 257 3276 iu
280 3212 360 3277 libro
390 3210 430 3276 ad
452 3211 629 3290 Erigcnium
652 3227 779 3290 papam3
802 3209 835 3272 it.
860 3209 887 3270 b.
904 3209 1100 3287 Augustinus
1115 3207 1155 3270 dc
1178 3226 1276 3290 opere

88 3314 325 3389 moriachorum;
358 3312 392 3375 it.
421 3329 445 3372 s.
467 3311 603 3375 'ihomas
633 3311 665 3372 in
694 3315 830 3374 tractatu
860 3310 1093 3375 monachorum.
1139 3309 1175 3374 lt
1205 3309 1276 3389 legi,

88 3413 140 3478 sed
173 3413 282 3479 nescio
315 3413 429 3490 locum,
464 3429 526 3492 quio
554 3410 632 3474 dicit
661 3411 689 3471 b.
720 3410 919 3475 Bernardus:
952 3411 1123 3475 monachus
1158 3410 1277 3474 habens

89 3515 219 3594 obolum,
243 3531 306 3578 non
328 3513 413 3577 valet
435 3511 561 3576 obolum
608 3511 650 3575 llt
671 3511 698 3574 si
721 3511 826 3575 nullus
849 3512 981 3576 istorum
1003 3510 1123 3593 aliquid
1145 3511 1275 3590 diceret
1336 3572 1339 3581 .

89 3621 191 3680 votum
213 3613 387 3695 quemlibet
407 3612 593 3676 monachum
615 3611 772 3691 astringit.
800 3611 897 3690 Rogo,
920 3613 947 3676 si
969 3612 1084 3677 alicubi
1106 3612 1276 3677 invenietis

89 3710 202 3796 uliquid
217 3712 258 3778 ad
273 3712 365 3791 idem,
388 3712 533 3789 dirigatis
556 3711 638 3776 mihi.
662 3712 750 3791 Rogo
771 3713 874 3791 ctiam,
897 3713 1043 3778 salutetis
1060 3713 1097 3775 ll.
1112 3713 1276 3790 abbatem,

89 3823 118 3881 et
137 3816 270 3881 matrem
293 3813 452 3880 Andrearn
474 3814 608 3878 latorem
631 3813 845 3895 praesentium
868 3813 1048 3897 suscipiatis
1071 3812 1220 3889 gratiose,
1244 3819 1277 3876 ot

88 3916 112 3979 si
132 3915 335 3982 commodose
362 3914 519 3996 poteritis,
552 3913 765 3996 promoveatis
794 3922 926 3995 proptor
948 3913 1058 3991 donin,
1091 3920 1127 3977 ut
1149 3920 1276 3978 inanest

89 4018 254 4084 uobiscum.
279 4014 391 4080 Vulcte
413 4014 445 4078 iu
469 4013 604 4080 Christo.

182 4117 272 4182 Haec
287 4115 411 4196 scripsi,
424 4132 505 4195 quae
519 4123 742 4180 occurrerunt:
766 4114 792 4179 si
808 4115 900 4198 plura
914 4119 1091 4192 occurrent
1107 4112 1274 4193 aliquando
1382 4141 1384 4145 ¹

88 4218 226 4284 scribam.
334 4218 389 4297 „a
412 4215 448 4279 Ι).
472 4216 519 4279 lu
541 4214 720 4280 ccccxli
743 4216 826 4293 (cic)
850 4215 1004 4279 dominica
1026 4214 1181 4277 Priscae.“

180 4352 211 4409 B
228 4349 292 4404 MS.
312 4349 371 4401 eod.
396 4348 492 4402 Vicum.
512 4345 588 4401 4902
601 4348 654 4417 sol.
673 4346 742 4399 1231)
764 4364 802 4414 sq.
