2992 5258
459 445 601 485 coarcere
618 431 691 499 apud
710 433 810 486 tratres
828 432 955 487 Minores.
992 435 1034 488 71.
1285 436 1344 503 ll'i

246 713 285 769 M·
301 715 423 770 Joannes
439 716 507 783 Hus,
528 718 554 770 iu
573 733 620 784 spe
646 715 817 783 servusdei,
842 717 964 773 omnihus
992 717 1118 772 fidelihus
1135 718 1277 786 Bohemis,
1302 720 1347 787 qui

149 796 228 851 deum
245 795 362 866 diligunt
385 813 415 853 se
433 798 560 867 diligent,
584 806 674 869 optat,
702 806 732 853 ut
750 800 817 854 dens
835 800 867 854 iis
886 801 933 856 det
956 803 983 857 in
1001 802 1089 870 gratia
1113 817 1163 856 sua
1180 802 1304 857 habitare
1321 811 1349 858 et

148 881 214 936 mori
231 881 306 936 etin
323 881 429 938 laetitia
447 882 558 938 coelesti
575 882 603 937 in
621 890 761 938 aeternum
780 885 891 939 versari.
910 887 1007 939 Amen.

246 963 357 1020 Fideles
375 981 407 1020 ac
424 965 475 1022 deo
492 967 548 1022 cari
566 966 665 1020 domini
682 982 714 1021 ac
733 966 865 1035 dominae,
884 975 912 1023 et
928 967 1026 1025 divites
1045 976 1073 1024 et
1090 960 1241 1040 pauperes!
1271 973 1347 1042 Rogo

148 1063 193 1103 ros
210 1049 367 1119 hortorque,
395 1056 426 1105 nt
442 1050 522 1106 deum
540 1051 667 1119 diligatis,
691 1051 751 1120 ejus
777 1051 887 1105 verbum
906 1053 1059 1122 celebretis,
1081 1053 1210 1110 libentius
1227 1056 1347 1114 audiatis

149 1139 228 1202 atque
246 1134 409 1203 observetis3
427 1152 565 1204 rogovos,
583 1142 613 1189 ut
632 1136 771 1190 ventatem
790 1135 916 1203 divinam,
934 1153 1015 1205 quam
1026 1137 1102 1192 vohis
1115 1154 1149 1193 ex
1162 1139 1250 1197 literis
1262 1143 1346 1197 sacris

151 1225 175 1273 et
200 1218 369 1273 orationibus
391 1226 544 1275 sanctorum
573 1220 669 1288 scripsi
694 1235 727 1274 ac
753 1218 915 1288 praedicavi,
938 1222 1069 1291 teneatis;
1098 1238 1163 1291 rogo
1188 1240 1304 1294 quoqne,
1323 1226 1346 1280 ei

151 1303 207 1371 quis
225 1317 242 1356 a
259 1315 302 1356 me
321 1305 425 1359 audivit
449 1304 493 1358 vel
511 1305 538 1358 in
555 1303 758 1373 praedicatione
775 1302 818 1358 vel
836 1305 980 1375 privatim,
1007 1306 1078 1374 qnod
1106 1308 1213 1363 veritati
1239 1309 1345 1366 divinae

151 1398 289 1458 repugnat,
306 1388 350 1444 vel
368 1388 463 1444 si'tale
483 1387 548 1458 quid
565 1404 682 1456 unquam
701 1389 805 1459 scripsi,
826 1389 941 1455 (confido
954 1396 1044 1444 autern
1063 1392 1123 1460 deo,
1141 1409 1194 1447 non
1213 1410 1273 1449 esse
1286 1395 1344 1462 ita),

153 1490 183 1530 ne
200 1474 228 1529 id
246 1480 347 1529 teneat.
382 1473 458 1542 Rogo
476 1488 590 1542 quoque,
609 1474 631 1526 si
649 1474 709 1541 quis
726 1474 801 1527 leves
818 1489 907 1528 mores
925 1474 952 1528 iu
976 1475 1111 1543 loquendo
1134 1477 1178 1530 vel
1195 1477 1300 1544 agendo
1316 1478 1344 1532 in

152 1559 350 1627 necanspexit,
374 1574 407 1612 ne
425 1573 472 1612 eos
489 1558 617 1624 imitetur,
642 1557 691 1611 sed
708 1564 738 1611 ut
754 1573 803 1625 pro
821 1574 864 1611 me
882 1557 961 1613 deum
980 1566 1047 1627 oret,
1075 1566 1105 1613 ut
1122 1560 1187 1614 mihi
1205 1562 1345 1630 ignoscere

152 1641 280 1710 dignetur.
315 1641 400 1711 Rogo,
427 1649 459 1697 ut
475 1641 630 1697 sacerdotes
647 1641 717 1696 bene
734 1647 853 1696 moratos
879 1640 997 1709 diligatis
1015 1649 1043 1696 et
1060 1643 1179 1698 laudetis
1205 1651 1287 1714 atque
1305 1661 1344 1700 co·

152 1727 218 1796 latis,
237 1728 361 1797 inprimis
380 1745 444 1797 eos,
459 1728 519 1797 'qui
537 1729 564 1782 ln
582 1727 664 1781 verbo
682 1727 771 1781 dimna
789 1727 937 1781 elaborant.
956 1727 1041 1795 Rogo,
1060 1734 1089 1781 ut
1106 1744 1123 1781 a
1141 1729 1241 1782 dolosis
1259 1729 1344 1783 homi-

154 1813 228 1868 nihus
245 1815 366 1868 caveatis
383 1821 411 1868 et
436 1814 556 1881 inprimis
574 1829 591 1866 a
608 1812 793 1868 sacerdotibus
813 1813 955 1881 improbis,
983 1828 1051 1881 quos
1075 1814 1193 1868 salvator
1218 1814 1260 1869 ait
1284 1830 1344 1869 esse

153 1898 191 1963 ,in
209 1897 377 1952 vestimentis
395 1899 497 1966 ovium,
526 1898 688 1951 intrinsecus
705 1902 796 1951 autem
820 1897 901 1965 lupos
919 1898 1057 1964 rapaces”.
1093 1898 1178 1966 Rogo,
1196 1905 1226 1952 nt
1243 1914 1345 1967 paupe·

152 1980 221 2036 ribus
239 1982 418 2037 benefaciatis
436 1998 536 2050 eosque
551 1981 626 2050 juste
644 1980 808 2048 gubernetis.
837 1981 912 2048 Rogo
930 1982 1009 2048 cives,
1028 1989 1058 2035 ut
1073 1983 1147 2050 juste
1165 1983 1344 2051 negotientur.

153 2065 223 2135 Rogo
241 2066 362 2135 opifices,
391 2074 422 2121 ut
438 2066 556 2122 fideliter
572 2073 658 2121 artem
677 2081 753 2121 suam
771 2072 917 2120 exerceant
935 2081 1021 2134 eaque
1040 2066 1174 2120 fruantur.
1207 2067 1284 2134 Rogo
1302 2067 1344 2122 ia·

152 2149 243 2218 nulos,
267 2158 298 2205 ut
315 2151 411 2206 fideles
428 2153 498 2207 servi
516 2151 684 2206 dominorum
708 2151 929 2218 dominarumque
947 2152 1008 2205 sint.
1044 2151 1119 2219 Rogo
1136 2152 1288 2219 magistros,
1316 2158 1347 2206 ut

153 2235 246 2290 bonam
264 2237 347 2290 vitam
364 2242 477 2306 agentes
495 2236 642 2305 discipulos
660 2251 723 2289 suos
740 2233 858 2288 fideliter
874 2234 1025 2301 instituant,
1052 2235 1198 2304 praecipue
1216 2242 1246 2290 nt
1264 2235 1343 2290 deum

151 2318 269 2389 diligent,
289 2320 325 2375 od
344 2320 405 2389 ejus
422 2321 552 2375 honorem
569 2320 723 2389 augendum
741 2321 848 2376 discant
864 2326 893 2374 et
909 2319 944 2374 ad
963 2320 1078 2374 civitatis
1096 2321 1242 2376 utilitatem
1254 2336 1344 2376 suam·

152 2418 198 2472 qne
215 2402 343 2471 salutem,
370 2419 424 2458 non
452 2409 542 2458 antem
569 2410 680 2472 propter
706 2403 845 2457 avaritiam
872 2402 914 2456 sel
941 2403 1085 2458 humanam
1112 2405 1232 2473 gloriam.
1267 2405 1344 2474 Rogo

149 2486 284 2543 ltemrum
306 2487 445 2543 studiosos
463 2489 584 2555 aliosque
604 2487 758 2556 discipulos,
776 2493 807 2541 ut
822 2486 959 2554 magistris
976 2487 1004 2541 in
1021 2488 1100 2542 honis
1116 2489 1199 2544 rebus
1213 2489 1343 2544 obediant

150 2587 246 2642 eosque
262 2573 404 2628 imitentur
421 2579 502 2642 atque
520 2579 551 2627 ut
568 2570 712 2639 diligenter
729 2570 773 2625 dei
796 2571 906 2625 honoris
932 2577 962 2625 et
978 2588 1044 2627 suae
1072 2573 1240 2641 aliorumque
1257 2574 1341 2631 homi·

149 2672 207 2713 nuru
233 2657 332 2713 salute
357 2673 440 2713 cauea
465 2658 552 2712 literis
578 2656 711 2711 studeant.
746 2656 822 2724 Rogo
848 2656 997 2723 universos,
1026 2661 1057 2710 ut
1073 2658 1106 2711 D.
1125 2658 1289 2715 Wenceslao
1306 2658 1341 2715 de

149 2740 233 2811 Duha,
249 2741 321 2796 elias
338 2741 493 2810 deLeitno,
511 2744 543 2796 D.
553 2741 651 2797 Joanni
670 2740 703 2795 de
718 2740 823 2808 culum,
841 2742 875 2794 D.
893 2740 1010 2795 Henrico
1028 2740 1062 2795 de
1079 2741 1217 2810 Plumlow,
1235 2742 1341 2798 Deui-

151 2825 226 2882 lelmo
243 2825 347 2895 Zajiec,
375 2826 407 2881 D.
425 2826 525 2895 Myilm
541 2826 656 2894 aliisque
674 2826 787 2880 dominis
805 2826 832 2880 in
845 2826 975 2879 Bohemia
992 2832 1020 2879 et
1036 2825 1158 2880 Moravia
1175 2832 1203 2881 et
1215 2826 1340 2884 fidelihus

150 2909 259 2967 dominis
276 2911 353 2979 regni
370 2909 491 2965 Polouici
509 2909 611 2978 gratias
628 2915 712 2977 agant
729 2924 874 2977 eorumque
898 2909 979 2963 studii
1005 2914 1082 2976 grato
1101 2911 1191 2965 animo
1208 2926 1341 2967 memores

151 2993 205 3062 sint,
223 2992 298 3063 quod
314 3000 408 3063 utpote
426 2994 469 3049 dei
486 2993 571 3048 sortes
589 2992 746 3048 defensores
765 3000 792 3047 et
808 2992 930 3047 veritatis
954 2992 1094 3061 adjutores
1112 3010 1194 3062 saepe
1212 2995 1262 3049 toti
1279 3011 1340 3051 con·

148 3077 390 3148 chormarcum,
408 3078 536 3133 docentes
546 3085 574 3133 et
583 3078 779 3147 respondentes
796 3077 831 3132 ad
848 3092 936 3131 meam
955 3077 1150 3140 liberationem,
1168 3080 1290 3148 inprimis
1307 3081 1340 3136 1).

150 3159 325 3220 wenceslaus
350 3162 384 3217 de
410 3162 490 3218 Duha
513 3169 541 3217 et
566 3163 599 3216 l).
617 3162 738 3216 Joannee
756 3161 790 3216 de
809 3161 919 3229 ohlau,
946 3161 1045 3229 quibus
1062 3161 1182 3229 credite,
1209 3163 1340 3233 quidquid

150 3246 312 3316 narrabunt3
329 3246 441 3302 inerunt
458 3247 531 3302 enim
548 3248 576 3301 in
594 3246 715 3314 concilio,
733 3262 814 3314 quum
833 3261 883 3313 ego
900 3261 1010 3301 oausam
1028 3245 1154 3315 dicarem,
1171 3262 1222 3316 per
1238 3247 1342 3319 aliquot

152 3328 212 3385 dies
228 3329 255 3385 Ii
272 3331 369 3400 emunt,
387 3333 434 3400 qui
445 3331 625 3387 Bohemorum
644 3337 672 3385 et
689 3346 769 3398 quam
787 3330 933 3383 multarum
951 3345 1097 3401 earumque
1115 3331 1232 3400 turpium
1250 3347 1341 3387 rerum

149 3428 186 3469 ne
200 3414 427 3484 insimulaverint,
444 3416 577 3485 quomodo
595 3416 749 3471 universum
766 3413 909 3468 concilium
927 3422 1022 3469 contra
1038 3430 1081 3470 me
1093 3413 1257 3485 clamaverit,
1275 3433 1340 3487 quo·

148 3497 221 3554 modo
238 3513 290 3568 ego
306 3500 491 3568 responderim
509 3499 544 3554 ad
562 3516 603 3567 ea,
622 3499 656 3554 de
673 3499 771 3568 quihus
788 3498 982 3568 interrogabar.
1015 3502 1092 3567 Rogo
1110 3514 1216 3568 qnoque
1233 3514 1290 3569 vos,
1308 3508 1339 3556 ut

148 3596 192 3650 pso
203 3581 320 3638 Romam
333 3588 361 3638 et
372 3583 511 3639 Bohemici
528 3584 600 3652 regis
617 3583 764 3652 ldajestate
782 3590 810 3637 et
827 3598 875 3651 pro
893 3583 988 3650 regina
1005 3589 1094 3639 vestra
1112 3589 1141 3638 et
1156 3600 1206 3652 pro
1224 3583 1338 3640 dominis

149 3664 334 3737 deprecemini,
352 3673 383 3722 ut
399 3667 515 3722 dilectus
532 3667 599 3722 deus
617 3684 677 3721 cum
694 3667 749 3722 illis
766 3666 871 3722 habitet
887 3666 915 3720 in
931 3666 1021 3734 gratia
1038 3672 1067 3722 et
1083 3681 1155 3722 nunc
1180 3672 1209 3720 et
1224 3667 1338 3736 posthae

148 3750 294 3807 inlaetitia
309 3757 430 3806 aeterna

243 3833 345 3903 Scripsi
363 3836 438 3891 vobis
455 3836 505 3890 has
531 3837 624 3891 literas
650 3837 677 3889 in
704 3849 812 3890 carcere
838 3833 952 3888 vinculis
969 3833 1139 3902 constrictus,
1169 3839 1339 3902 exspectans,

147 3933 186 3972 me
202 3933 265 3973 cras
282 3918 379 3987 capitis
397 3919 553 3973 damnatum
570 3919 611 3987 iri,
638 3934 749 3988 prorsus
776 3917 913 3972 confidens
932 3916 995 3984 deo,
1024 3931 1067 3970 me
1086 3932 1102 3970 a
1120 3914 1210 3972 divina
1227 3916 1339 3971 veritate

148 4016 197 4056 non
213 4000 384 4057 deiecturum
401 4019 489 4072 neque
502 4019 616 4070 errores,
635 4019 747 4071 quorum
760 4017 802 4056 me
815 4001 877 4056 falsi
890 4007 975 4054 testes
988 4006 1158 4067 accusarunt,
1171 3999 1340 4068 ejuratorum

149 4099 212 4141 esse.
247 4087 383 4155 Quantam
401 4088 515 4155 gratiam
532 4087 596 4141 mihi
615 4086 682 4141 deus
700 4086 854 4141 exhibuerit
876 4091 904 4139 et
920 4091 1086 4154 quantopere
1113 4085 1140 4139 in
1158 4084 1233 4139 miris
1249 4089 1339 4138 tenta-

148 4167 261 4224 tionibus
278 4186 321 4224 me
334 4171 451 4239 adjuvet,
469 4171 646 4239 cognoscetis,
667 4168 774 4238 quando
792 4169 864 4238 apud
882 4168 962 4222 deum
980 4167 1041 4235 ejus
1057 4169 1144 4236 gratia
1161 4168 1226 4221 laeti
1244 4181 1339 4221 conve·

149 4252 255 4310 niemus
290 4253 332 4308 De
350 4255 478 4322 magistro
500 4255 677 4324 Hieronymo,
703 4269 767 4307 caro
793 4253 883 4320 socio,
911 4251 977 4305 nihil
996 4250 1089 4319 audio,
1122 4252 1175 4305 nisi
1201 4265 1262 4305 esse
1279 4265 1340 4304 eum

150 4352 264 4408 quoque,
294 4339 364 4393 sicut
380 4355 437 4407 me,
467 4340 493 4393 in
511 4339 586 4407 gravi
605 4354 729 4404 carcere,
760 4345 873 4392 mortem
892 4340 1106 4403 exspectantem,
1133 4335 1214 4403 idque
1231 4338 1342 4401 propter

149 4419 225 4476 iidem
247 4437 339 4490 suam,
365 4437 445 4491 quam
474 4428 583 4477 strenue
602 4422 727 4482 Bohemis
751 4421 929 4486 ostendel›at;
964 4434 995 4472 ac
1018 4418 1145 4484 Bohemi,
1174 4416 1341 4471 infestissimi

150 4506 228 4560 noemi
238 4505 398 4574 mnersarii,
417 4506 616 4575 inpotestatem
627 4521 817 4572 carceremque
835 4505 896 4557 aliis
914 4503 1077 4556 adversariis
1096 4517 1144 4555 nos
1162 4499 1341 4555 tradiderunt.

151 4589 227 4646 Orate
245 4606 348 4660 quaeso
366 4591 446 4647 deum
463 4608 513 4660 pro
531 4591 572 4645 iis.
592 4591 666 4659 Rogo
686 4606 792 4660 quoque
810 4589 932 4658 inprimis
950 4603 996 4642 vos
1014 4587 1175 4654 Pragenees,
1193 4591 1224 4640 ut
1241 4583 1342 4639 sacello

151 4673 251 4731 Betlem
268 4674 394 4745 faveatis,
413 4674 501 4746 quoad
520 4673 588 4732 deus
601 4673 712 4730 verbum
725 4672 843 4729 divinum
855 4672 892 4727 ibi
904 4670 1055 4743 praedicari
1066 4669 1212 4744 permittet.
1230 4669 1343 4744 Propter
1442 4718 1444 4723 .
