2992 5258
152 436 214 499 514
394 432 599 486 controversiae
617 431 652 486 de
669 431 799 499 religione
818 431 844 485 in
863 431 1005 487 Bobenia:
1026 432 1097 486 1413.

151 638 249 702 rimus
272 637 428 718 requisiti,
451 643 486 702 ut
507 636 688 719 hujusmodi
703 637 805 702 locum
829 640 861 700 et
884 641 1009 718 tempus
1031 655 1090 720 pro
1112 636 1249 703 concilio
1270 637 1354 704 cele·

151 738 272 803 brando
295 738 427 802 velimus
450 757 520 802 cum
542 756 599 802 suo
626 738 757 803 consilio
781 745 814 803 et
835 754 968 802 assensu
991 739 1161 820 deputare:
1184 756 1244 804 nos
1268 738 1354 803 desi-

151 838 240 904 derio
262 837 397 920 praefati
419 839 512 905 electi
535 840 567 903 in
590 840 648 904 liae
671 845 762 920 parte
784 856 925 903 annuere
948 840 1134 921 cupienteS,
1156 844 1191 904 et
1213 856 1273 903 vos
1295 857 1354 921 pro

151 939 200 1003 his
223 945 255 1003 et
277 938 347 1003 aliis
363 938 485 1018 magnis
502 945 534 1003 et
549 939 656 1003 arduis
680 940 840 1004 Romanae
856 939 1009 1004 eeclesiae
1025 940 1164 1019 negotiis
1185 939 1226 1003 ad
1249 939 1354 1020 ipsius

152 1038 245 1103 electi
268 1039 481 1120 praesentiam
505 1039 718 1119 destinantes
753 1039 1029 1120 circumspectioni
1051 1047 1192 1118 vestrae,
1226 1037 1269 1103 de
1291 1057 1354 1120 qua

150 1140 183 1202 in
205 1139 254 1203 his
278 1145 310 1203 et
331 1139 402 1203 aliis
424 1139 549 1220 plenam
571 1141 603 1203 in
626 1140 751 1205 domino
774 1139 920 1205 fiduciam
942 1140 1140 1217 obtinemuS,
1163 1158 1235 1204 cum
1258 1158 1353 1221 prae-

149 1239 207 1304 lati
219 1240 313 1305 electi
330 1239 462 1304 consilio
479 1247 512 1303 et
533 1259 677 1319 assensu,
698 1247 806 1304 nostro
822 1247 857 1306 et
871 1241 1030 1306 Romanae
1046 1241 1200 1306 eeclesiae
1222 1240 1353 1304 nomine

153 1339 290 1420 eligendi
313 1359 350 1405 ae
372 1340 544 1421 deputandi
579 1342 679 1406 locum
702 1360 760 1423 pro
783 1341 963 1424 hujusmodi
986 1341 1130 1421 coneilio,
1163 1360 1200 1406 ae
1224 1347 1353 1422 tempus

152 1439 192 1504 ad
215 1440 459 1506 celebrationem
476 1441 610 1523 praelati
626 1442 751 1507 concilii
766 1428 963 1522 assignandi,
987 1448 1082 1523 prout
1104 1441 1195 1507 vobis
1218 1441 1260 1506 de
1282 1442 1352 1506 loco

68 1598 71 1605 ,
154 1546 187 1604 et
206 1545 349 1623 tempore
372 1543 523 1624 praelatis
546 1549 758 1624 opportunum
781 1541 956 1622 videbitur,
989 1548 1024 1606 et
1047 1550 1155 1608 cetera
1177 1541 1286 1608 omnia
1307 1540 1353 1607 la-

153 1643 265 1721 ciendi,
288 1643 410 1723 agendi,
427 1643 588 1708 statuendi
604 1650 637 1708 et
652 1643 828 1721 ordinandi,
852 1661 933 1724 quae
949 1644 1033 1709 cirea
1048 1644 1224 1724 praemissa
1238 1660 1353 1708 neces·

152 1743 392 1826 sarialfuerint)
406 1751 438 1809 et
457 1751 645 1825 opportuna,
668 1744 794 1826 plenam
816 1749 850 1809 et
861 1744 994 1808 liberam
1016 1743 1208 1809 anctoritate
1221 1750 1352 1826 aposto·

151 1844 331 1909 licatenorc
343 1845 568 1925 praesentium,
583 1844 623 1908 de
637 1843 865 1908 venerabilium
878 1843 1012 1909 fratrum
1023 1850 1206 1909 nostrorum
1219 1850 1351 1910 sancme

153 1945 311 2011 Romanae
334 1945 487 2011 ecclesiae
518 1944 724 2010 cardinalium
747 1944 878 2009 oonsilio
908 1946 1029 2027 pariter
1053 1950 1086 2010 el
1106 1963 1253 2026 assensu,
1276 1964 1352 2012 eon-

152 2045 292 2110 cedimus
315 2051 523 2127 potestatem3
548 2045 692 2109 volentes
707 2046 838 2127 insuper
865 2051 898 2108 et
914 2044 1024 2110 harum
1047 2045 1130 2110 serie
1153 2045 1350 2122 ordinantes,

151 2144 284 2226 quodsi
307 2146 390 2211 alter
411 2165 450 2210 ex
473 2146 562 2209 vobis
596 2145 826 2222 cardinalibuS,
863 2144 947 2225 quod
972 2145 1065 2225 absit,
1088 2145 1195 2226 aliquo
1216 2145 1350 2228 impedi-

151 2247 413 2325 mentolegitimo
436 2247 521 2311 circa
536 2247 781 2328 praemissorum
805 2244 1024 2309 executionem
1046 2245 1144 2311 fuerit
1166 2245 1347 2341 impeditus,

151 2353 227 2411 tunc
248 2347 339 2425 alter,
363 2349 415 2427 qui
432 2347 605 2429 impeditus
620 2364 682 2411 non
697 2347 801 2417 fircrit,
826 2366 888 2410 una
903 2366 973 2411 cum
996 2346 1112 2411 dilecto
1128 2345 1193 2412 lilio
1210 2346 1347 2412 llanuel¹

152 2445 366 2529 Chrysalora,
400 2449 449 2511 vel
483 2451 510 2512 si
544 2455 687 2529 tempore
721 2465 909 2527 qaaecumque
939 2447 1110 2528 impeditus
1136 2447 1246 2512 forsan
1279 2447 1347 2526 erit,

152 2547 283 2612 eandem
306 2549 390 2613 eirca
405 2550 593 2614 electionem
610 2555 643 2612 et
659 2547 897 2628 denotationem
914 2547 1090 2628 hujusmodi
1107 2547 1243 2614 haberet
1261 2555 1346 2630 pote·

152 2653 275 2712 statem.
310 2649 396 2714 Alias
419 2651 502 2714 onim
525 2650 729 2726 electionem,
763 2648 1009 2727 assignationem
1043 2653 1076 2712 et
1108 2647 1344 2730 deputationem

152 2749 212 2813 leci
246 2756 278 2813 et
301 2751 453 2837 temporis
476 2752 704 2832 praelatorum,
729 2767 806 2830 utras
829 2767 887 2830 per
916 2766 972 2814 uos
995 2749 1186 2828 stulterum
1209 2756 1342 2814 vestrum

152 2850 184 2913 in
207 2869 281 2914 easu
303 2851 511 2932 inpedimenti
535 2859 568 2914 nt
591 2849 773 2932 praefertur
794 2847 862 2912 fieri
880 2849 1051 2928 continget,
1076 2855 1163 2914 ratas
1186 2855 1220 2915 et
1240 2854 1339 2930 graus

152 2950 346 3027 habebimus,
369 2970 487 3032 easque
510 2958 639 3016 auctore
662 2950 788 3015 domino
811 2949 1052 3032 adimplebimus
1075 2956 1109 3015 et
1128 2949 1271 3033 plenarie
1291 2948 1336 3013 ob

152 3051 357 3115 servabimus.
401 3051 518 3117 Datum
539 3051 622 3133 apud
652 3053 680 3115 S.
705 3050 876 3115 diatonium
906 3057 1131 3115 extramuros
1157 3048 1331 3126 Florentiae,

153 3151 227 3215 Vlll
250 3151 318 3214 llal.
343 3149 548 3232 Septembris,
574 3150 775 3231 pontitificatus
803 3151 904 3214 nostri
927 3168 1009 3214 auno
1032 3148 1119 3212 llll¹'.
