<?xml version="1.0" encoding="UTF-8"?>
<!DOCTYPE html PUBLIC "-//W3C//DTD XHTML 1.0 Transitional//EN"
    "http://www.w3.org/TR/xhtml1/DTD/xhtml1-transitional.dtd">
<html xmlns="http://www.w3.org/1999/xhtml" xml:lang="en" lang="en">
 <head>
  <title>
</title>
<meta http-equiv="Content-Type" content="text/html;charset=utf-8" />
  <meta name='ocr-system' content='tesseract 3.04.00' />
  <meta name='ocr-capabilities' content='ocr_page ocr_carea ocr_par ocr_line ocrx_word'/>
</head>
<body>
  <div class='ocr_page' id='page_1' title='image "./documentamagjoa00palagoog_0721.png"; bbox 0 0 2992 5258; ppageno 0'>
   <div class='ocr_carea' id='block_1_1' title="bbox 343 388 842 459">
    <p class='ocr_par' dir='ltr' id='par_1_1' title="bbox 343 388 842 459">
     <span class='ocr_line' id='line_1_1' title="bbox 343 388 842 459; baseline 0 -14"><span class='ocrx_word' id='word_1_1' title='bbox 343 389 400 445; x_wconf 78' lang='lat' dir='ltr'><strong>lau</strong></span> <span class='ocrx_word' id='word_1_2' title='bbox 419 388 533 445; x_wconf 79' lang='lat' dir='ltr'><strong>Carmen</strong></span> <span class='ocrx_word' id='word_1_3' title='bbox 551 389 676 459; x_wconf 79' lang='lat' dir='ltr'><strong>anonymi</strong></span> <span class='ocrx_word' id='word_1_4' title='bbox 693 388 842 459; x_wconf 82' lang='lat' dir='ltr'><strong>scriptoris.</strong></span> 
     </span>
    </p>
   </div>
   <div class='ocr_carea' id='block_1_2' title="bbox 86 592 457 667">
    <p class='ocr_par' dir='ltr' id='par_1_2' title="bbox 86 592 457 667">
     <span class='ocr_line' id='line_1_2' title="bbox 86 592 457 667; baseline 0.011 -16"><span class='ocrx_word' id='word_1_5' title='bbox 86 599 206 667; x_wconf 89' lang='lat' dir='ltr'><strong>sperant</strong></span> <span class='ocrx_word' id='word_1_6' title='bbox 228 607 282 665; x_wconf 84' lang='lat' dir='ltr'><strong>per</strong></span> <span class='ocrx_word' id='word_1_7' title='bbox 302 598 332 653; x_wconf 89' lang='lat' dir='ltr'><strong>te</strong></span> <span class='ocrx_word' id='word_1_8' title='bbox 355 592 457 655; x_wconf 81' lang='lat' dir='ltr'><strong>extolli</strong></span> 
     </span>
    </p>
   </div>
   <div class='ocr_carea' id='block_1_3' title="bbox 77 692 358 770">
    <p class='ocr_par' dir='ltr' id='par_1_3' title="bbox 77 692 358 770">
     <span class='ocr_line' id='line_1_3' title="bbox 77 692 358 770; baseline 0.004 -19"><span class='ocrx_word' id='word_1_9' title='bbox 77 692 203 752; x_wconf 79' lang='lat' dir='ltr'><strong>ualentes</strong></span> <span class='ocrx_word' id='word_1_10' title='bbox 226 692 358 770; x_wconf 88' lang='lat' dir='ltr'><strong>obulum;</strong></span> 
     </span>
    </p>
   </div>
   <div class='ocr_carea' id='block_1_4' title="bbox 595 590 961 754">
    <p class='ocr_par' dir='ltr' id='par_1_4' title="bbox 595 590 961 754">
     <span class='ocr_line' id='line_1_4' title="bbox 595 590 922 655; baseline -0.003 -2"><span class='ocrx_word' id='word_1_11' title='bbox 595 592 597 603; x_wconf 66' lang='lat'><strong><em>⁴</em></strong></span> <span class='ocrx_word' id='word_1_12' title='bbox 623 590 801 655; x_wconf 85' lang='lat' dir='ltr'><strong>confirmasti</strong></span> <span class='ocrx_word' id='word_1_13' title='bbox 824 593 922 655; x_wconf 85' lang='lat' dir='ltr'><strong>odium</strong></span> 
     </span>
     <span class='ocr_line' id='line_1_5' title="bbox 620 693 961 754; baseline 0.012 -4"><span class='ocrx_word' id='word_1_14' title='bbox 620 708 711 752; x_wconf 79' lang='lat' dir='ltr'><strong>vanae</strong></span> <span class='ocrx_word' id='word_1_15' title='bbox 732 693 828 754; x_wconf 88' lang='lat' dir='ltr'><strong>laudis</strong></span> <span class='ocrx_word' id='word_1_16' title='bbox 850 693 961 754; x_wconf 84' lang='lat' dir='ltr'><strong>auidus</strong></span> 
     </span>
    </p>
   </div>
   <div class='ocr_carea' id='block_1_5' title="bbox 84 791 1011 871">
    <p class='ocr_par' dir='ltr' id='par_1_5' title="bbox 84 791 1011 871">
     <span class='ocr_line' id='line_1_6' title="bbox 84 791 1011 871; baseline 0.003 -20"><span class='ocrx_word' id='word_1_17' title='bbox 84 793 255 853; x_wconf 84' lang='lat' dir='ltr'><strong>mendacem</strong></span> <span class='ocrx_word' id='word_1_18' title='bbox 266 791 570 855; x_wconf 72' lang='lat' dir='ltr'><strong>Otikotsemhisolum.</strong></span> <span class='ocrx_word' id='word_1_19' title='bbox 620 793 662 852; x_wconf 90' lang='lat' dir='ltr'><strong>Es</strong></span> <span class='ocrx_word' id='word_1_20' title='bbox 685 800 805 867; x_wconf 86' lang='lat' dir='ltr'><strong>satrapa</strong></span> <span class='ocrx_word' id='word_1_21' title='bbox 826 793 1011 871; x_wconf 75' lang='lat' dir='ltr'><strong>Antichmiti,</strong></span> 
     </span>
    </p>
   </div>
   <div class='ocr_carea' id='block_1_6' title="bbox 77 892 422 1470">
    <p class='ocr_par' dir='ltr' id='par_1_6' title="bbox 77 892 422 1470">
     <span class='ocr_line' id='line_1_7' title="bbox 89 892 422 954; baseline 0.003 -1"><span class='ocrx_word' id='word_1_22' title='bbox 89 892 178 953; x_wconf 89' lang='lat' dir='ltr'><strong>didici</strong></span> <span class='ocrx_word' id='word_1_23' title='bbox 200 894 319 954; x_wconf 89' lang='lat' dir='ltr'><strong>multum</strong></span> <span class='ocrx_word' id='word_1_24' title='bbox 346 893 422 954; x_wconf 90' lang='lat' dir='ltr'><strong>beue</strong></span> 
     </span>
     <span class='ocr_line' id='line_1_8' title="bbox 78 993 405 1068; baseline 0 -15"><span class='ocrx_word' id='word_1_25' title='bbox 78 999 159 1053; x_wconf 90' lang='lat' dir='ltr'><strong>estae</strong></span> <span class='ocrx_word' id='word_1_26' title='bbox 181 993 288 1053; x_wconf 84' lang='lat' dir='ltr'><strong>factum</strong></span> <span class='ocrx_word' id='word_1_27' title='bbox 310 993 405 1068; x_wconf 80' lang='lat' dir='ltr'><strong>plene,</strong></span> 
     </span>
     <span class='ocr_line' id='line_1_9' title="bbox 77 1095 325 1169; baseline 0 -17"><span class='ocrx_word' id='word_1_28' title='bbox 77 1109 129 1152; x_wconf 82' lang='lat' dir='ltr'><strong>am</strong></span> <span class='ocrx_word' id='word_1_29' title='bbox 155 1095 325 1169; x_wconf 80' lang='lat' dir='ltr'><strong>progeniem</strong></span> 
     </span>
     <span class='ocr_line' id='line_1_10' title="bbox 93 1209 401 1269; baseline 0 -15"><span class='ocrx_word' id='word_1_30' title='bbox 93 1211 210 1268; x_wconf 84' lang='lat' dir='ltr'><strong>semper</strong></span> <span class='ocrx_word' id='word_1_31' title='bbox 232 1209 401 1269; x_wconf 86' lang='lat' dir='ltr'><strong>procurare,</strong></span> 
     </span>
     <span class='ocr_line' id='line_1_11' title="bbox 77 1295 383 1368; baseline 0.007 -16"><span class='ocrx_word' id='word_1_32' title='bbox 77 1295 184 1368; x_wconf 71' lang='lat' dir='ltr'><strong>»pulum</strong></span> <span class='ocrx_word' id='word_1_33' title='bbox 206 1295 383 1356; x_wconf 88' lang='lat' dir='ltr'><strong>conturbare</strong></span> 
     </span>
     <span class='ocr_line' id='line_1_12' title="bbox 77 1397 332 1470; baseline 0 -15"><span class='ocrx_word' id='word_1_34' title='bbox 77 1399 152 1470; x_wconf 77' lang='lat' dir='ltr'><strong>egui</strong></span> <span class='ocrx_word' id='word_1_35' title='bbox 173 1397 332 1469; x_wconf 80' lang='lat' dir='ltr'><strong>planitiem.</strong></span> 
     </span>
    </p>
   </div>
   <div class='ocr_carea' id='block_1_7' title="bbox 97 1496 536 1579">
    <p class='ocr_par' dir='ltr' id='par_1_7' title="bbox 97 1496 536 1579">
     <span class='ocr_line' id='line_1_13' title="bbox 97 1496 536 1579; baseline 0.002 -24"><span class='ocrx_word' id='word_1_36' title='bbox 97 1496 150 1556; x_wconf 92' lang='lat' dir='ltr'><strong>tibi</strong></span> <span class='ocrx_word' id='word_1_37' title='bbox 173 1497 280 1568; x_wconf 87' lang='lat' dir='ltr'><strong>scribo,</strong></span> <span class='ocrx_word' id='word_1_38' title='bbox 303 1505 350 1557; x_wconf 90' lang='lat' dir='ltr'><strong>est</strong></span> <span class='ocrx_word' id='word_1_39' title='bbox 377 1498 503 1579; x_wconf 73' lang='lat' dir='ltr'><strong>ventas3</strong></span> <span class='ocrx_word' id='word_1_40' title='bbox 532 1567 536 1575; x_wconf 27' lang='lat'><em>¹</em></span> 
     </span>
    </p>
   </div>
   <div class='ocr_carea' id='block_1_8' title="bbox 76 1597 446 4692">
    <p class='ocr_par' dir='ltr' id='par_1_8' title="bbox 76 1597 367 1658">
     <span class='ocr_line' id='line_1_14' title="bbox 76 1597 367 1658; baseline 0.003 -1"><span class='ocrx_word' id='word_1_41' title='bbox 76 1613 92 1657; x_wconf 91' lang='lat' dir='ltr'><strong>e</strong></span> <span class='ocrx_word' id='word_1_42' title='bbox 115 1597 196 1657; x_wconf 89' lang='lat' dir='ltr'><strong>ducit</strong></span> <span class='ocrx_word' id='word_1_43' title='bbox 217 1599 367 1658; x_wconf 75' lang='lat' dir='ltr'><strong>temeritas</strong></span> 
     </span>
    </p>

    <p class='ocr_par' dir='ltr' id='par_1_9' title="bbox 77 1699 260 1769">
     <span class='ocr_line' id='line_1_15' title="bbox 77 1699 260 1769; baseline -0.005 -11"><span class='ocrx_word' id='word_1_44' title='bbox 77 1715 98 1758; x_wconf 86' lang='lat' dir='ltr'><strong>u</strong></span> <span class='ocrx_word' id='word_1_45' title='bbox 120 1699 260 1769; x_wconf 82' lang='lat' dir='ltr'><strong>satanico,</strong></span> 
     </span>
    </p>

    <p class='ocr_par' dir='ltr' id='par_1_10' title="bbox 76 1800 299 1873">
     <span class='ocr_line' id='line_1_16' title="bbox 76 1800 299 1873; baseline 0 -15"><span class='ocrx_word' id='word_1_46' title='bbox 76 1817 103 1861; x_wconf 81' lang='lat' dir='ltr'><strong>rs</strong></span> <span class='ocrx_word' id='word_1_47' title='bbox 129 1800 299 1873; x_wconf 76' lang='lat' dir='ltr'><strong>capitaneus</strong></span> 
     </span>
    </p>

    <p class='ocr_par' dir='ltr' id='par_1_11' title="bbox 77 1899 356 1974">
     <span class='ocr_line' id='line_1_17' title="bbox 77 1899 356 1974; baseline 0 -15"><span class='ocrx_word' id='word_1_48' title='bbox 77 1899 152 1974; x_wconf 74' lang='lat' dir='ltr'><strong>geris</strong></span> <span class='ocrx_word' id='word_1_49' title='bbox 175 1905 356 1972; x_wconf 79' lang='lat' dir='ltr'><strong>spontaneus</strong></span> 
     </span>
    </p>

    <p class='ocr_par' dir='ltr' id='par_1_12' title="bbox 77 2000 295 2073">
     <span class='ocr_line' id='line_1_18' title="bbox 77 2000 295 2073; baseline -0.014 -13"><span class='ocrx_word' id='word_1_50' title='bbox 77 2016 124 2060; x_wconf 89' lang='lat' dir='ltr'><strong>ore</strong></span> <span class='ocrx_word' id='word_1_51' title='bbox 151 2000 295 2073; x_wconf 76' lang='lat' dir='ltr'><strong>paganico</strong></span> 
     </span>
    </p>

    <p class='ocr_par' dir='ltr' id='par_1_13' title="bbox 77 2099 331 2176">
     <span class='ocr_line' id='line_1_19' title="bbox 77 2099 331 2176; baseline 0.008 -21"><span class='ocrx_word' id='word_1_52' title='bbox 77 2119 113 2163; x_wconf 67' lang='lat' dir='ltr'><strong>:es</strong></span> <span class='ocrx_word' id='word_1_53' title='bbox 135 2099 331 2176; x_wconf 78' lang='lat' dir='ltr'><strong>tyrannidem,</strong></span> 
     </span>
    </p>

    <p class='ocr_par' dir='ltr' id='par_1_14' title="bbox 77 2198 404 2263">
     <span class='ocr_line' id='line_1_20' title="bbox 77 2198 404 2263; baseline -0.018 0"><span class='ocrx_word' id='word_1_54' title='bbox 77 2223 87 2263; x_wconf 86' lang='grc' dir='ltr'>ι</span> <span class='ocrx_word' id='word_1_55' title='bbox 108 2200 252 2263; x_wconf 81' lang='lat' dir='ltr'><strong>satellites</strong></span> <span class='ocrx_word' id='word_1_56' title='bbox 274 2200 305 2258; x_wconf 90' lang='lat' dir='ltr'><strong>in</strong></span> <span class='ocrx_word' id='word_1_57' title='bbox 326 2198 404 2259; x_wconf 87' lang='lat' dir='ltr'><strong>idem</strong></span> 
     </span>
    </p>

    <p class='ocr_par' dir='ltr' id='par_1_15' title="bbox 77 2300 347 2369">
     <span class='ocr_line' id='line_1_21' title="bbox 77 2300 347 2369; baseline -0.022 -5"><span class='ocrx_word' id='word_1_58' title='bbox 77 2305 167 2365; x_wconf 69' lang='lat' dir='ltr'><strong>uniunt</strong></span> <span class='ocrx_word' id='word_1_59' title='bbox 192 2300 347 2369; x_wconf 87' lang='lat' dir='ltr'><strong>adulando,</strong></span> 
     </span>
    </p>

    <p class='ocr_par' dir='ltr' id='par_1_16' title="bbox 76 2399 405 2474">
     <span class='ocr_line' id='line_1_22' title="bbox 76 2399 405 2474; baseline -0.018 -10"><span class='ocrx_word' id='word_1_60' title='bbox 76 2421 139 2464; x_wconf 90' lang='lat' dir='ltr'><strong>mos</strong></span> <span class='ocrx_word' id='word_1_61' title='bbox 161 2417 231 2463; x_wconf 84' lang='lat' dir='ltr'><strong>vero</strong></span> <span class='ocrx_word' id='word_1_62' title='bbox 262 2399 405 2474; x_wconf 87' lang='lat' dir='ltr'><strong>plebanos</strong></span> 
     </span>
    </p>

    <p class='ocr_par' dir='ltr' id='par_1_17' title="bbox 77 2501 446 2975">
     <span class='ocr_line' id='line_1_23' title="bbox 77 2501 340 2577; baseline -0.011 -13"><span class='ocrx_word' id='word_1_63' title='bbox 77 2506 125 2577; x_wconf 90' lang='lat' dir='ltr'><strong>lis,</strong></span> <span class='ocrx_word' id='word_1_64' title='bbox 150 2510 181 2565; x_wconf 89' lang='lat' dir='ltr'><strong>et</strong></span> <span class='ocrx_word' id='word_1_65' title='bbox 201 2501 340 2576; x_wconf 81' lang='lat' dir='ltr'><strong>profanos</strong></span> 
     </span>
     <span class='ocr_line' id='line_1_24' title="bbox 86 2604 268 2667; baseline -0.005 0"><span class='ocrx_word' id='word_1_66' title='bbox 86 2604 268 2667; x_wconf 88' lang='lat' dir='ltr'><strong>collocando.</strong></span> 
     </span>
     <span class='ocr_line' id='line_1_25' title="bbox 89 2703 446 2781; baseline -0.02 -14"><span class='ocrx_word' id='word_1_67' title='bbox 89 2704 258 2781; x_wconf 75' lang='lat' dir='ltr'><strong>sauguinem</strong></span> <span class='ocrx_word' id='word_1_68' title='bbox 281 2703 446 2776; x_wconf 87' lang='lat' dir='ltr'><strong>propinare,</strong></span> 
     </span>
     <span class='ocr_line' id='line_1_26' title="bbox 101 2801 391 2878; baseline -0.017 -12"><span class='ocrx_word' id='word_1_69' title='bbox 101 2807 202 2866; x_wconf 80' lang='lat' dir='ltr'><strong>volunt</strong></span> <span class='ocrx_word' id='word_1_70' title='bbox 225 2801 391 2878; x_wconf 79' lang='lat' dir='ltr'><strong>profanare.</strong></span> 
     </span>
     <span class='ocr_line' id='line_1_27' title="bbox 82 2907 280 2975; baseline -0.025 -7"><span class='ocrx_word' id='word_1_71' title='bbox 82 2914 133 2968; x_wconf 90' lang='lat' dir='ltr'><strong>tua</strong></span> <span class='ocrx_word' id='word_1_72' title='bbox 154 2907 280 2975; x_wconf 83' lang='lat' dir='ltr'><strong>occasio,</strong></span> 
     </span>
    </p>

    <p class='ocr_par' dir='ltr' id='par_1_18' title="bbox 77 3005 348 3091">
     <span class='ocr_line' id='line_1_28' title="bbox 77 3005 348 3091; baseline -0.018 -23"><span class='ocrx_word' id='word_1_73' title='bbox 77 3007 145 3069; x_wconf 82' lang='lat' dir='ltr'><strong>Vita</strong></span> <span class='ocrx_word' id='word_1_74' title='bbox 159 3005 348 3091; x_wconf 76' lang='lat' dir='ltr'><strong>mipistrales,</strong></span> 
     </span>
    </p>

    <p class='ocr_par' dir='ltr' id='par_1_19' title="bbox 77 3104 436 3180">
     <span class='ocr_line' id='line_1_29' title="bbox 77 3104 436 3180; baseline -0.025 -11"><span class='ocrx_word' id='word_1_75' title='bbox 77 3111 103 3180; x_wconf 73' lang='lat' dir='ltr'><strong>lt,</strong></span> <span class='ocrx_word' id='word_1_76' title='bbox 124 3110 179 3169; x_wconf 91' lang='lat' dir='ltr'><strong>tihi</strong></span> <span class='ocrx_word' id='word_1_77' title='bbox 199 3115 267 3167; x_wconf 90' lang='lat' dir='ltr'><strong>suut</strong></span> <span class='ocrx_word' id='word_1_78' title='bbox 288 3104 436 3179; x_wconf 87' lang='lat' dir='ltr'><strong>aequales.</strong></span> 
     </span>
    </p>

    <p class='ocr_par' dir='ltr' id='par_1_20' title="bbox 78 3206 400 3280">
     <span class='ocr_line' id='line_1_30' title="bbox 78 3206 400 3280; baseline -0.022 -11"><span class='ocrx_word' id='word_1_79' title='bbox 78 3228 104 3269; x_wconf 95' lang='lat' dir='ltr'><strong>m</strong></span> <span class='ocrx_word' id='word_1_80' title='bbox 126 3210 200 3270; x_wconf 87' lang='lat' dir='ltr'><strong>hacc</strong></span> <span class='ocrx_word' id='word_1_81' title='bbox 220 3214 268 3268; x_wconf 83' lang='lat' dir='ltr'><strong>ast</strong></span> <span class='ocrx_word' id='word_1_82' title='bbox 292 3206 400 3280; x_wconf 89' lang='lat' dir='ltr'><strong>suasio,</strong></span> 
     </span>
    </p>

    <p class='ocr_par' dir='ltr' id='par_1_21' title="bbox 77 3306 414 3384">
     <span class='ocr_line' id='line_1_31' title="bbox 77 3306 414 3384; baseline -0.027 -13"><span class='ocrx_word' id='word_1_83' title='bbox 77 3318 190 3384; x_wconf 75' lang='lat' dir='ltr'><strong>imaque</strong></span> <span class='ocrx_word' id='word_1_84' title='bbox 214 3306 414 3367; x_wconf 84' lang='lat' dir='ltr'><strong>communione</strong></span> 
     </span>
    </p>

    <p class='ocr_par' dir='ltr' id='par_1_22' title="bbox 77 3409 288 3472">
     <span class='ocr_line' id='line_1_32' title="bbox 77 3409 288 3472; baseline -0.028 0"><span class='ocrx_word' id='word_1_85' title='bbox 77 3412 160 3472; x_wconf 88' lang='lat' dir='ltr'><strong>shum</strong></span> <span class='ocrx_word' id='word_1_86' title='bbox 180 3409 288 3469; x_wconf 88' lang='lat' dir='ltr'><strong>unione</strong></span> 
     </span>
    </p>

    <p class='ocr_par' dir='ltr' id='par_1_23' title="bbox 77 3514 279 3581">
     <span class='ocr_line' id='line_1_33' title="bbox 77 3514 279 3581; baseline -0.03 -9"><span class='ocrx_word' id='word_1_87' title='bbox 77 3529 114 3572; x_wconf 78' lang='lat' dir='ltr'><strong>‚as</strong></span> <span class='ocrx_word' id='word_1_88' title='bbox 135 3514 279 3581; x_wconf 79' lang='lat' dir='ltr'><strong>aremare,</strong></span> 
     </span>
    </p>

    <p class='ocr_par' dir='ltr' id='par_1_24' title="bbox 77 3611 397 3685">
     <span class='ocr_line' id='line_1_34' title="bbox 77 3611 397 3685; baseline -0.019 -14"><span class='ocrx_word' id='word_1_89' title='bbox 77 3611 127 3685; x_wconf 81' lang='lat' dir='ltr'><strong>psi</strong></span> <span class='ocrx_word' id='word_1_90' title='bbox 147 3625 197 3669; x_wconf 89' lang='lat' dir='ltr'><strong>res</strong></span> <span class='ocrx_word' id='word_1_91' title='bbox 219 3613 251 3668; x_wconf 88' lang='lat' dir='ltr'><strong>et</strong></span> <span class='ocrx_word' id='word_1_92' title='bbox 271 3622 397 3680; x_wconf 88' lang='lat' dir='ltr'><strong>corpora</strong></span> 
     </span>
    </p>

    <p class='ocr_par' dir='ltr' id='par_1_25' title="bbox 77 3712 323 3781">
     <span class='ocr_line' id='line_1_35' title="bbox 77 3712 323 3781; baseline -0.016 -10"><span class='ocrx_word' id='word_1_93' title='bbox 77 3712 166 3771; x_wconf 79' lang='lat' dir='ltr'><strong>&gt;mnia</strong></span> <span class='ocrx_word' id='word_1_94' title='bbox 190 3715 323 3781; x_wconf 89' lang='lat' dir='ltr'><strong>tempora</strong></span> 
     </span>
    </p>

    <p class='ocr_par' dir='ltr' id='par_1_26' title="bbox 77 3809 390 4084">
     <span class='ocr_line' id='line_1_36' title="bbox 77 3809 390 3883; baseline -0.019 -10"><span class='ocrx_word' id='word_1_95' title='bbox 77 3820 103 3873; x_wconf 81' lang='lat' dir='ltr'><strong>rt</strong></span> <span class='ocrx_word' id='word_1_96' title='bbox 124 3826 240 3883; x_wconf 86' lang='lat' dir='ltr'><strong>semper</strong></span> <span class='ocrx_word' id='word_1_97' title='bbox 265 3809 390 3882; x_wconf 84' lang='lat' dir='ltr'><strong>perdere</strong></span> 
     </span>
     <span class='ocr_line' id='line_1_37' title="bbox 99 3905 384 3990; baseline -0.004 -20"><span class='ocrx_word' id='word_1_98' title='bbox 99 3908 196 3973; x_wconf 86' lang='lat' dir='ltr'><strong>afide</strong></span> <span class='ocrx_word' id='word_1_99' title='bbox 218 3905 384 3990; x_wconf 61' lang='lat' dir='ltr'><strong>discederes,</strong></span> 
     </span>
     <span class='ocr_line' id='line_1_38' title="bbox 99 4010 352 4084; baseline -0.012 -12"><span class='ocrx_word' id='word_1_100' title='bbox 99 4011 213 4072; x_wconf 82' lang='lat' dir='ltr'><strong>lunesto</strong></span> <span class='ocrx_word' id='word_1_101' title='bbox 236 4010 352 4084; x_wconf 90' lang='lat' dir='ltr'><strong>piaculo</strong></span> 
     </span>
    </p>

    <p class='ocr_par' dir='ltr' id='par_1_27' title="bbox 78 4111 368 4184">
     <span class='ocr_line' id='line_1_39' title="bbox 78 4111 368 4184; baseline -0.003 -12"><span class='ocrx_word' id='word_1_102' title='bbox 78 4114 181 4172; x_wconf 91' lang='lat' dir='ltr'><strong>minari</strong></span> <span class='ocrx_word' id='word_1_103' title='bbox 202 4112 232 4171; x_wconf 92' lang='lat' dir='ltr'><strong>in</strong></span> <span class='ocrx_word' id='word_1_104' title='bbox 254 4111 368 4184; x_wconf 89' lang='lat' dir='ltr'><strong>seculo;</strong></span> 
     </span>
    </p>

    <p class='ocr_par' dir='ltr' id='par_1_28' title="bbox 77 4214 330 4287">
     <span class='ocr_line' id='line_1_40' title="bbox 77 4214 330 4287; baseline -0.004 -15"><span class='ocrx_word' id='word_1_105' title='bbox 77 4214 127 4287; x_wconf 87' lang='lat' dir='ltr'><strong>plo</strong></span> <span class='ocrx_word' id='word_1_106' title='bbox 150 4229 330 4287; x_wconf 78' lang='lat' dir='ltr'><strong>paganorum</strong></span> 
     </span>
    </p>

    <p class='ocr_par' dir='ltr' id='par_1_29' title="bbox 77 4314 358 4389">
     <span class='ocr_line' id='line_1_41' title="bbox 77 4314 358 4389; baseline 0.011 -18"><span class='ocrx_word' id='word_1_107' title='bbox 77 4315 180 4389; x_wconf 87' lang='lat' dir='ltr'><strong>queris</strong></span> <span class='ocrx_word' id='word_1_108' title='bbox 203 4330 255 4375; x_wconf 91' lang='lat' dir='ltr'><strong>eos</strong></span> <span class='ocrx_word' id='word_1_109' title='bbox 284 4314 358 4389; x_wconf 87' lang='lat' dir='ltr'><strong>dire,</strong></span> 
     </span>
    </p>

    <p class='ocr_par' dir='ltr' id='par_1_30' title="bbox 77 4414 380 4490">
     <span class='ocr_line' id='line_1_42' title="bbox 77 4414 380 4490; baseline -0.007 -14"><span class='ocrx_word' id='word_1_110' title='bbox 77 4432 97 4476; x_wconf 75' lang='lat' dir='ltr'><strong>a</strong></span> <span class='ocrx_word' id='word_1_111' title='bbox 122 4421 222 4490; x_wconf 88' lang='lat' dir='ltr'><strong>potest</strong></span> <span class='ocrx_word' id='word_1_112' title='bbox 247 4414 380 4474; x_wconf 88' lang='lat' dir='ltr'><strong>emollire</strong></span> 
     </span>
    </p>

    <p class='ocr_par' dir='ltr' id='par_1_31' title="bbox 77 4516 269 4576">
     <span class='ocr_line' id='line_1_43' title="bbox 77 4516 269 4576; baseline -0.005 -1"><span class='ocrx_word' id='word_1_113' title='bbox 77 4517 135 4576; x_wconf 89' lang='lat' dir='ltr'><strong>ntia</strong></span> <span class='ocrx_word' id='word_1_114' title='bbox 159 4516 269 4575; x_wconf 90' lang='lat' dir='ltr'><strong>horum.</strong></span> 
     </span>
    </p>

    <p class='ocr_par' dir='ltr' id='par_1_32' title="bbox 77 4616 420 4692">
     <span class='ocr_line' id='line_1_44' title="bbox 77 4616 420 4692; baseline -0.006 -16"><span class='ocrx_word' id='word_1_115' title='bbox 77 4635 92 4676; x_wconf 93' lang='lat' dir='ltr'><strong>u</strong></span> <span class='ocrx_word' id='word_1_116' title='bbox 116 4623 245 4677; x_wconf 90' lang='lat' dir='ltr'><strong>sanctum</strong></span> <span class='ocrx_word' id='word_1_117' title='bbox 267 4616 420 4692; x_wconf 81' lang='lat' dir='ltr'><strong>collegium</strong></span> 
     </span>
    </p>
   </div>
   <div class='ocr_carea' id='block_1_9' title="bbox 588 893 1159 4693">
    <p class='ocr_par' dir='ltr' id='par_1_33' title="bbox 592 893 1054 1268">
     <span class='ocr_line' id='line_1_45' title="bbox 593 893 1054 991; baseline 0.004 -40"><span class='ocrx_word' id='word_1_118' title='bbox 593 914 596 991; x_wconf 54' lang='lat' dir='ltr'><strong>p</strong></span> <span class='ocrx_word' id='word_1_119' title='bbox 619 893 728 966; x_wconf 87' lang='lat' dir='ltr'><strong>premis</strong></span> <span class='ocrx_word' id='word_1_120' title='bbox 750 909 819 953; x_wconf 82' lang='lat' dir='ltr'><strong>oves</strong></span> <span class='ocrx_word' id='word_1_121' title='bbox 840 893 914 956; x_wconf 80' lang='lat' dir='ltr'><strong>lesu</strong></span> <span class='ocrx_word' id='word_1_122' title='bbox 935 893 1054 966; x_wconf 82' lang='lat' dir='ltr'><strong>Christi,</strong></span> 
     </span>
     <span class='ocr_line' id='line_1_46' title="bbox 592 993 1024 1079; baseline 0 -27"><span class='ocrx_word' id='word_1_123' title='bbox 592 996 595 1079; x_wconf 68' lang='lat'>1</span> <span class='ocrx_word' id='word_1_124' title='bbox 619 999 764 1067; x_wconf 72' lang='lat' dir='ltr'><strong>umquam</strong></span> <span class='ocrx_word' id='word_1_125' title='bbox 785 995 868 1054; x_wconf 88' lang='lat' dir='ltr'><strong>canis</strong></span> <span class='ocrx_word' id='word_1_126' title='bbox 893 993 1024 1054; x_wconf 89' lang='lat' dir='ltr'><strong>rabidus.</strong></span> 
     </span>
     <span class='ocr_line' id='line_1_47' title="bbox 619 1093 1054 1165; baseline 0.005 -12"><span class='ocrx_word' id='word_1_127' title='bbox 619 1094 743 1154; x_wconf 85' lang='lat' dir='ltr'><strong>Multum</strong></span> <span class='ocrx_word' id='word_1_128' title='bbox 767 1095 914 1156; x_wconf 88' lang='lat' dir='ltr'><strong>discretos</strong></span> <span class='ocrx_word' id='word_1_129' title='bbox 935 1093 1054 1165; x_wconf 85' lang='lat' dir='ltr'><strong>electos,</strong></span> 
     </span>
     <span class='ocr_line' id='line_1_48' title="bbox 618 1195 986 1268; baseline 0 -15"><span class='ocrx_word' id='word_1_130' title='bbox 618 1195 677 1254; x_wconf 82' lang='lat' dir='ltr'><strong>vita</strong></span> <span class='ocrx_word' id='word_1_131' title='bbox 698 1200 796 1255; x_wconf 88' lang='lat' dir='ltr'><strong>aetate</strong></span> <span class='ocrx_word' id='word_1_132' title='bbox 820 1199 986 1268; x_wconf 83' lang='lat' dir='ltr'><strong>provectos,</strong></span> 
     </span>
    </p>

    <p class='ocr_par' dir='ltr' id='par_1_34' title="bbox 617 1290 1159 2262">
     <span class='ocr_line' id='line_1_49' title="bbox 617 1290 1054 1370; baseline 0.002 -17"><span class='ocrx_word' id='word_1_133' title='bbox 617 1295 665 1354; x_wconf 79' lang='lat' dir='ltr'><strong>vix</strong></span> <span class='ocrx_word' id='word_1_134' title='bbox 687 1294 776 1355; x_wconf 86' lang='lat' dir='ltr'><strong>habet</strong></span> <span class='ocrx_word' id='word_1_135' title='bbox 796 1312 918 1370; x_wconf 79' lang='lat' dir='ltr'><strong>regnum</strong></span> <span class='ocrx_word' id='word_1_136' title='bbox 933 1290 1054 1368; x_wconf 84' lang='lat' dir='ltr'><strong>similes,</strong></span> 
     </span>
     <span class='ocr_line' id='line_1_50' title="bbox 617 1394 1039 1475; baseline 0.007 -21"><span class='ocrx_word' id='word_1_137' title='bbox 617 1394 653 1455; x_wconf 83' lang='lat' dir='ltr'><strong>dc</strong></span> <span class='ocrx_word' id='word_1_138' title='bbox 674 1395 795 1457; x_wconf 69' lang='lat' dir='ltr'><strong>Mitius</strong></span> <span class='ocrx_word' id='word_1_139' title='bbox 822 1395 995 1468; x_wconf 76' lang='lat' dir='ltr'><strong>Weisloum,</strong></span> <span class='ocrx_word' id='word_1_140' title='bbox 1036 1468 1039 1475; x_wconf 33' lang='grc' dir='ltr'>Ι</span> 
     </span>
     <span class='ocr_line' id='line_1_51' title="bbox 617 1495 1159 1571; baseline -0.002 -16"><span class='ocrx_word' id='word_1_141' title='bbox 617 1497 787 1571; x_wconf 80' lang='lat' dir='ltr'><strong>magistrum</strong></span> <span class='ocrx_word' id='word_1_142' title='bbox 815 1495 920 1559; x_wconf 69' lang='lat' dir='ltr'><strong>What</strong></span> <span class='ocrx_word' id='word_1_143' title='bbox 946 1495 1159 1566; x_wconf 74' lang='lat' dir='ltr'><strong>Wetsoesluum,</strong></span> 
     </span>
     <span class='ocr_line' id='line_1_52' title="bbox 617 1597 922 1670; baseline 0.007 -15"><span class='ocrx_word' id='word_1_144' title='bbox 617 1597 696 1658; x_wconf 86' lang='lat' dir='ltr'><strong>viros</strong></span> <span class='ocrx_word' id='word_1_145' title='bbox 722 1597 922 1670; x_wconf 85' lang='lat' dir='ltr'><strong>honorabiles,</strong></span> 
     </span>
     <span class='ocr_line' id='line_1_53' title="bbox 617 1696 1078 1772; baseline 0.007 -16"><span class='ocrx_word' id='word_1_146' title='bbox 617 1713 752 1756; x_wconf 90' lang='lat' dir='ltr'><strong>necnon</strong></span> <span class='ocrx_word' id='word_1_147' title='bbox 773 1697 849 1758; x_wconf 88' lang='lat' dir='ltr'><strong>alios</strong></span> <span class='ocrx_word' id='word_1_148' title='bbox 870 1713 957 1772; x_wconf 91' lang='lat' dir='ltr'><strong>quam</strong></span> <span class='ocrx_word' id='word_1_149' title='bbox 978 1696 1078 1770; x_wconf 89' lang='lat' dir='ltr'><strong>pluras</strong></span> 
     </span>
     <span class='ocr_line' id='line_1_54' title="bbox 617 1790 1048 1873; baseline 0.012 -18"><span class='ocrx_word' id='word_1_150' title='bbox 617 1798 775 1859; x_wconf 84' lang='lat' dir='ltr'><strong>bannivisti</strong></span> <span class='ocrx_word' id='word_1_151' title='bbox 796 1790 941 1873; x_wconf 85' lang='lat' dir='ltr'><strong>tamquam</strong></span> <span class='ocrx_word' id='word_1_152' title='bbox 968 1797 1048 1860; x_wconf 86' lang='lat' dir='ltr'><strong>iures</strong></span> 
     </span>
     <span class='ocr_line' id='line_1_55' title="bbox 618 1898 996 1972; baseline 0.003 -14"><span class='ocrx_word' id='word_1_153' title='bbox 618 1898 653 1958; x_wconf 87' lang='lat' dir='ltr'><strong>de</strong></span> <span class='ocrx_word' id='word_1_154' title='bbox 677 1898 761 1959; x_wconf 91' lang='lat' dir='ltr'><strong>bonis</strong></span> <span class='ocrx_word' id='word_1_155' title='bbox 783 1899 838 1960; x_wconf 93' lang='lat' dir='ltr'><strong>tibi</strong></span> <span class='ocrx_word' id='word_1_156' title='bbox 859 1898 996 1972; x_wconf 62' lang='lat' dir='ltr'><strong>creditu</strong></span> 
     </span>
     <span class='ocr_line' id='line_1_56' title="bbox 617 1998 1053 2074; baseline 0.011 -19"><span class='ocrx_word' id='word_1_157' title='bbox 617 1998 703 2072; x_wconf 90' lang='lat' dir='ltr'><strong>lupos</strong></span> <span class='ocrx_word' id='word_1_158' title='bbox 724 1999 847 2060; x_wconf 90' lang='lat' dir='ltr'><strong>inmittis</strong></span> <span class='ocrx_word' id='word_1_159' title='bbox 873 2000 904 2060; x_wconf 91' lang='lat' dir='ltr'><strong>in</strong></span> <span class='ocrx_word' id='word_1_160' title='bbox 925 2015 1053 2074; x_wconf 75' lang='lat' dir='ltr'><strong>gregem,</strong></span> 
     </span>
     <span class='ocr_line' id='line_1_57' title="bbox 618 2099 1039 2173; baseline 0 -15"><span class='ocrx_word' id='word_1_161' title='bbox 618 2099 667 2173; x_wconf 89' lang='lat' dir='ltr'><strong>qui</strong></span> <span class='ocrx_word' id='word_1_162' title='bbox 689 2101 923 2172; x_wconf 89' lang='lat' dir='ltr'><strong>superstitiosam</strong></span> <span class='ocrx_word' id='word_1_163' title='bbox 944 2099 1039 2173; x_wconf 76' lang='lat' dir='ltr'><strong>legem</strong></span> 
     </span>
     <span class='ocr_line' id='line_1_58' title="bbox 618 2199 1005 2262; baseline 0.01 -4"><span class='ocrx_word' id='word_1_164' title='bbox 618 2199 726 2260; x_wconf 86' lang='lat' dir='ltr'><strong>docent</strong></span> <span class='ocrx_word' id='word_1_165' title='bbox 745 2200 775 2260; x_wconf 92' lang='lat' dir='ltr'><strong>in</strong></span> <span class='ocrx_word' id='word_1_166' title='bbox 798 2200 871 2262; x_wconf 88' lang='lat' dir='ltr'><strong>locis</strong></span> <span class='ocrx_word' id='word_1_167' title='bbox 898 2200 1005 2262; x_wconf 78' lang='lat' dir='ltr'><strong>vetitis</strong></span> 
     </span>
    </p>

    <p class='ocr_par' dir='ltr' id='par_1_35' title="bbox 617 2299 994 2576">
     <span class='ocr_line' id='line_1_59' title="bbox 618 2299 975 2377; baseline 0.011 -20"><span class='ocrx_word' id='word_1_168' title='bbox 618 2299 666 2358; x_wconf 86' lang='lat' dir='ltr'><strong>Sic</strong></span> <span class='ocrx_word' id='word_1_169' title='bbox 689 2301 793 2374; x_wconf 89' lang='lat' dir='ltr'><strong>spiritu</strong></span> <span class='ocrx_word' id='word_1_170' title='bbox 814 2301 975 2377; x_wconf 90' lang='lat' dir='ltr'><strong>pompabili</strong></span> 
     </span>
     <span class='ocr_line' id='line_1_60' title="bbox 617 2400 912 2477; baseline 0.014 -19"><span class='ocrx_word' id='word_1_171' title='bbox 617 2400 722 2477; x_wconf 81' lang='lat' dir='ltr'><strong>rigido,</strong></span> <span class='ocrx_word' id='word_1_172' title='bbox 750 2400 912 2476; x_wconf 83' lang='lat' dir='ltr'><strong>inflexibili,</strong></span> 
     </span>
     <span class='ocr_line' id='line_1_61' title="bbox 618 2500 994 2576; baseline 0 -16"><span class='ocrx_word' id='word_1_173' title='bbox 618 2500 765 2576; x_wconf 87' lang='lat' dir='ltr'><strong>cordeque</strong></span> <span class='ocrx_word' id='word_1_174' title='bbox 789 2503 994 2576; x_wconf 84' lang='lat' dir='ltr'><strong>stomachatus,</strong></span> 
     </span>
    </p>

    <p class='ocr_par' dir='ltr' id='par_1_36' title="bbox 617 2601 1062 2965">
     <span class='ocr_line' id='line_1_62' title="bbox 618 2601 1062 2665; baseline 0.002 -5"><span class='ocrx_word' id='word_1_175' title='bbox 618 2618 670 2660; x_wconf 89' lang='lat' dir='ltr'><strong>cur</strong></span> <span class='ocrx_word' id='word_1_176' title='bbox 690 2603 721 2662; x_wconf 93' lang='lat' dir='ltr'><strong>in</strong></span> <span class='ocrx_word' id='word_1_177' title='bbox 742 2603 915 2665; x_wconf 83' lang='lat' dir='ltr'><strong>innocentes</strong></span> <span class='ocrx_word' id='word_1_178' title='bbox 941 2601 1062 2663; x_wconf 79' lang='lat' dir='ltr'><strong>saeris?</strong></span> 
     </span>
     <span class='ocr_line' id='line_1_63' title="bbox 617 2702 1042 2774; baseline -0.002 -12"><span class='ocrx_word' id='word_1_179' title='bbox 617 2704 674 2763; x_wconf 87' lang='lat' dir='ltr'><strong>Est</strong></span> <span class='ocrx_word' id='word_1_180' title='bbox 694 2704 748 2765; x_wconf 92' lang='lat' dir='ltr'><strong>tibi</strong></span> <span class='ocrx_word' id='word_1_181' title='bbox 769 2704 910 2765; x_wconf 89' lang='lat' dir='ltr'><strong>terminus</strong></span> <span class='ocrx_word' id='word_1_182' title='bbox 935 2702 1042 2774; x_wconf 83' lang='lat' dir='ltr'><strong>breuis,</strong></span> 
     </span>
     <span class='ocr_line' id='line_1_64' title="bbox 618 2804 1016 2880; baseline 0 -18"><span class='ocrx_word' id='word_1_183' title='bbox 618 2821 702 2878; x_wconf 90' lang='lat' dir='ltr'><strong>quem</strong></span> <span class='ocrx_word' id='word_1_184' title='bbox 724 2813 818 2880; x_wconf 91' lang='lat' dir='ltr'><strong>tenes,</strong></span> <span class='ocrx_word' id='word_1_185' title='bbox 842 2804 1016 2869; x_wconf 81' lang='lat' dir='ltr'><strong>dominatus</strong></span> 
     </span>
     <span class='ocr_line' id='line_1_65' title="bbox 618 2903 946 2965; baseline 0.003 -1"><span class='ocrx_word' id='word_1_186' title='bbox 618 2903 683 2964; x_wconf 82' lang='lat' dir='ltr'><strong>(lito</strong></span> <span class='ocrx_word' id='word_1_187' title='bbox 706 2920 724 2964; x_wconf 92' lang='lat' dir='ltr'><strong>a</strong></span> <span class='ocrx_word' id='word_1_188' title='bbox 745 2911 774 2965; x_wconf 92' lang='lat' dir='ltr'><strong>te</strong></span> <span class='ocrx_word' id='word_1_189' title='bbox 797 2903 946 2965; x_wconf 81' lang='lat' dir='ltr'><strong>auferetur</strong></span> 
     </span>
    </p>

    <p class='ocr_par' dir='ltr' id='par_1_37' title="bbox 618 3005 941 3075">
     <span class='ocr_line' id='line_1_66' title="bbox 618 3005 941 3075; baseline 0.003 -12"><span class='ocrx_word' id='word_1_190' title='bbox 618 3011 648 3063; x_wconf 89' lang='lat' dir='ltr'><strong>et</strong></span> <span class='ocrx_word' id='word_1_191' title='bbox 668 3005 723 3064; x_wconf 91' lang='lat' dir='ltr'><strong>tibi</strong></span> <span class='ocrx_word' id='word_1_192' title='bbox 744 3006 941 3075; x_wconf 85' lang='lat' dir='ltr'><strong>maledicetur,</strong></span> 
     </span>
    </p>

    <p class='ocr_par' dir='ltr' id='par_1_38' title="bbox 618 3105 964 3165">
     <span class='ocr_line' id='line_1_67' title="bbox 618 3105 964 3165; baseline 0 0"><span class='ocrx_word' id='word_1_193' title='bbox 618 3106 677 3165; x_wconf 90' lang='lat' dir='ltr'><strong>eris</strong></span> <span class='ocrx_word' id='word_1_194' title='bbox 698 3113 731 3165; x_wconf 91' lang='lat' dir='ltr'><strong>ut</strong></span> <span class='ocrx_word' id='word_1_195' title='bbox 751 3105 828 3165; x_wconf 87' lang='lat' dir='ltr'><strong>Loth</strong></span> <span class='ocrx_word' id='word_1_196' title='bbox 850 3105 964 3165; x_wconf 86' lang='lat' dir='ltr'><strong>derisus</strong></span> 
     </span>
    </p>

    <p class='ocr_par' dir='ltr' id='par_1_39' title="bbox 617 3206 967 3281">
     <span class='ocr_line' id='line_1_68' title="bbox 617 3206 967 3281; baseline -0.003 -15"><span class='ocrx_word' id='word_1_197' title='bbox 617 3223 635 3265; x_wconf 87' lang='lat' dir='ltr'><strong>a</strong></span> <span class='ocrx_word' id='word_1_198' title='bbox 656 3207 785 3281; x_wconf 85' lang='lat' dir='ltr'><strong>propriis</strong></span> <span class='ocrx_word' id='word_1_199' title='bbox 806 3208 865 3266; x_wconf 88' lang='lat' dir='ltr'><strong>tuis</strong></span> <span class='ocrx_word' id='word_1_200' title='bbox 891 3206 967 3265; x_wconf 87' lang='lat' dir='ltr'><strong>uatis</strong></span> 
     </span>
    </p>

    <p class='ocr_par' dir='ltr' id='par_1_40' title="bbox 616 3307 1125 3483">
     <span class='ocr_line' id='line_1_69' title="bbox 616 3307 1125 3378; baseline 0 -13"><span class='ocrx_word' id='word_1_201' title='bbox 616 3321 672 3366; x_wconf 87' lang='lat' dir='ltr'><strong>nec</strong></span> <span class='ocrx_word' id='word_1_202' title='bbox 692 3323 752 3366; x_wconf 91' lang='lat' dir='ltr'><strong>non</strong></span> <span class='ocrx_word' id='word_1_203' title='bbox 772 3323 790 3365; x_wconf 89' lang='lat' dir='ltr'><strong>a</strong></span> <span class='ocrx_word' id='word_1_204' title='bbox 812 3307 902 3367; x_wconf 83' lang='lat' dir='ltr'><strong>cham</strong></span> <span class='ocrx_word' id='word_1_205' title='bbox 923 3307 1073 3378; x_wconf 86' lang='lat' dir='ltr'><strong>derivatis,</strong></span> <span class='ocrx_word' id='word_1_206' title='bbox 1121 3348 1125 3355; x_wconf 84' lang='lat'>-</span> 
     </span>
     <span class='ocr_line' id='line_1_70' title="bbox 618 3407 1011 3483; baseline -0.01 -11"><span class='ocrx_word' id='word_1_207' title='bbox 618 3419 763 3483; x_wconf 85' lang='lat' dir='ltr'><strong>tamquam</strong></span> <span class='ocrx_word' id='word_1_208' title='bbox 783 3411 870 3470; x_wconf 93' lang='lat' dir='ltr'><strong>homo</strong></span> <span class='ocrx_word' id='word_1_209' title='bbox 892 3407 1011 3468; x_wconf 84' lang='lat' dir='ltr'><strong>delirus.</strong></span> 
     </span>
    </p>

    <p class='ocr_par' dir='ltr' id='par_1_41' title="bbox 618 3508 973 3572">
     <span class='ocr_line' id='line_1_71' title="bbox 618 3508 973 3572; baseline -0.011 0"><span class='ocrx_word' id='word_1_210' title='bbox 618 3513 642 3572; x_wconf 90' lang='grc'>0</span> <span class='ocrx_word' id='word_1_211' title='bbox 665 3512 701 3572; x_wconf 80' lang='lat' dir='ltr'><strong>de</strong></span> <span class='ocrx_word' id='word_1_212' title='bbox 721 3513 812 3572; x_wconf 82' lang='lat' dir='ltr'><strong>Rosia</strong></span> <span class='ocrx_word' id='word_1_213' title='bbox 832 3508 973 3569; x_wconf 75' lang='lat' dir='ltr'><strong>Hebriue!</strong></span> 
     </span>
    </p>

    <p class='ocr_par' dir='ltr' id='par_1_42' title="bbox 618 3609 941 3672">
     <span class='ocr_line' id='line_1_72' title="bbox 618 3609 941 3672; baseline -0.009 0"><span class='ocrx_word' id='word_1_214' title='bbox 618 3613 643 3672; x_wconf 94' lang='lat' dir='ltr'><strong>si</strong></span> <span class='ocrx_word' id='word_1_215' title='bbox 664 3613 778 3672; x_wconf 78' lang='lat' dir='ltr'><strong>viveres</strong></span> <span class='ocrx_word' id='word_1_216' title='bbox 799 3612 858 3671; x_wconf 87' lang='lat' dir='ltr'><strong>ista</strong></span> <span class='ocrx_word' id='word_1_217' title='bbox 878 3609 941 3670; x_wconf 82' lang='lat' dir='ltr'><strong>vice</strong></span> 
     </span>
    </p>

    <p class='ocr_par' dir='ltr' id='par_1_43' title="bbox 617 3714 932 3780">
     <span class='ocr_line' id='line_1_73' title="bbox 617 3714 932 3780; baseline -0.01 -7"><span class='ocrx_word' id='word_1_218' title='bbox 617 3719 649 3773; x_wconf 83' lang='lat' dir='ltr'><strong>et</strong></span> <span class='ocrx_word' id='word_1_219' title='bbox 669 3714 761 3773; x_wconf 88' lang='lat' dir='ltr'><strong>oculis</strong></span> <span class='ocrx_word' id='word_1_220' title='bbox 783 3726 932 3780; x_wconf 72' lang='lat' dir='ltr'><strong>emeres,</strong></span> 
     </span>
    </p>

    <p class='ocr_par' dir='ltr' id='par_1_44' title="bbox 615 3810 1087 4185">
     <span class='ocr_line' id='line_1_74' title="bbox 617 3810 1016 3888; baseline -0.01 -16"><span class='ocrx_word' id='word_1_221' title='bbox 617 3830 689 3888; x_wconf 92' lang='lat' dir='ltr'><strong>quos</strong></span> <span class='ocrx_word' id='word_1_222' title='bbox 711 3820 743 3873; x_wconf 92' lang='lat' dir='ltr'><strong>tu</strong></span> <span class='ocrx_word' id='word_1_223' title='bbox 764 3828 849 3874; x_wconf 85' lang='lat' dir='ltr'><strong>caros</strong></span> <span class='ocrx_word' id='word_1_224' title='bbox 870 3810 1016 3870; x_wconf 90' lang='lat' dir='ltr'><strong>habuisti:</strong></span> 
     </span>
     <span class='ocr_line' id='line_1_75' title="bbox 616 3912 965 3981; baseline -0.014 -6"><span class='ocrx_word' id='word_1_225' title='bbox 616 3931 685 3975; x_wconf 87' lang='lat' dir='ltr'><strong>ecce</strong></span> <span class='ocrx_word' id='word_1_226' title='bbox 706 3913 882 3974; x_wconf 88' lang='lat' dir='ltr'><strong>tribulantur</strong></span> <span class='ocrx_word' id='word_1_227' title='bbox 906 3912 965 3981; x_wconf 87' lang='lat' dir='ltr'><strong>isti,</strong></span> 
     </span>
     <span class='ocr_line' id='line_1_76' title="bbox 615 3999 1087 4089; baseline -0.008 -14"><span class='ocrx_word' id='word_1_228' title='bbox 615 4015 753 4089; x_wconf 85' lang='lat' dir='ltr'><strong>numquid</strong></span> <span class='ocrx_word' id='word_1_229' title='bbox 774 3999 908 4075; x_wconf 77' lang='lat' dir='ltr'><strong>hennon</strong></span> <span class='ocrx_word' id='word_1_230' title='bbox 929 4010 1087 4073; x_wconf 81' lang='lat' dir='ltr'><strong>crederes?</strong></span> 
     </span>
     <span class='ocr_line' id='line_1_77' title="bbox 615 4112 928 4185; baseline -0.019 -8"><span class='ocrx_word' id='word_1_231' title='bbox 615 4115 768 4177; x_wconf 87' lang='lat' dir='ltr'><strong>Ecclesiae</strong></span> <span class='ocrx_word' id='word_1_232' title='bbox 792 4112 928 4185; x_wconf 61' lang='lat' dir='ltr'><strong>viduatae</strong></span> 
     </span>
    </p>

    <p class='ocr_par' dir='ltr' id='par_1_45' title="bbox 615 4212 1031 4377">
     <span class='ocr_line' id='line_1_78' title="bbox 616 4212 1031 4289; baseline -0.012 -14"><span class='ocrx_word' id='word_1_233' title='bbox 616 4214 733 4289; x_wconf 88' lang='lat' dir='ltr'><strong>deflent,</strong></span> <span class='ocrx_word' id='word_1_234' title='bbox 754 4219 873 4288; x_wconf 89' lang='lat' dir='ltr'><strong>pastore</strong></span> <span class='ocrx_word' id='word_1_235' title='bbox 899 4212 1031 4284; x_wconf 84' lang='lat' dir='ltr'><strong>orbatae,</strong></span> 
     </span>
     <span class='ocr_line' id='line_1_79' title="bbox 615 4313 936 4377; baseline -0.016 0"><span class='ocrx_word' id='word_1_236' title='bbox 615 4316 703 4377; x_wconf 88' lang='lat' dir='ltr'><strong>corde</strong></span> <span class='ocrx_word' id='word_1_237' title='bbox 725 4314 788 4374; x_wconf 84' lang='lat' dir='ltr'><strong>fero</strong></span> <span class='ocrx_word' id='word_1_238' title='bbox 802 4313 936 4377; x_wconf 81' lang='lat' dir='ltr'><strong>molesto.</strong></span> 
     </span>
    </p>

    <p class='ocr_par' dir='ltr' id='par_1_46' title="bbox 615 4413 1020 4491">
     <span class='ocr_line' id='line_1_80' title="bbox 615 4413 1020 4491; baseline -0.01 -15"><span class='ocrx_word' id='word_1_239' title='bbox 615 4418 698 4491; x_wconf 82' lang='lat' dir='ltr'><strong>Rogo</strong></span> <span class='ocrx_word' id='word_1_240' title='bbox 719 4422 749 4475; x_wconf 88' lang='lat' dir='ltr'><strong>te</strong></span> <span class='ocrx_word' id='word_1_241' title='bbox 774 4415 812 4475; x_wconf 83' lang='lat' dir='ltr'><strong>ad</strong></span> <span class='ocrx_word' id='word_1_242' title='bbox 833 4430 886 4474; x_wconf 90' lang='lat' dir='ltr'><strong>cor</strong></span> <span class='ocrx_word' id='word_1_243' title='bbox 905 4413 1020 4484; x_wconf 84' lang='lat' dir='ltr'><strong>redeas,</strong></span> 
     </span>
    </p>

    <p class='ocr_par' dir='ltr' id='par_1_47' title="bbox 588 4514 965 4584">
     <span class='ocr_line' id='line_1_81' title="bbox 588 4514 965 4584; baseline 0.011 -13"><span class='ocrx_word' id='word_1_244' title='bbox 588 4518 591 4571; x_wconf 88' lang='lat' dir='ltr'><strong>l</strong></span> <span class='ocrx_word' id='word_1_245' title='bbox 615 4516 707 4579; x_wconf 85' lang='lat' dir='ltr'><strong>oculis</strong></span> <span class='ocrx_word' id='word_1_246' title='bbox 726 4516 834 4577; x_wconf 88' lang='lat' dir='ltr'><strong>mentis</strong></span> <span class='ocrx_word' id='word_1_247' title='bbox 856 4514 965 4584; x_wconf 81' lang='lat' dir='ltr'><strong>videas,</strong></span> 
     </span>
    </p>

    <p class='ocr_par' dir='ltr' id='par_1_48' title="bbox 588 4576 1035 4693">
     <span class='ocr_line' id='line_1_82' title="bbox 588 4576 1035 4693; baseline -0.002 -16"><span class='ocrx_word' id='word_1_248' title='bbox 588 4576 592 4684; x_wconf 84' lang='lat' dir='ltr'><strong>l</strong></span> <span class='ocrx_word' id='word_1_249' title='bbox 616 4634 699 4693; x_wconf 89' lang='lat' dir='ltr'><strong>quam</strong></span> <span class='ocrx_word' id='word_1_250' title='bbox 721 4618 800 4692; x_wconf 91' lang='lat' dir='ltr'><strong>turpi</strong></span> <span class='ocrx_word' id='word_1_251' title='bbox 822 4623 852 4676; x_wconf 92' lang='lat' dir='ltr'><strong>et</strong></span> <span class='ocrx_word' id='word_1_252' title='bbox 872 4617 1035 4685; x_wconf 86' lang='lat' dir='ltr'><strong>inhonesto,</strong></span> 
     </span>
    </p>
   </div>
   <div class='ocr_carea' id='block_1_10' title="bbox 0 0 1500 5258">
    <p class='ocr_par' dir='ltr' id='par_1_49' title="bbox 0 0 1500 5258">
     <span class='ocr_line' id='line_1_83' title="bbox 0 0 1500 5258; baseline 0 0"><span class='ocrx_word' id='word_1_253' title='bbox 0 0 1500 5258; x_wconf 95' lang='lat' dir='ltr'><strong> </strong></span> 
     </span>
    </p>
   </div>
  </div>
 </body>
</html>
