2992 5258
182 148 234 212 136
420 141 623 197 0661666666166
641 141 675 197 de
692 143 822 212 religione
839 145 867 198 in
884 145 1026 200 Bobenia:
1046 148 1117 200 1411.

268 345 349 414 Acta
369 350 445 411 sunt
465 346 545 413 baec
566 345 789 428 praesentibus
811 348 969 415 nobilibus
991 354 1025 415 et
1045 347 1175 416 16666616
1195 349 1286 433 viris,
1306 350 1361 419 do·

168 451 262 516 minis
273 447 402 512 Andrea
413 445 454 511 de
465 445 566 525 Duba,
583 444 770 515 wenceslao
782 448 822 514 de
833 449 970 528 Zleuicz,
986 449 1131 516 lithardo
1142 450 1183 517 de
1198 449 1361 533 1166111611,

169 550 308 617 Smilone
335 547 376 613 de
407 546 557 625 Veturia,
587 545 748 615 Hanussic
777 549 818 615 (16
845 547 989 632 Sczepelr
1016 551 1095 617 alins
1126 551 1168 619 de
1192 551 1360 636 Hodonyn,

167 653 291 719 Joanne
306 649 346 716 de
362 646 483 730 chium,
506 649 693 716 Wenceslao
715 649 755 715 (16
770 650 919 732 Lescana,
942 650 1115 718 baronibus
1136 659 1172 719 61
1192 652 1362 733 militibne3

166 753 337 819 Francisoo
373 752 556 835 praeposito
596 751 751 817 ecclesiae
780 758 963 817 sanctorum
990 749 1124 819 Cosmae
1154 761 1188 821 et
1215 753 1361 821 Damiani

166 854 245 919 alias
267 852 297 918 S.
313 851 492 923 wenceslai
515 852 546 916 in
562 852 692 932 antiqua
714 850 900 932 Boleslavia,
921 853 1041 919 Jacobo
1062 853 1183 920 decano
1205 853 1360 938 ecclesiae

166 953 448 1036 Wpssegradensis
462 968 563 1036 prope
585 953 729 1032 Pragam,
751 957 784 1017 ct
798 951 905 1017 multis
928 953 998 1018 aliis
1020 953 1158 1021 testibus
1179 955 1243 1023 fide
1257 955 1361 1038 dignis

165 1055 252 1120 circa
275 1056 458 1137 praemissa.

264 1189 346 1255 Item
366 1208 458 1270 anno,
481 1187 663 1268 indictione,
690 1187 751 1269 die,
774 1205 892 1267 mense,
914 1187 993 1254 bora
1015 1198 1049 1255 et
1070 1189 1270 1272 pontificatu,
1292 1191 1359 1272 qui·

158 1292 224 1358 bus
246 1308 360 1373 supra,
388 1291 420 1355 in
443 1290 556 1355 minori
579 1290 707 1355 civitate
729 1289 898 1370 Pragcnsi,
920 1290 952 1355 in
976 1291 1065 1357 curin
1085 1291 1357 1375 archiepiscopali,

164 1392 198 1457 in
212 1393 348 1475 quodam
362 1391 525 1457 commodo
540 1390 712 1474 posteriori
728 1391 812 1456 circa
834 1389 997 1471 (b)ortum,
1020 1390 1053 1455 in
1071 1397 1254 1458 nostrorum
1269 1397 1358 1459 6616·

164 1495 285 1560 riorum
307 1491 505 1577 publicorum
528 1492 712 1556 antestium
735 1491 919 1572 praesentia
940 1491 1221 1575 subsenpccrum,
1237 1495 1357 1559 consti·

164 1600 252 1661 tutus
275 1594 488 1677 personaliter
508 1593 767 1675 praenominatus
800 1591 925 1674 Sbynco
948 1593 1224 1676 archiepiscopos,
1246 1610 1306 1659 suo
1326 1599 1360 1660 61

163 1697 213 1762 661
235 1695 314 1762 cleri
329 1695 456 1759 nomine
477 1693 539 1759 sibi
560 1692 774 1772 adhaerentis,
797 1692 944 1759 similiter
964 1699 1081 1776 sponte
1103 1698 1137 1759 et
1147 1693 1270 1773 libere,
1292 1694 1356 1759 666·-

163 1798 235 1863 liori
257 1795 367 1874 modo,
395 1797 462 1873 via,
492 1794 565 1875 jure
596 1799 628 1858 61
649 1792 765 1872 forma,
794 1799 827 1858 61
856 1795 940 1858 6661
969 1792 1069 1860 forma
1090 1802 1186 1876 prout
1208 1793 1357 1877 superius

163 1896 353 1973 continetur,
376 1894 416 1960 (16
432 1901 465 1960 61
488 1912 585 1977 super
607 1893 752 1960 omnibus
768 1901 802 1958 et
824 1893 957 1974 singulis
980 1894 1093 1974 causis,
1115 1894 1235 1975 litibus,
1258 1911 1356 1977 quae·

161 1996 335 2076 stionibus,
364 1995 607 2073 controversiis,
633 1994 834 2067 rancoribus.
856 1995 997 2077 injuriiS,
1024 1993 1294 2061 diffamationibus
1325 2001 1358 2062 61

162 2096 372 2180 displicentiis
403 2096 488 2161 inter
516 2097 620 2178 ipsum
649 2102 682 2162 61
704 2096 961 2178 praenominatos
982 2086 1167 2177 magistros,
1190 2095 1355 2179 ipsiusque

161 2197 280 2263 domini
301 2197 534 2279 archiepiscopi
557 2197 676 2262 clerum
699 2197 810 2278 quovis
832 2195 925 2262 modo
948 2196 1041 2261 motis
1063 2202 1097 2261 et
1118 2197 1251 2277 exortis,
1272 2196 1356 2263 bona

160 2297 222 2365 fide
244 2305 277 2364 et
298 2299 357 2363 sub
379 2297 559 2381 perditione
583 2314 696 2363 causae
719 2303 752 2362 61
774 2315 940 2362 causarum
961 2296 1157 2378 hujusmodi,
1180 2296 1221 2362 de
1243 2297 1309 2364 alto
1323 2302 1356 2362 et

159 2398 254 2465 basso
276 2400 308 2463 in
331 2398 588 2481 praenominatos
603 2397 756 2479 dominos,
781 2415 890 2479 regem
913 2404 946 2464 et
967 2398 1067 2480 ipsius
1089 2399 1266 2479 consilium,
1281 2416 1356 2466 oon·

156 2499 291 2582 junctim
320 2499 371 2565 vel
392 2499 531 2579 divisim,
565 2498 643 2563 nihil
676 2504 752 2580 post
783 2515 818 2561 se
851 2498 1059 2579 relinquendo
1088 2499 1139 2563 vel
1167 2498 1354 2580 omittendo,

160 2601 392 2683 compromisit;
415 2600 530 2681 quibus
552 2598 645 2664 modo
668 2606 701 2663 et
722 2598 823 2665 forma
844 2599 1027 2680 praemissis
1048 2605 1082 2665 61
1103 2615 1201 2681 supra
1223 2601 1353 2684 scriptis

159 2701 285 2784 plenam
301 2705 494 2782 potestatem
510 2698 599 2765 dedit
613 2716 710 2780 super
725 2698 909 2780 praemissis
934 2699 1172 2781 pronuntiandi,
1194 2698 1354 2782 laudandi,

159 2799 335 2867 diffiniendi
358 2819 395 2865 ac
417 2799 650 2884 praecipiendi;
672 2817 805 2880 quorum
822 2799 1083 2880 pronuntiationi,
1106 2798 1200 2867 laudo
1223 2807 1259 2868 et
1272 2800 1353 2868 diffi-

159 2902 272 2967 nitioni
295 2910 400 2983 stare,
428 2920 557 2983 parere,
588 2906 621 2966 61
647 2899 874 2966 inviolabiliter
896 2900 1084 2981 obseruare,
1111 2919 1172 2979 nec
1193 2902 1226 2966 in
1247 2902 1353 2985 aliquo

159 3002 381 3068 contravenire
412 3000 571 3084 promisit,
596 3000 781 3067 'conditione
808 3002 904 3066 etiam
926 3001 1102 3082 praemissa
1123 3019 1277 3084 expresse
1298 3002 1352 3068 ad·

155 3102 242 3183 jecta
262 3103 302 3168 de
331 3120 463 3168 recessu
495 3101 583 3167 ducis
610 3101 780 3180 Senoniae,
811 3101 940 3167 Stiborii
964 3106 998 3165 et
1018 3101 1210 3183 Laczkonis,
1239 3109 1352 3186 petens

158 3203 305 3269 similiter
327 3203 388 3285 ipsi
410 3203 450 3267 de
472 3203 655 3285 praemissis
678 3201 822 3267 omnibus
846 3201 876 3265 61
898 3200 1032 3281 singulis
1054 3219 1113 3284 per
1133 3218 1193 3267 nos
1208 3202 1351 3269 notarios

156 3306 299 3388 publicos
328 3303 548 3385 infrascriptos
574 3302 643 3369 fieri
682 3308 715 3367 et
740 3299 852 3367 confici
884 3320 980 3366 unum
1012 3302 1063 3367 val
1092 3301 1185 3384 plora
1222 3302 1348 3387 publica

157 3405 377 3470 instrumenta

255 3537 335 3603 Acta
364 3542 439 3602 sunt
470 3537 549 3602 haec
578 3535 803 3618 praesentibus
830 3536 1068 3604 honorabilibus
1090 3539 1182 3622 viris,
1216 3541 1356 3609 dominis

155 3637 254 3702 Adam
276 3636 316 3702 de
338 3636 503 3716 cheticz‚
529 3637 671 3702 Zavissic
694 3636 733 3702 de
755 3637 839 3719 Zap,
861 3639 984 3705 Joanne
1007 3640 1047 3706 de
1069 3639 1357 3722 0616616,(16666·

157 3747 261 3804 torum
274 3738 467 3818 doctoribus,
490 3736 655 3803 Sdencone
671 3737 710 3803 de
734 3737 849 3804 Obrast
871 3740 1040 3821 canonico,
1061 3741 1187 3808 Jcanne
1202 3742 1244 3808 (16
1258 3738 1355 3809 Duba

156 3839 300 3904 citarista
315 3839 468 3904 ecclesiae
485 3838 664 3919 Pragensis,
687 3838 810 3904 Jcanne
826 3839 910 3905 dicto
926 3841 1073 3921 Protiwa,
1095 3841 1234 3925 plebano
1249 3843 1357 3910 66616-

155 3940 221 4004 siae
243 3939 344 4005 666611
367 3938 539 4003 Clementis
556 3939 588 4003 16
603 3940 751 4005 Porziecz
773 3958 874 4005 novae
897 3941 1035 4007 civitatis
1056 3942 1238 4025 Pragensis,
1252 3943 1348 4010 Petro

156 4039 196 4104 de
222 4041 308 4123 Tyn,
342 4040 505 4122 capellano
537 4040 637 4122 ipsius
665 4040 702 4105 D.
737 4041 976 4123 Archicpiscopi
1003 4043 1192 4125 PragensiS,
1223 4050 1256 4110 et
1276 4044 1347 4111 aliis

155 4140 261 4205 multis
283 4140 419 4206 testibus
440 4139 502 4206 fide
532 4141 636 4222 dignis
659 4142 743 4207 circa
765 4144 948 4224 praemissa

253 4276 295 4341 Et
324 4294 383 4356 ego
410 4276 560 4342 Nicolans
589 4277 746 4358 quondam
768 4277 909 4343 Mathiae
937 4277 977 4344 (16
998 4278 1106 4344 Bruna
1128 4277 1338 4346 olomucencis

152 4374 316 4456 dioecesis,
338 4375 483 4459 publicus
504 4377 679 4459 apostolica
701 4384 733 4443 61
759 4377 914 4461 imperiali
936 4379 1127 4446 auctoritate
1150 4381 1337 4449 6616616616
