2992 5258
543 387 682 456 Epistulae
701 388 1009 457 scriptae-constantiae
1028 391 1093 446 1415

787 584 846 661 57.

593 762 769 861 loanni'
786 778 839 861 de
870 776 1037 863 Ohlum.

289 989 450 1052 „Hortatur
467 1007 528 1042 eam
545 1001 570 1042 ot
587 1006 659 1057 suos,
675 1010 710 1045 ne
726 994 865 1055 recedant,
881 996 930 1048 sed
942 995 1027 1062 finem
1044 1002 1197 1062 exspectent
1212 997 1342 1064 nepotir'f‘

702 1144 787 1210 (1415,
805 1146 821 1197 4
838 1144 930 1212 Mart.)

319 1310 468 1375 Gratiose
490 1309 625 1391 domine,
648 1311 741 1377 valde
764 1312 886 1394 gaudeo
909 1313 949 1378 de
971 1316 1118 1391 sanitate,
1141 1312 1181 1377 de
1203 1315 1366 1396 praesenti
1386 1320 1420 1379 et

221 1411 260 1475 de
282 1409 370 1475 fideli
393 1417 427 1475 et
447 1409 589 1491 gratiosa
612 1413 795 1478 constantia
816 1419 924 1478 vestra
946 1412 978 1477 in
1000 1415 1126 1495 labore,
1159 1432 1252 1495 quem
1274 1432 1333 1496 pro
1361 1414 1419 1479 tni·

220 1529 292 1576 sero
315 1511 458 1591 habetiS,
486 1529 579 1592 quam
602 1514 691 1578 vobis
715 1533 791 1594 prae
814 1514 884 1579 aliis
910 1514 989 1579 deus
1012 1517 1174 1597 concepit,
1205 1533 1262 1581 vos
1282 1515 1361 1581 mihi
1386 1515 1419 1579 in

220 1611 396 1693 adjutorem
419 1610 521 1690 dedit,
550 1630 644 1694 spero
675 1612 715 1678 ad
749 1619 891 1678 vestrum
924 1615 1040 1680 bouum
1063 1617 1148 1682 vitae
1179 1615 1360 1698 praesentis
1386 1623 1421 1679 et

219 1721 381 1778 aeternae.
408 1711 502 1776 Unde
525 1730 602 1794 rogo
625 1719 758 1795 propter
780 1713 832 1779 dei
853 1714 1124 1797 misericordiam,
1152 1723 1188 1782 ut
1210 1713 1305 1781 finem
1333 1715 1420 1793 lacti,

220 1812 303 1877 sicut
323 1811 414 1877 miles
425 1812 504 1877 lesu
517 1810 645 1892 Christi,
670 1813 873 1897 exspectetis.
897 1814 934 1879 1).
948 1815 1089 1883 Joannes
1111 1818 1152 1883 de
1168 1816 1338 1894 Jauouicz,
1365 1816 1421 1897 qui

168 1950 171 1957 ·
221 1913 383 1979 nobiscum
406 1913 616 1994 expendebat,
638 1915 666 1979 si
688 1915 769 1979 bene
793 1915 893 1995 valet,
916 1934 994 1998 rogo
1017 1917 1131 1984 habete
1153 1935 1226 1982 eum
1248 1935 1325 1998 erga
1352 1933 1421 1982 vos.

323 2012 469 2077 Nobilem
498 2012 535 2077 D.
562 2014 783 2080 Wenceslaum
812 2016 853 2080 de
883 2015 976 2080 Duba
1005 2016 1144 2083 libenter
1175 2017 1295 2095 sentio,
1326 2004 1425 2096 quem

221 2130 298 2195 rogo
323 2113 470 2178 salutetis
487 2113 683 2178 orationibus
706 2116 784 2180 meis
800 2115 933 2180 reclusis
956 2116 988 2180 iu
1010 2134 1147 2197 carcere,
1172 2124 1205 2182 et
1221 2117 1296 2182 date
1311 2120 1422 2198 grates

222 2214 283 2279 sibi
305 2212 345 2278 de
372 2211 459 2278 fideli
482 2214 691 2294 promotione.
715 2215 833 2280 Omnes
855 2215 934 2281 alios
949 2217 1106 2283 Bohemos
1127 2216 1240 2283 fideles
1262 2215 1422 2283 salutetis.

318 2314 441 2379 Accuso
456 2330 515 2393 me,
539 2313 622 2395 quod
644 2314 756 2379 videns
772 2315 959 2396 magistrum
971 2314 1196 2384 Christaunum
1211 2336 1251 2382 er
1270 2315 1422 2399 abrupto,

220 2434 285 2480 uon
306 2415 396 2496 potui
417 2433 437 2479 a
458 2413 606 2495 lacrimis,
640 2433 720 2496 quae
743 2416 968 2498 erumpebant,
1000 2436 1050 2483 me
1079 2418 1262 2493 continere,
1295 2415 1422 2483 fidelem

220 2516 406 2596 magistrum
428 2532 532 2580 meum
554 2522 588 2579 et
610 2516 779 2598 specialem
802 2517 1040 2582 benefactorem
1052 2517 1172 2583 videns.

321 2615 369 2679 De
392 2615 481 2680 vobis
504 2614 696 2695 audiveram,
720 2617 804 2698 qrrod
826 2635 895 2681 cum
917 2623 986 2683 tota
1007 2617 1124 2683 familia
1145 2617 1200 2683 diu
1227 2618 1413 2684 recessisse·

222 2719 279 2797 tis,
308 2716 368 2781 sed
386 2716 450 2798 jam
474 2716 636 2781 consolata
658 2723 707 2781 est
728 2718 832 2782 anima
861 2736 940 2782 mea.
968 2718 1132 2783 Piissimus
1154 2718 1233 2784 deus
1254 2737 1340 2786 nunc
1367 2736 1421 2784 me

222 2816 412 2894 consolatur,
436 2834 519 2881 nunc
540 2815 717 2895 contristat,
740 2817 798 2880 sed
817 2836 931 2900 spero,
954 2818 1039 2898 quod
1060 2836 1187 2900 semper
1212 2836 1337 2884 mecum
1365 2825 1418 2884 est

222 2920 254 2982 in
276 2917 491 2983 tribulatione.
513 2917 592 2982 Num
615 2919 729 2983 iterum
752 2919 948 2985 horribiliter
970 2918 1013 2983 lui
1035 2924 1169 2983 vexatus
1182 2936 1240 3000 per
1251 2919 1415 2998 cuculum,

222 3038 314 3101 quem
336 3037 504 3100 numquam
525 3019 615 3101 prius
636 3038 749 3103 passus
772 3039 850 3098 sum,
873 3027 906 3084 et
924 3038 1052 3100 gravem
1074 3019 1225 3084 vomitum
1248 3025 1281 3084 et
1297 3017 1417 3085 febres.

221 3120 292 3185 Jam
315 3118 463 3185 custodes
475 3119 639 3199 timebant,
662 3139 702 3185 ne
713 3139 864 3199 morerer,
880 3121 935 3201 qui
947 3119 1126 3184 eduxerunt
1143 3117 1198 3183 'me
1221 3119 1261 3184 de
1280 3138 1419 3186 carcere.

320 3222 453 3286 Articuli
484 3223 573 3287 multi
596 3222 636 3286 do
658 3240 750 3287 sacco
772 3221 943 3299 mendacii,
977 3221 1085 3285 etalii
1108 3220 1148 3285 dc
1171 3220 1281 3286 eodem
1311 3238 1416 3293 sacco,

221 3323 303 3386 sicut
326 3329 358 3386 et
379 3321 433 3399 illi,
456 3339 589 3402 quorum
613 3322 736 3387 habetis
758 3321 993 3403 responsiones
1016 3326 1092 3385 sunt
1107 3320 1183 3384 mihi
1205 3338 1289 3385 nunc
1305 3320 1415 3386 oblati.

222 3422 264 3486 Et
284 3421 325 3487 ad
346 3429 484 3486 vestram
506 3424 648 3489 chartam
673 3440 735 3487 uon
757 3422 858 3487 audeo
881 3421 1023 3487 scribere
1046 3420 1272 3501 responsiones
1294 3421 1335 3486 ud
1369 3440 1420 3487 ar·

222 3522 335 3588 ticulos
357 3524 570 3602 Parisicnses,
599 3523 674 3602 quia
702 3540 765 3588 uon
794 3540 919 3603 possem
949 3528 1081 3604 propter
1110 3521 1286 3586 custodiam
1314 3523 1421 3588 occul·

224 3632 309 3700 tare;
342 3639 418 3703 ergo
440 3622 653 3704 supersedere
675 3624 792 3687 bonum
815 3629 866 3688 est
893 3629 1028 3704 propter
1056 3621 1217 3685 vitandum
1244 3621 1421 3702 periculum

223 3720 1242 3804 mmfflmfflmmm„

323 3822 474 3887 Libenter
496 3840 552 3887 vos
575 3823 713 3887 viderem
736 3841 807 3888 cum
830 3823 866 3887 D.
890 3822 1077 3887 Wenceslao
1100 3828 1134 3885 et
1155 3821 1196 3884 M.
1218 3819 1420 3888 Christanno.

223 3923 379 4003 Aestimo,
402 3924 526 4004 quando
548 3924 689 3988 feceritis
712 3925 844 3988 verbum
865 3922 1111 3989 vicecamerario
1134 3921 1299 4002 episcopo,
1336 3921 1421 4004 quod

223 4025 277 4089 ille
300 4041 356 4088 vos
385 4024 480 4089 faciet
502 4024 734 4103 intromittere,
766 4032 798 4088 et
833 4032 961 4104 oportet
983 4041 1038 4087 vos
1067 4021 1179 4085 saltem
1202 4020 1300 4086 latine
1331 4021 1419 4102 loqui

224 4143 328 4190 coram
352 4124 555 4204 custodibus,
585 4124 699 4205 quibus
722 4124 754 4186 in
783 4141 913 4187 recessu
937 4124 1032 4187 Pater
1054 4127 1161 4186 vester
1185 4120 1273 4185 dabit
1296 4121 1421 4187 bibulas

223 4244 281 4308 pro
304 4226 425 4290 honore
447 4216 562 4289 vestro.
591 4224 661 4287 Non
684 4242 754 4288 sum
782 4241 878 4288 ausus
901 4222 1052 4288 articulos
1081 4221 1223 4285 retinere
1245 4220 1331 4302 apud
1359 4239 1421 4285 me.

224 4326 381 4408 Scriptum
404 4323 679 4406 supermandatis
703 4323 762 4389 Dei
784 4324 907 4389 faciatis
930 4323 1057 4404 copiare
1079 4323 1220 4386 Petrum.

323 4425 372 4490 Ad
393 4425 544 4490 articulos
567 4423 755 4488 Parisionsis
778 4423 973 4502 cancellarii,
1003 4423 1030 4488 si
1053 4423 1175 4501 vixero,
1211 4420 1358 4487 scribam.
1390 4420 1421 4486 si

225 4543 300 4592 vero
332 4527 460 4607 moriar,
488 4525 567 4592 deus
594 4525 628 4588 in
657 4524 708 4589 die
726 4524 840 4607 judicii
870 4525 989 4591 scribet
1011 4523 1043 4588 iu
1066 4523 1241 4588 manifesto.
1285 4510 1422 4603 Zelezny

224 4627 285 4692 lun
308 4628 415 4692 nescio
439 4626 493 4692 ubi
516 4632 576 4704 est,
599 4623 701 4690 tidelis
723 4626 756 4689 in
780 4625 908 4691 Christo
930 4624 1039 4690 irater.
