2992 5258
398 423 475 479 aucis
494 422 659 480 1412-1414
676 438 709 480 ex
727 423 816 480 exilio.
849 426 890 481 26.
907 429 948 482 27.
1231 435 1271 498 55

81 623 194 706 urere,
209 615 288 691 'nisi
310 625 350 692 ad
382 625 609 709 poenitentiam
638 645 689 693 me
710 635 743 694 ει
764 628 842 695 alios
875 629 992 713 possim
1026 633 1198 699 secundum
1219 633 1271 699 dei

82 726 311 809 beneplacitum
332 744 515 809 provocare.
545 727 614 794 Hoc
635 728 738 816 ipsum
760 734 792 796 et
814 730 903 795 vobis
925 737 1010 813 opto,
1034 739 1067 798 at
1087 730 1199 799 hortor
1214 752 1271 801 vos

81 825 261 893 mcbmsto
282 828 360 894 ιΙεειι
383 848 452 895 cum
474 828 618 919 omnibus
639 829 755 895 vestris
772 831 1041 913 commensalibus,
1066 838 1101 898 ut
1122 834 1192 918 sitis
1215 854 1270 917 pa-

82 930 139 997 rati
160 922 202 994 ad
224 930 392 1013 proelium,
416 930 488 1012 quia
510 929 611 1013 primo
633 929 1021 1013 inceperuntdntichristi
1036 932 1209 1016 praeludia,
1231 935 1271 1001 ad

82 1048 160 1113 quae
181 1031 285 1114 primo
306 1037 519 1113 consequetur
540 1049 654 1114 pugna
691 1031 734 1097 Et
754 1037 891 1115 oportet,
914 1033 997 1115 quod
1012 1035 1098 1099 Auca
1120 1033 1186 1100 alas
1207 1053 1271 1102 mo·

82 1137 152 1197 reat
174 1138 287 1198 contra
308 1132 374 1198 alas
386 1133 550 1214 Vehemot,
573 1138 606 1198 et
627 1137 740 1199 contra
761 1133 900 1214 caudam,
923 1153 1003 1216 qnae
1019 1152 1145 1218 semper
1159 1153 1273 1219 coope-

83 1234 122 1300 rit
143 1232 409 1299 abominationem
430 1233 553 1300 bestiae
576 1233 771 1299 Antichristi.
817 1235 893 1313 Quis
915 1240 966 1301 εει
987 1235 1109 1301 cauda?
1133 1235 1275 1302 ostendit

83 1336 249 1418 propheta,
271 1334 396 1401 diceus:
417 1335 576 1419 propbeta
595 1334 711 1426 docens
733 1335 929 1402 mendacium
951 1335 1020 1418 ipse
1040 1341 1090 1401 εει
1111 1336 1218 1420 cauda,
1242 1343 1275 1402 ει

84 1435 277 1501 honorabilis
299 1453 396 1501 senar
426 1424 495 1519 ipse
529 1442 578 1502 εει
611 1443 720 1519 caput3
764 1436 928 1520 disperdet
959 1436 1103 1523 dominus
1125 1442 1275 1520 caputet

85 1537 221 1616 caudam,
254 1536 275 1600 i.
304 1554 332 1602 e.
365 1554 478 1619 papam
500 1542 533 1602 et
555 1537 624 1620 ejus
646 1536 828 1622 propbetas,
862 1539 1039 1620 magistros
1073 1538 1220 1604 doctores
1243 1544 1275 1604 et

82 1637 220 1720 jur-istas,
254 1637 307 1719 qui
330 1637 409 1704 ialso
438 1638 564 1703 nomine
594 1639 773 1704 sanctitatis
801 1639 989 1720 cooperiunt
1010 1638 1274 1705 abominationem

84 1738 211 1803 bustim.
256 1739 342 1816 Quae
364 1755 442 1819 rogo
464 1738 565 1821 major
592 1739 792 1820 abominatio,
826 1756 918 1822 quam
951 1740 978 1804 si
999 1739 1150 1824 meretrix
1173 1738 1275 1805 disco·

84 1836 255 1922 operiendo
277 1856 312 1904 εε
334 1844 432 1904 totam
446 1838 578 1905 iuferius
595 1840 721 1922 publice
737 1845 949 1923 parataesset
965 1839 1095 1905 cuilibet
1110 1840 1163 1922 qui
1177 1839 1275 1906 vellet

84 1956 150 2005 oum
172 1956 213 2004 ea
233 1938 405 2005 fornicari?
448 1939 558 2005 Adbuc
590 1941 690 2022 major
720 1946 770 2006 est
800 1940 992 2006 abominatio
1028 1939 1159 2020 bestiae,
1193 1957 1275 2021 quac

83 2046 191 2122 parata
213 2047 264 2105 eat
278 2058 475 2122 quocumque
497 2042 645 2107 veniente
666 2041 802 2122 adorari,
827 2041 942 2107 sedens
963 2042 997 2106 in
1019 2042 1088 2108 looo
1101 2040 1276 2122 dignitatis,
1384 2056 1390 2071 ·

84 2132 169 2223 quasi
191 2142 235 2206 ait
256 2141 344 2220 deus,
367 2148 400 2207 et
421 2141 561 2207 existens
584 2147 695 2224 parata
716 2142 862 2223 vendere,
886 2140 1038 2224 quidquid
1053 2141 1190 2207 voluerit
1207 2141 1278 2223 quis

84 2258 187 2307 emere
208 2242 240 2306 in
264 2242 500 2323 spiritualiora
528 2248 561 2308 ει
582 2241 692 2307 vendit
712 2241 754 2320 id,
784 2241 869 2325 quod
890 2261 953 2309 non
976 2242 1080 2308 habet.
1105 2241 1171 2307 Vae
1201 2240 1277 2305 milri

84 2358 167 2422 ergo,
201 2341 229 2406 si
262 2358 360 2425 super
381 2344 444 2408 ista
464 2343 697 2408 abominatione
719 2359 782 2407 non
803 2342 1039 2424 praedicavero,
1073 2360 1136 2408 uon
1159 2340 1276 2407 flevero

85 2448 115 2505 ot
134 2458 199 2506 non
220 2443 397 2525 scripserat
425 2442 503 2507 Mihi
525 2459 592 2521 rae,
615 2459 672 2506 ros
694 2441 846 2521 videritis,
869 2443 920 2508 cui
942 2461 1005 2507 non
1028 2449 1078 2507 εει
1101 2461 1165 2507 vae.
1207 2441 1277 2506 Cla·

85 2546 146 2606 mat
164 2543 274 2623 aquila
293 2543 445 2608 volitans:
467 2561 535 2623 rae,
556 2561 624 2623 vae,
635 2561 694 2608 vac
705 2543 883 2609 hominibus
895 2540 1111 2610 habitantibus
1124 2545 1157 2608 in
1172 2543 1276 2609 terra!

179 2640 210 2695 E
223 2640 630 2709 Ms.oaa·oerac.1²raa.111,
650 2642 684 2696 d.
705 2641 733 2709 6,
746 2643 791 2712 fol
818 2642 862 2697 15.

180 2724 261 2779 aaa.
278 2725 309 2779 a
328 2725 401 2795 opp.
419 2724 495 2780 aaa.
512 2726 540 2788 1,
556 2722 593 2779 aa
611 2726 634 2794 a
650 2724 710 2780 ua.
744 2725 843 2796 mapa
860 2728 903 2790 ιι,
921 2725 988 2780 222.

654 3086 714 3163 27.

529 3278 851 3366 Eidem.

89 3494 245 3550 letotia
262 3495 428 3563 ιιεοιορίεαι
447 3499 592 3552 confilium
608 3514 637 3549 ae
648 3513 732 3565 qaam
749 3497 871 3549 munima
882 3511 1011 3565 respuere
1022 3497 1126 3559 scribit,
1149 3496 1281 3550 adverso·

89 3580 218 3633 rioaaoooa
230 3577 376 3632 Palatium
388 3588 413 3632 ει
426 3578 609 3641 &cablaam
619 3583 668 3649 pati
679 3589 764 3634 antea
774 3580 903 3634 εενὶιαιιε
912 3587 1038 3632 amantea
1045 3577 1162 3648 fuerint,
1181 3582 1280 3633 timore

88 3678 229 3730 pereum
245 3663 412 3715 amentiam
428 3672 549 3717 mutam
572 3672 597 3716 et
620 3663 661 3716 od
674 3678 772 3732 papae
797 3663 986 3717 ammonem
1003 3680 1031 3716 ae
1050 3664 1214 3716 εὀπυενιίεεε
1231 3662 1278 3715 de-

89 3748 187 3809 aava,
205 3745 404 3801 arianarum
414 3754 506 3805 autem
515 3749 633 3815 elipeum
650 3755 749 3800 eonem
760 3745 964 3801 misteriorum
974 3746 1165 3816 scrofularum
1177 3755 1280 3815 operat

650 3914 723 3969 1413.

722 4079 872 4150 „Scriptum
889 4080 928 4136 Μ.
947 4082 1044 4137 Joann.
1062 4079 1105 4135 Μο
1122 4080 1181 4135 Cr.“

185 4249 279 4318 Salus
300 4269 320 4315 a
340 4248 466 4315 domino
487 4250 567 4316 lesu
589 4248 729 4316 Christo!
775 4248 948 4315 Consilium
980 4248 1139 4315 facultatis
1162 4250 1283 4316 theolo-

90 4354 187 4433 gicae,
207 4351 237 4418 si
258 4356 376 4418 starem
398 4357 473 4418 ante
495 4351 600 4433 ignem
636 4351 713 4417 mihi
745 4357 978 4435 praeparatum,
1003 4352 1134 4434 juvante
1157 4350 1283 4416 Christo

91 4453 214 4520 domim
236 4470 301 4517 non
323 4451 510 4535 acceptabo;
553 4458 586 4519 ει
607 4454 702 4535 spero
724 4452 808 4535 quod
835 4470 920 4517 mors
942 4453 1031 4535 prius
1052 4451 1104 4517 vel
1135 4470 1201 4532 me,
1233 4450 1284 4516 vel

92 4553 170 4620 dnos
190 4571 322 4621 aversos
343 4573 363 4619 a
383 4554 519 4620 rerimte
540 4553 580 4619 ad
602 4554 723 4620 coelum
746 4555 797 4620 vel
817 4554 858 4620 ad
879 4552 1037 4619 internum
1048 4553 1173 4635 diriget,
1195 4558 1284 4621 ante-

89 4672 180 4736 quam
195 4670 318 4722 uorum·
334 4654 513 4722 sententiae
534 4654 739 4721 consentiam.
785 4653 926 4736 Cognovi
948 4653 1032 4722 enim
1052 4651 1171 4735 aulos,
1199 4651 1284 4734 quod
