2992 5258
255 402 339 473 aegra
357 408 385 458 et
400 404 511 471 reginae
529 403 568 458 llt.
586 402 621 458 ad
638 404 712 459 card
732 398 762 444 ·'-
779 407 821 460 ab.
840 405 924 473 Regis
942 404 979 460 lit
998 403 1033 459 ad
1049 405 1075 459 J.
1095 404 1206 459 Nasum.
1262 409 1324 474 425

703 606 740 672 D.

402 756 516 843 Rapina
539 755 656 843 Sophia
677 756 814 843 oollapio
835 756 1047 824 cardinalium.

327 941 610 1011 Reverendissimis
632 943 664 1006 in
677 941 803 1007 Christo
826 941 970 1025 patribus
983 948 1026 1008 'ct
1042 941 1177 1008 dominis
1193 941 1233 1007 D.
1246 942 1324 1008 Car·

412 1042 570 1110 dinalibus
592 1049 721 1109 sanetae
744 1042 902 1109 Romanae
925 1042 1087 1110 ecclesiae.

227 1197 327 1264 Resml
348 1196 472 1280 patroal
518 1193 584 1259 pm
615 1192 777 1260 humiliter
799 1201 832 1260 et
854 1212 893 1259 ex
914 1194 1018 1261 animo
1041 1212 1189 1276 rogamus
1213 1193 1325 1271 uere,

126 1301 214 1383 prins
226 1298 347 1382 scripta
359 1295 419 1362 V¹¹⁸
431 1293 535 1360 Papa.
564 1294 596 1359 in
611 1293 794 1359 memoriam
809 1293 1000 1376 reducendo,
1016 1289 1174 1378 quatenus
1189 1304 1323 1380 propter

126 1400 281 1467 honorem
301 1397 363 1477 dei,
385 1401 518 1480 propter
540 1393 675 1460 salutem
690 1400 724 1459 et
738 1395 880 1474 quietem
895 1396 1014 1479 populi,
1037 1414 1097 1463 nac
1110 1415 1175 1463 non
1190 1402 1323 1478 propter

128 1500 220 1567 nobis
250 1504 373 1582 gratam
402 1494 671 1579 complacentiam,
701 1494 741 1559 dc
769 1495 835 1560 litis
857 1495 1088 1580 exstirpatione
1111 1496 1188 1563 cleri
1210 1497 1322 1578 nostri,

128 1608 158 1667 et
196 1600 237 1666 de
283 1596 521 1665 confirmatione
556 1595 696 1678 capellae
736 1595 900 1661 Bethleem
930 1614 988 1679 pro
1025 1597 1067 1662 hl.
1096 1597 1221 1664 Joannc
1253 1596 1323 1664 Hus

126 1708 158 1768 et
179 1700 221 1766 de
244 1717 308 1766 non
330 1696 560 1781 competitione
584 1695 747 1778 personali
770 1697 912 1778 ejusdem
927 1697 1083 1780 capellani
1098 1699 1202 1766 nostri
1216 1698 1323 1765 devoti

125 1801 231 1868 dilecti
255 1798 425 1884 providere
447 1797 621 1880 gratiosius
643 1797 840 1879 dignaretur.
886 1798 974 1864 Alias
996 1799 1141 1865 domiuus
1158 1807 1191 1865 et
1207 1799 1322 1883 conjux

125 1909 234 1968 noster
266 1900 473 1968 wenceslaus
506 1901 719 1966 Romanorum
765 1918 822 1964 rex
866 1906 899 1965 et
931 1899 1103 1965 Bohemiae
1145 1917 1222 1980 rex,
1258 1898 1321 1964 nisi

126 2000 192 2065 vm
216 2001 330 2067 Rev¹¹¹⁰
356 2006 448 2083 grate
469 2000 553 2067 facta
575 1999 854 2082 complanaverint,
878 2019 937 2083 per
959 2018 993 2067 se
1017 2019 1078 2066 una
1100 1999 1261 2067 nobiscum
1284 2017 1323 2068 ac

126 2101 307 2181 baronibus,
319 2121 360 2168 nc
372 2099 507 2183 amplius
520 2099 691 2167 insolescat
705 2099 905 2182 disturbium,
927 2100 968 2167 de
980 2105 1161 2184 opportuno
1177 2100 1319 2168 remedio

124 2202 314 2285 providebit.
356 2201 426 2267 Hoc
449 2201 508 2265 V¹¹⁸
531 2200 635 2265 Reu²¹¹⁸
667 2220 706 2266 ex
739 2201 870 2285 speciali
900 2201 1092 2269 confidentia
1125 2201 1321 2284 scripsimus,

124 2300 239 2367 futuris
266 2302 358 2367 malis
389 2302 471 2369 viam
505 2301 713 2384 praecludere
750 2301 945 2369 affectantes.
989 2303 1105 2369 Datum
1127 2303 1249 2387 Pragac
1270 2301 1322 2368 die

123 2399 165 2468 2⁰
184 2403 301 2470 mensis
324 2402 480 2469 Octobris.

323 2519 441 2604 Sophia
462 2520 513 2588 dei
535 2519 639 2603 gratia
661 2518 774 2601 regina
794 2518 966 2587 Bohemiae

1121 2617 1170 2672 per
1187 2618 1225 2657 sc.

627 2728 823 2737 ———

689 2865 750 2940 35.

77 3040 216 3139 Rex
256 3053 537 3141 Wonceslaus
570 3056 736 3176 doctori
776 3057 937 3142 ioanni
964 3057 1083 3143 Naso
1127 3059 1317 3163 mandat,

77 3192 140 3264 Ut
192 3193 402 3277 librorum
431 3191 772 3275 combustionem
798 3195 1029 3302 prohibeat
1056 3223 1319 3305 operamque

77 3305 215 3433 det,
247 3338 295 3411 ut
321 3325 378 3410 M.
406 3325 501 3409 Hus
530 3327 732 3410 citatione
768 3329 1017 3413 absolvatur
1045 3331 1168 3440 eique
1194 3358 1321 3439 prae-

362 3460 565 3545 dicatoris
596 3491 771 3545 munere
798 3464 920 3577 fungi
946 3465 1086 3549 liceat.

561 3672 673 3744 Pragae,
694 3679 767 3745 1410,
787 3682 798 3731 l
819 3677 876 3732 Oct.

470 3924 519 3990 (E
534 3926 596 3982 MS.
623 3927 721 3983 Viaco.
739 3925 826 3992 4902,
837 3930 864 3997 s.
882 3929 963 3996 120.)

318 4180 524 4247 wenceslaus
547 4181 599 4248 dei
619 4184 723 4264 gratia
744 4184 958 4250 Romanorum
979 4204 1036 4251 rex
1058 4204 1185 4270 semper
1213 4188 1320 4267 Augu-

418 4287 487 4348 stus
511 4290 543 4349 et
565 4283 737 4351 Bohemiae
760 4303 827 4351 rex.

151 4519 157 4532 .
218 4430 338 4497 lineus
366 4432 481 4500 devote
512 4433 645 4500 dilectet
692 4432 858 4501 Fidelitati
886 4443 959 4504 tuae
981 4456 1040 4520 pro
1062 4440 1224 4522 praesenti
1247 4457 1319 4522 ape·

135 4527 247 4597 trahor
274 4531 478 4615 injungimus,
507 4541 543 4600 ut
572 4534 612 4601 de
639 4535 761 4602 honore
790 4545 902 4604 nostro
933 4538 1016 4603 sicut
1037 4538 1190 4605 intimasti
1212 4541 1318 4623 provi·

134 4620 205 4712 dena
232 4633 420 4715 praesertim
460 4639 496 4700 ut
526 4635 612 4702 nulla
640 4636 794 4706 librorum
822 4636 877 4708 fiat
907 4638 1092 4722 combustio,
1120 4649 1153 4710 et
1174 4641 1259 4723 quod
1280 4641 1319 4712 lis
