2992 5258
333 417 335 421 ·
428 391 506 446 annis
526 389 908 445 1408-1412anteexilium.
942 391 967 443 5.
1260 393 1292 453 11

105 614 216 678 speros
237 616 297 680 per
318 615 407 662 suam
428 593 679 660 misericordiam
701 593 791 658 vobis
806 592 957 658 succedat
977 610 1154 672 successus,
1178 596 1213 656 ut
1227 608 1297 655 car·

105 715 184 776 nem,
207 696 357 762 mundum
379 702 412 761 et
434 694 593 760 diabolum
614 693 745 776 possitis
768 694 915 765 vincere.¹
1300 766 1303 775 ¹

202 796 281 875 Hor,
310 795 481 874 carissimi,
514 793 804 860 animadvertentes
833 799 1043 873 mementote,
1077 812 1117 860 ue
1150 810 1208 874 per
1241 808 1297 856 vos

104 897 211 978 aliqua
243 897 422 976 schismata,
456 894 670 978 proditiones,
699 893 852 973 invidiae,
883 893 949 958 irae
976 900 1037 959 etc.
1069 893 1221 959 oriantur.
1264 891 1297 956 si

105 998 175 1079 quis
198 997 283 1062 iuter
305 1015 362 1062 vos
384 1002 435 1061 est
456 992 667 1060 intractabilis
690 999 723 1058 et
744 993 975 1059 discordiarum
997 995 1186 1072 seminator,
1215 994 1298 1058 huuc

104 1099 259 1163 intervos
282 1105 440 1178 tamquam
462 1095 593 1162 fratrem
615 1097 786 1177 coarguite.
831 1095 944 1161 Coram
963 1094 1082 1177 jndicio
1106 1114 1145 1160 ue
1167 1101 1296 1159 conten-

104 1198 196 1277 datiS,
218 1217 291 1263 nam
312 1198 462 1279 utrinque
483 1215 630 1276 magnum
652 1190 876 1261 detrimentum
903 1194 939 1260 fit
961 1195 993 1259 in
1014 1195 1135 1271 anima,
1165 1213 1298 1277 corpore

105 1305 137 1363 et
146 1298 271 1380 opibus.
294 1295 426 1363 Studete
448 1297 548 1378 magis
563 1296 720 1378 injuriam,
742 1314 823 1378 quae
845 1295 881 1361 fit
895 1295 964 1377 deo,
990 1315 1083 1378 quam
1098 1314 1179 1377 quae
1197 1296 1296 1376 vohis,

104 1399 275 1465 vindicare.
299 1399 336 1463 ln
358 1416 420 1479 quo
442 1399 524 1481 proh
546 1396 638 1463 dolor
660 1401 747 1463 totus
768 1396 903 1461 mundus
920 1403 1016 1476 errat,
1040 1396 1124 1478 quod
1145 1397 1296 1462 mortales

105 1501 205 1581 magis
227 1517 317 1565 suam
347 1499 503 1580 injuriam,
526 1516 618 1579 quam
641 1496 706 1576 dci,
736 1496 897 1563 vindicare
919 1497 1059 1579 eupiunt.
1098 1496 1194 1564 'Hanc
1216 1497 1297 1564 viam

104 1601 238 1666 maxime
268 1599 484 1664 Antichristus
513 1604 697 1681 praeparat,
727 1604 760 1664 et
789 1597 921 1681 pulchre
950 1599 1076 1677 sternit,
1110 1599 1298 1681 praesertim

104 1700 194 1765 uobis
224 1699 461 1778 sacerdotibus,
491 1700 544 1780 qui
573 1699 732 1777 volumus,
762 1706 798 1763 ut
819 1699 977 1764 hominum
1004 1705 1125 1765 statuta
1158 1699 1298 1765 exactius

104 1820 195 1883 quam
218 1801 350 1867 verbum
371 1799 424 1864 dei
446 1805 623 1864 serventur.
668 1798 751 1864 Ecce
781 1799 832 1864 hic
854 1798 1017 1880 sacerdos,
1046 1801 1218 1866 monachus
1244 1809 1300 1865 aut

106 1901 268 1984 praelatus
284 1900 469 1966 moechatur
482 1906 539 1965 aut
553 1898 761 1979 adulteratur,
792 1899 851 1964 hoc
872 1899 993 1965 facinus
1015 1901 1143 1982 impune
1165 1901 1241 1978 abit,
1268 1908 1301 1966 et

106 2003 133 2066 si
155 2001 231 2082 quid
252 2001 343 2082 juxta
372 2000 567 2066 voluntatem
595 2017 683 2064 suam
706 1998 813 2079 docet,
843 2000 903 2065 hoc
925 2001 992 2066 vult
1018 2001 1078 2065 sub
1093 2001 1300 2083 ‚anathemate

105 2102 278 2168 observari.
323 2101 490 2167 Seculares
518 2099 678 2179 similiter,
708 2099 735 2163 si
768 2100 839 2181 quis
868 2100 961 2166 deum
991 2100 1163 2183 opprobrio
1192 2099 1299 2176 afficit

104 2223 166 2269 nou
188 2203 342 2286 puniunt:
375 2201 432 2285 sed
454 2202 481 2265 si
504 2202 575 2283 quis
597 2200 674 2266 dicit
701 2200 741 2266 ad
761 2200 849 2266 illos:
881 2208 1009 2283 ,patres
1032 2202 1220 2284 conscripti,
1253 2201 1300 2265 in·

103 2307 187 2386 juste
209 2323 261 2369 me
278 2302 529 2379 condemnatis,“
554 2301 638 2383 quod
660 2302 787 2383 saepius
808 2302 855 2367 ita
883 2301 928 2381 fit,
961 2308 1037 2366 tuuc
1069 2301 1182 2384 gladio,
1216 2301 1300 2384 quod

102 2404 225 2486 judices
246 2403 423 2485 injustitiae
446 2408 570 2484 ar'guat,
593 2401 738 2484 puniunt.

203 2503 272 2584 Ego
295 2510 401 2569 autem
423 2504 457 2568 iu
480 2502 614 2568 Domino
638 2499 770 2580 confido,
793 2500 877 2582 quod
898 2501 939 2567 ab
960 2502 1031 2566 istis
1046 2503 1136 2567 malis
1151 2521 1207 2568 vos
1222 2502 1300 2569 lihe-

106 2604 197 2682 rahit,
220 2610 257 2669 ut
277 2603 378 2684 magis
399 2603 484 2669 illius
506 2602 609 2684 legem
632 2601 835 2681 custodiatis,
864 2619 957 2682 quam
987 2607 1107 2669 statuta
1130 2604 1300 2668 hominum.

104 2704 194 2770 Hanc
215 2723 288 2771 cum
310 2703 525 2781 servaveritis,
558 2720 651 2769 nemo
673 2702 764 2768 vohis
786 2719 903 2768 nocere
927 2703 1054 2784 poterit.
1081 2702 1214 2783 Idcirco,
1249 2722 1299 2770 ca·

105 2804 239 2883 rissimi,
272 2803 566 2869 habete-rationem
589 2821 697 2867 earum
720 2821 843 2881 rerum,
874 2820 955 2883 quae
977 2809 1052 2869 suot
1073 2811 1238 2884 aeternae,
1268 2811 1302 2870 et

105 2922 183 2986 quae
205 2922 375 2985 numquam
403 2911 548 2984 pereunt.
592 2903 682 2968 Duae
705 2904 786 2967 enim
816 2910 890 2968 sunt
920 2922 988 2981 res,
1018 2903 1238 2970 condemnatio
1268 2912 1301 2970 et

106 3005 168 3070 vim
188 3008 332 3070 aeterua.
375 3003 412 3068 lo
435 3003 698 3070 condemnatione
720 3003 803 3084 ignis
826 3010 1016 3086 perpetuus,
1046 3006 1208 3085 tenebrae,
1231 3024 1300 3072 cru·

107 3105 206 3170 ciatus
226 3103 351 3185 iugens,
375 3109 502 3169 etcum
524 3103 658 3169 diabolis
680 3104 876 3185 sempiterna
896 3104 1027 3170 inustio.
1049 3105 1086 3169 ln
1109 3105 1173 3170 vita
1194 3112 1300 3170 autem

107 3211 237 3270 aeterna
250 3203 399 3285 gaudium
418 3203 604 3286 perlectum,
627 3204 689 3282 lux,
711 3203 764 3269 ubi
781 3204 886 3269 nullus
901 3204 992 3269 dolor
1014 3223 1118 3286 neque
1133 3206 1301 3283 cruciatus,

108 3312 138 3369 et
157 3323 230 3370 eum
252 3303 322 3386 ipso
345 3303 405 3369 deo
426 3304 612 3385 angelisque
635 3305 703 3384 ejus
725 3306 934 3371 conversatio.
967 3306 1011 3370 Ut
1033 3313 1161 3372 sauctus
1184 3306 1301 3372 Paulus

110 3404 196 3471 dicit:
219 3403 312 3482 Quod
334 3404 445 3470 oculus
467 3422 531 3469 non
554 3405 633 3470 vidit
656 3411 689 3469 et
710 3406 796 3470 auris
819 3423 882 3471 uon
904 3405 1034 3486 audivit,
1066 3426 1169 3489 neque
1191 3408 1223 3472 iu
1246 3426 1302 3472 eor

108 3505 240 3571 hominis
262 3504 447 3586 (intelligite
468 3505 519 3570 hic
538 3505 673 3571 hominis
699 3505 854 3587 plenarie)
876 3507 1029 3587 aseendit,
1065 3508 1145 3573 deus
1167 3508 1300 3590 diligen-

108 3606 189 3670 tibus
212 3623 249 3670 so
271 3605 483 3688 praeparavit
527 3605 619 3670 Beati
649 3623 726 3686 ergo
754 3607 888 3685 erimus,
918 3606 991 3673 dum
1021 3608 1218 3674 beatitudine
1248 3608 1302 3674 illa

108 3704 256 3783 fruemur,
280 3704 333 3769 uhi
356 3704 501 3786 perlecta
522 3704 650 3771 dilectio
674 3706 752 3779 erit3
780 3705 825 3770 ibi
848 3706 931 3770 enim
953 3708 1139 3788 videbimus
1168 3709 1238 3790 quis
1261 3710 1302 3774 sit

107 3803 402 3884 anathematizatus,
425 3804 593 3870 damnatus
616 3811 649 3871 et
664 3804 866 3883 maledictum
890 3806 933 3871 ihi
949 3809 1054 3872 omnia
1076 3817 1302 3890 peecatamme

106 3906 136 3971 in
158 3905 256 3972 corde
286 3905 447 3970 hominum
478 3905 612 3971 latentia
638 3906 889 3988 conspicientem
922 3907 965 3973 ibi
1000 3909 1063 3974 tale
1091 3909 1240 3991 gaudium
1269 3917 1303 3973 et

107 4006 357 4072 consolationem
379 4005 592 4087 experiemur.
615 4025 677 4086 qua
699 4025 866 4088 numquam
889 4009 1098 4088 privabimur;
1125 4015 1158 4074 et
1179 4009 1205 4072 si
1227 4008 1302 4090 quid

107 4107 155 4175 hic
176 4114 310 4190 propter
334 4106 495 4172 Christum
518 4108 685 4189 patiemur,
717 4109 803 4175 beati
826 4111 952 4174 erimus.
995 4109 1074 4175 Nam
1096 4128 1155 4191 per
1177 4126 1301 4174 crucem

107 4217 139 4273 et
160 4206 362 4285 afflictiones
385 4208 469 4272 sicut
490 4226 600 4272 aurum
623 4210 706 4289 igne,
730 4209 902 4291 probamur
921 4209 1021 4289 labro,
1044 4210 1098 4290 qui
1122 4209 1301 4272 universum

106 4308 256 4373 mundum
272 4326 312 4373 er
329 4308 428 4373 nihilo
444 4308 594 4373 condidit.
618 4308 709 4374 Beati
732 4309 830 4389 igitur
852 4309 979 4388 erimus,
1003 4310 1029 4373 si
1050 4310 1083 4373 io
1105 4309 1187 4374 hono
1203 4325 1301 4391 usque

107 4406 259 4474 adfinem
283 4409 605 4490 perseveraverimus.

202 4508 304 4589 Haec,
327 4509 490 4588 carissimi,
512 4510 660 4587 scientes,
684 4509 768 4591 quod
787 4508 923 4575 nurudus
946 4510 978 4573 iu
998 4509 1091 4592 pejus
1113 4517 1194 4592 ruat,
1217 4530 1301 4576 mors

105 4609 308 4692 proforibus
331 4609 383 4689 sit,
406 4615 439 4673 et
461 4626 519 4674 uos
541 4609 631 4674 brevi
661 4609 734 4675 hinc
756 4611 923 4691 migraturi
945 4611 1060 4691 simus,
1089 4612 1225 4694 primum
1249 4611 1301 4696 pie
