2992 5258
547 420 735 505 Depositiones
752 422 868 476 testium
890 425 961 476 1414.
1293 424 1350 487 185

163 620 253 707 stri.
297 621 419 699 Quidum
446 641 500 703 epo
520 622 662 684 Joounes
685 623 759 684 Hos
781 622 858 692 disci,
895 622 975 703 qaod
996 621 1028 683 S.
1049 622 1196 697 Joouues,
1214 621 1350 702 corpsc-

163 730 279 785 rtomus
300 723 378 785 &clm
398 729 485 784 uocat
499 717 622 794 attollor,
638 723 689 802 poi
703 731 848 802 appetunt
854 723 1074 805 jurameutum
1088 741 1181 801 super
1195 728 1350 799 aratura,

165 824 251 902 priori
272 824 378 902 majus
391 823 433 882 sit
444 823 560 905 jurare
583 843 643 902 per
663 831 851 902 creaturam,
874 843 968 903 quom
977 842 1036 903 por
1050 820 1150 882 deuna
1180 820 1228 883 Et
1241 820 1352 881 statim

164 923 299 985 uuum
318 922 355 983 a
374 922 593 1003 pressatum
614 924 740 985 nomem
753 923 839 986 usu
859 920 946 984 dou
957 906 1094 1004 suone:
1122 921 1165 982 ua
1185 921 1355 1001 mopiscer!

165 1042 215 1083 uos
242 1022 370 1085 sensistis
398 1023 457 1084 ooo
482 1021 758 1096 atandrensium,
792 1040 857 1085 noa
877 1022 922 1085 ad
943 1020 1148 1104 operosa.
1192 1018 1251 1082 eos·
1273 1018 1351 1080 dei:

164 1121 242 1184 Ecce
262 1142 315 1183 uros
329 1121 423 1184 uultu
443 1123 540 1184 istum
561 1121 753 1184 sacerdotem
777 1123 992 1202 condemnaro,
1015 1121 1147 1184 diceutes
1168 1140 1238 1182 eum
1252 1127 1362 1193 tenere,

166 1240 299 1282 moron
328 1221 558 1294 Woldeurium,
595 1223 710 1302 etipse
733 1223 854 1302 purast
874 1224 959 1286 uobis
974 1243 1034 1305 per
1054 1223 1160 1285 dmm:
1192 1226 1276 1284 estne
1297 1219 1353 1281 ltoo

161 1318 303 1401 justum?
327 1321 371 1384 Es
390 1321 460 1385 alio
480 1326 581 1384 multo
604 1322 749 1402 loquebar
768 1325 821 1386 cis.

658 1525 856 1536 *—

612 1701 773 1793 5.

171 1917 344 2039 Articuli
371 1953 398 2005 a
426 1921 598 2007 Joanne
623 1924 676 2006 de
706 1923 900 2010 Gersouo
929 1937 972 2008 et
996 1925 1213 2035 magistris
1232 1921 1353 2004 Puri*

306 2057 516 2142 siensibus
548 2059 725 2142 exhibiti
757 2071 907 2143 contra
935 2057 992 2142 M.
1026 2058 1069 2143 J.
1100 2055 1207 2140 Hus.

511 2304 632 2373 (Parisiis
649 2304 714 2361 editi
731 2305 775 2361 die
792 2306 826 2360 24
844 2304 917 2374 Sept
937 2307 1021 2371 1414.)

660 2508 859 2518 ———

263 2587 293 2640 E
309 2587 372 2641 MS.
394 2587 508 2642 Trebou.
527 2587 564 2644 Α.
581 2587 621 2659 ll,
636 2588 661 2657 s.
680 2586 826 2644 139-141.
861 2589 924 2644 MS.
943 2588 1069 2647 Mladcu.
1084 2606 1115 2659 p.
1133 2587 1279 2643 113-115.

659 2730 860 2743 ψ

348 2887 581 2957 „Sequunturjam
591 2889 705 2957 articuli,
715 2906 783 2958 quos
802 2889 924 2944 lecerunt
933 2891 1100 2945 Parisienses
1112 2896 1207 2945 contra
1215 2889 1254 2944 Μ.
1261 2888 1287 2945 J.
1296 2891 1355 2947 llus

396 2971 503 3025 omnino
520 2970 583 3025 falsi
601 2970 700 3025 ibidem
718 2972 746 3025 in
764 2972 945 3026 Constantia.“

262 3104 445 3187 Sequuntur
472 3105 600 3171 articuli
624 3105 767 3180 contenti
789 3104 964 3171 formaliter
985 3111 1041 3171 out
1063 3104 1201 3171 elicitive
1221 3103 1256 3169 in
1270 3109 1354 3170 trac·

148 3208 234 3279 tatu
247 3207 382 3275 Jocnnis
397 3205 467 3271 Hos
481 3206 660 3287 pragensis,
683 3224 776 3287 quem
798 3205 971 3271 intitulavit
992 3204 1195 3284 deEeclesie,
1218 3221 1354 3284 sequens

146 3322 293 3401 errores
313 3305 456 3379 loannis,
468 3305 589 3372 Wiklel
606 3306 641 3371 in
660 3305 720 3371 hnc
742 3311 843 3388 purte.

267 3405 294 3466 1.
319 3404 433 3486 „Quod
448 3403 561 3471 nullus
581 3406 759 3486 praescitus
787 3412 833 3467 est
858 3425 948 3467 uersos
963 3424 1055 3486 papo
1075 3404 1123 3466 vel
1142 3403 1289 3466 domiuus
1309 3401 1357 3465 uel

138 3504 357 3587 praeatus!
388 3504 488 3571 Error
507 3506 542 3571 in
563 3504 624 3572 fide
647 3513 681 3572 et
700 3507 851 3573 moribus·
862 3505 986 3588 pridem
1012 3511 1046 3571 et
1066 3505 1185 3587 pluries
1208 3503 1354 3569 condem·

151 3613 271 3683 natus,
292 3610 358 3670 tam
378 3613 490 3670 eontra
510 3623 669 3687 pauperes
690 3603 905 3686 deLugduno‚
927 3624 1020 3686 quum
1042 3611 1153 3671 eontra
1166 3605 1355 3673 Waldenses

157 3714 200 3772 et
226 3711 341 3780 eontra
360 3704 554 3784 Beghardos.
578 3702 675 3786 CuJus
698 3705 819 3771 erroris
841 3706 977 3771 assertio
998 3705 1170 3771 temeraria
1190 3712 1249 3784 est
1271 3705 1355 3771 sedi·

160 3807 266 3883 dosa,
299 3792 498 3884 scandaloso,
531 3805 710 3887 perniciosa
738 3811 771 3870 et
791 3805 824 3869 in
847 3806 1084 3871 subversionem
1104 3805 1275 3886 quuslibet
1295 3805 1355 3869 hu·

163 3922 279 3970 manoe
294 3904 423 3986 politiae
438 3923 581 3985 vergens,
605 3923 675 3970 eum
690 3923 782 3970 nemo
798 3905 887 3986 sciat,
910 3924 950 3972 an
966 3924 1072 3970 amore
1087 3905 1139 3969 vel
1155 3904 1227 3970 odio
1242 3905 1356 3986 dignus

166 4004 220 4070 sit
241 4003 279 4068 In
305 4005 412 4071 multis
435 4004 622 4070 offendimus
644 4022 761 4086 omnes,
783 4025 820 4071 ac
842 4005 975 4087 perinde
997 4004 1187 4071 redderetur
1208 4003 1356 4069 incertis·

168 4106 248 4171 simo
268 4111 303 4179 et
323 4103 561 4170 instabilissimu
583 4105 763 4183 dominatio,
787 4105 815 4169 si
836 4105 868 4169 in
891 4104 1184 4186 praedestinatione
1204 4103 1255 4168 vel
1276 4103 1357 4169 cari·

169 4210 234 4267 tate
255 4201 453 4283 fundaretur,
475 4221 534 4268 nec
556 4210 643 4269 recte
662 4206 814 4285 jussisset
834 4205 958 4285 Petrus,
987 4221 1097 4269 servos
1119 4202 1264 4269 subditos
1286 4218 1357 4277 esse

171 4301 288 4367 debere
309 4302 444 4367 dominis
466 4303 561 4369 etiam
583 4304 730 4386 dyscolis.
1367 4292 1370 4297 ’

267 4399 296 4462 2.
321 4400 434 4481 „Quod
454 4401 563 4465 nullus
582 4404 718 4465 asotos
737 4403 773 4464 io
789 4409 914 4484 peccato
935 4399 1077 4481 mortali,
1099 4420 1136 4464 ac
1156 4418 1214 4483 pao
1235 4419 1300 4462 aou
1312 4407 1358 4471 cst

171 4503 340 4563 munuum
362 4501 483 4583 Christi
507 4503 562 4565 sed
589 4502 724 4582 diodoli,
757 4509 802 4567 est
830 4524 918 4567 uersu
944 4522 1033 4582 popa
1057 4501 1105 4564 uel
1125 4500 1293 4583 praedm
1312 4498 1360 4565 ou

174 4599 344 4698 dominus.“
388 4602 489 4668 Error
509 4608 545 4668 ut
566 4603 663 4686 prius.
1157 4592 1160 4597 ¹
