2992 5258
150 375 190 437 70
608 368 747 436 Epistolae
767 366 882 434 scriptae

149 575 253 638 milom
276 592 346 639 oum
361 571 534 639 affectuoso
558 570 662 636 cordis
685 568 854 652 desiderio,
879 576 913 635 ut
927 570 1155 653 multiplicetur
1171 572 1267 651 salus,
1283 592 1344 655 pax

150 680 183 740 et
205 674 317 756 gratia,
340 681 373 739 et
395 681 470 756 post
490 673 671 756 praesentis
694 672 777 738 vitae
792 671 1009 753 gubernacula
1031 672 1169 739 donetur
1191 672 1257 739 vita
1279 674 1345 755 glo-

149 775 442 857 riaosempiterna.
984 854 986 859 ,
1062 818 1069 830 ·

248 875 456 942 Serenissime
479 875 627 957 princeps
650 881 683 939 et
704 874 933 955 gratiosissime
955 872 1097 939 domine!
1131 875 1268 940 Vestrae
1290 876 1345 941 be·

151 977 315 1058 nigritatis
337 975 491 1055 favorem,
524 994 585 1057 quo
615 993 665 1038 me
692 975 917 1057 pauperculum
949 975 1180 1055 gratiosissime
1202 976 1345 1058 respicit,

150 1081 216 1143 toto
239 1076 344 1143 cordis
367 1077 532 1142 revolvens
555 1076 674 1155 animo,
707 1094 769 1141 non
800 1076 910 1157 quovis
941 1075 1033 1141 medo
1063 1074 1185 1142 suffitio
1213 1095 1345 1159 respon-

150 1176 235 1258 dere,
258 1176 316 1242 sed
337 1177 461 1258 obligor
484 1176 709 1259 omnipotentis
732 1175 867 1255 domini,
903 1176 956 1257 qui
978 1175 1151 1256 quemlibet
1173 1176 1269 1258 digno
1292 1193 1344 1240 re·

149 1282 311 1357 munerat,
344 1295 404 1360 pro
428 1278 563 1343 Vestrae
585 1277 764 1358 llajestatis
791 1277 898 1359 regiae
926 1277 1010 1342 felici
1038 1277 1193 1358 regimine
1222 1277 1346 1342 miseri·

150 1379 289 1446 cordiam
319 1379 498 1461 implorare.
542 1379 650 1461 Nuper
687 1396 745 1461 per
779 1378 972 1461 Stephanum
1005 1377 1245 1459 Harnsmeister
1279 1377 1347 1442 V¹²⁰

150 1478 226 1546 eorl
256 1479 433 1545 direxeram
464 1497 667 1562 responsum,
705 1479 779 1560 quia
803 1479 895 1559 juxta
926 1479 1113 1544 relationem
1140 1478 1179 1543 D.
1201 1477 1346 1545 Heinrioi

149 1579 217 1646 Lefl
246 1579 287 1659 de
316 1580 435 1660 Lazan,
464 1580 556 1662 juxta
583 1579 656 1661 Maj.
681 1580 748 1644 Vm
770 1585 853 1658 vota,
881 1578 1012 1644 intendo
1042 1579 1204 1644 humiliter
1232 1579 1347 1644 collum

149 1681 318 1765 subjicere,
342 1689 375 1747 et
397 1682 456 1746 suh
478 1681 686 1764 protectionis
709 1688 835 1746 vestrae
857 1681 944 1747 salvo
967 1680 1123 1746 conductu
1145 1681 1178 1745 in
1201 1681 1346 1763 proximo

151 1781 388 1849 constantiensi
421 1782 554 1849 oonsilio
587 1787 772 1864 praestante
805 1781 958 1846 altissimo
991 1781 1117 1847 domino
1151 1798 1347 1863 comparere.

151 1881 244 1949 Unde
266 1882 374 1948 volens
396 1882 428 1948 id
451 1883 596 1950 ordinate
618 1884 754 1965 assequi,
778 1900 836 1965 per
858 1889 957 1950 totam
978 1884 1113 1964 Pragam
1134 1883 1168 1946 in
1190 1882 1290 1948 latirm
1314 1887 1347 1948 et

151 1984 184 2049 in
206 1980 370 2050 bohemico
392 1983 451 2049 feei
476 1984 707 2063 intimationes,
737 2002 868 2066 (luorum
891 1983 993 2063 dirigo
1016 1984 1137 2064 copiae,
1172 1990 1347 2049 annectere

152 2090 185 2149 et
206 2103 265 2166 per
286 2084 364 2150 alias
387 2084 531 2149 civitates
554 2084 691 2166 dirigere
715 2089 748 2150 et
769 2086 799 2148 iu
824 2084 1023 2151 sermonibus
1039 2083 1244 2166 proclamare.
1268 2084 1346 2149 ΨΜ

152 2192 258 2250 autem
280 2183 388 2266 Maj⁸⁰¹¹¹
409 2184 565 2267 deprecor
579 2185 787 2268 supplicando
810 2185 969 2249 humiliter
991 2185 1024 2249 in
1039 2183 1175 2264 domino,
1198 2184 1283 2265 quod
1306 2186 1347 2251 ob

152 2285 304 2351 honorem
333 2283 400 2365 dei,
434 2286 610 2367 profectum
639 2293 781 2353 sanotae·
796 2285 966 2364 ecclesiae,
1000 2286 1041 2350 ob
1068 2284 1221 2351 honorem
1250 2286 1347 2352 etiam

152 2386 243 2466 regni
265 2384 449 2466 Bohemiae,
482 2386 571 2468 ouJus
594 2387 743 2453 heredem
765 2406 822 2453 rex
845 2405 954 2468 regum
978 2386 1053 2450 Vram
1071 2384 1173 2451 Sertem
1194 2403 1267 2451 esse
1290 2404 1346 2452 ro·

152 2485 227 2565 luit,
259 2492 292 2550 et
313 2485 359 2550 sio
380 2486 517 2552 naturali
544 2487 750 2553 inclinatione
778 2492 890 2569 optare
912 2487 1012 2568 ipsius
1039 2485 1214 2567 proiectum
1239 2486 1347 2568 dispo·

152 2587 217 2652 suit
239 2594 272 2654 et
293 2587 459 2653 honorem:
483 2594 638 2670 quatenus
661 2608 738 2670 erga
759 2589 820 2653 mei
843 2606 1010 2671 personam
1032 2589 1078 2653 sie
1100 2587 1234 2667 gratiam
1257 2605 1348 2653 snam

152 2680 339 2768 dignaretur
361 2687 549 2770 extendere,
580 2696 615 2754 ut
636 2690 667 2755 in
691 2709 769 2772 pace
791 2678 930 2767 veniens,
962 2688 993 2752 in
1016 2689 1085 2770 ipso
1107 2687 1248 2769 generali
1273 2705 1347 2753 oon·

153 2787 225 2853 tilio
248 2786 369 2854 valeam
390 2786 483 2853 fidem
506 2808 597 2871 quam
622 2797 715 2856 teneo
739 2789 864 2872 publice
886 2787 1039 2871 profiteri.
1062 2788 1141 2869 Nam
1164 2788 1246 2854 siout
1268 2788 1348 2854 nihil

152 2889 185 2952 in
208 2888 331 2954 occulto
353 2886 455 2967 dooui,
478 2890 535 2955 sed
557 2892 589 2956 in
605 2891 741 2973 publico,
764 2891 818 2956 ubi
834 2891 988 2970 magistri,
1011 2889 1218 2967 baccalaurei,
1241 2908 1349 2955 sacor-

153 2987 259 3068 dotes,
292 2987 437 3069 barones,
470 2990 587 3057 milites
609 3000 640 3057 et
663 2992 763 3056 ceteri
786 2992 929 3056 homines
953 2990 1121 3072 plurimum
1143 2990 1347 3068 conveniunt,

153 3088 199 3154 sio
220 3094 296 3172 opto
319 3089 436 3154 nonin
458 3096 596 3169 secreto,
627 3088 683 3154 sed
705 3090 737 3155 in
760 3088 886 3171 publiea
907 3088 1068 3153 audientia
1089 3086 1201 3167 audiri,
1225 3088 1345 3153 exami-

152 3187 231 3270 nari,
252 3187 448 3271 praedicare,
472 3197 504 3255 et
527 3189 679 3269 omnibus,
704 3195 859 3270 quotquot
877 3205 1012 3269 arguere
1026 3188 1193 3268 voluerint,
1213 3188 1347 3269 juvante

152 3286 267 3370 spiritu
289 3287 405 3355 domini
427 3289 631 3372 respondere.
654 3289 720 3356 Nee
743 3308 837 3373 spero
860 3289 994 3354 verebor
1017 3286 1160 3354 confiteri
1183 3287 1347 3365 Christum

153 3386 321 3468 dominum,
345 3397 378 3454 et
399 3407 457 3471 pro
473 3389 541 3472 ojus
562 3390 633 3471 lege
656 3390 828 3467 verissima,
852 3390 879 3454 si
901 3389 1088 3471 oportuerit,
1110 3393 1244 3454 mortem
1267 3389 1345 3473 pati.

152 3489 224 3569 lpse
247 3489 330 3555 enim
353 3508 408 3554 rex
431 3508 540 3570 regum
563 3497 595 3555 et
616 3490 761 3556 dominus
784 3490 1021 3571 dominantium,
1051 3490 1130 3555 deus
1152 3507 1255 3570 verus,
1280 3491 1347 3555 exi·

152 3601 240 3654 stens
262 3608 392 3672 pauper,
426 3591 511 3656 mitis
533 3599 566 3656 et
588 3592 729 3670 humilis,
762 3610 876 3674 passus
899 3600 949 3657 est
970 3610 1028 3674 pro
1052 3590 1152 3668 nobis,
1179 3590 1271 3655 nobis
1294 3611 1346 3656 re·

151 3689 297 3771 linquens
320 3690 504 3773 exemplum,
529 3701 564 3758 ut
585 3710 753 3774 sequamur
776 3692 910 3774 vestigia
932 3693 1016 3775 ejus;
1048 3693 1127 3773 ipso,
1157 3691 1209 3772 qui
1233 3710 1347 3772 perea-

153 3798 218 3854 tum
241 3806 304 3854 nou
326 3790 410 3870 feeit,
434 3810 492 3856 noe
514 3791 661 3858 inventus
683 3800 733 3858 est
755 3792 846 3857 dolus
869 3793 902 3857 in
925 3812 979 3859 oro
1003 3791 1080 3874 ejus
1111 3791 1164 3872 qui
1187 3809 1221 3856 se
1243 3791 1346 3857 hurni-

152 3888 232 3954 liaus
265 3894 367 3956 morte
389 3909 446 3957 sua
465 3898 598 3957 mortem
621 3900 761 3958 nostram
783 3893 949 3972 destruxit,
973 3900 1006 3958 et
1026 3910 1084 3958 nos
1099 3891 1138 3957 ad
1160 3891 1347 3974 patiendum

152 3991 314 4057 humiliter
336 3991 500 4075 obligarit,
531 4013 590 4060 neo
611 3994 644 4059 in
667 4013 807 4073 vacuum,
830 4013 899 4059 eum
922 3993 1015 4058 dixit:
1046 3992 1136 4057 Beati
1159 3992 1213 4075 qui
1234 4010 1347 4074 porse·

151 4092 309 4158 ontionem
331 4093 497 4175 patiuntur
508 4096 813 4179 proptorjustitiam,
837 4095 984 4177 quoniam
997 4096 1136 4176 ipsorum
1150 4100 1348 4175 estregnum

150 4193 319 4259 coelorum.
361 4193 448 4260 Haeo
472 4214 530 4277 ego
553 4214 664 4261 servus
688 4197 755 4277 ejns
777 4197 809 4259 iu
833 4215 897 4278 spe,
919 4195 994 4261 lieet
1016 4194 1146 4274 inutilis,
1178 4194 1347 4261 revolvens

151 4293 182 4357 in
206 4295 308 4360 animo
331 4295 472 4377 saepius,
501 4295 643 4362 volebam
666 4304 699 4361 ot
721 4296 838 4362 olerum
862 4302 894 4360 et
916 4295 1066 4377 populum
1088 4293 1128 4358 ad
1149 4293 1251 4373 ipsius
1272 4295 1346 4364 irni-

151 4394 303 4460 tationem
326 4393 493 4473 inducere3
517 4400 649 4478 propter
671 4394 755 4477 quod
777 4395 869 4460 datus
893 4413 961 4459 sum
982 4396 1014 4458 in
1037 4392 1151 4473 odium,
1174 4410 1237 4458 non
1261 4396 1348 4461 omni

151 4494 277 4576 populo,
300 4495 356 4559 sed
379 4494 451 4572 illis,
475 4494 528 4576 qui
551 4493 612 4577 ipsi
635 4494 760 4560 domino
784 4494 924 4560 moribus
946 4495 1163 4559 adversantur.
1185 4495 1347 4574 Aquibus

151 4591 267 4659 citatus
290 4593 475 4676 saepissime
498 4593 537 4660 ad
558 4594 677 4659 cumam
692 4594 931 4676 archiepiscopi,
954 4611 1082 4675 semper
1103 4610 1152 4659 me
1175 4593 1347 4661 immunem
