2992 5258
165 119 228 182 434
416 112 621 167 Controversiae
639 112 672 167 de
689 111 820 181 religione
837 111 864 165 in
882 110 1027 166 Bohemia:
1046 112 1119 165 1411.

727 306 794 385 40.

166 533 430 619 Universitas
476 533 606 618 studii
644 531 873 646 Pragensis
920 544 962 617 et
1007 533 1354 645 archiepiscopus

166 666 347 781 Zbynco
374 671 628 778 permittunt
652 670 749 752 lites
781 681 823 753 et
855 671 1166 753 controversias
1192 699 1293 753 suas
1318 672 1359 752 iu

168 834 297 895 causa
332 802 389 884 M.
418 803 600 887 Joanuis
627 801 720 885 Hus
760 802 937 886 arbitrio
969 806 1084 916 regis
1117 801 1359 888 Wenceslai

570 940 746 1049 ejusque
779 938 956 1021 consilii.

607 1167 720 1237 Prcgae,
738 1170 754 1222 3
771 1167 826 1223 Jul.
845 1168 919 1224 1411.

168 1439 228 1504 (Es
240 1441 308 1507 orig.
323 1438 461 1491 tabularii
475 1434 618 1492 Universa.
636 1437 699 1490 edit.
717 1440 748 1490 ia
757 1436 884 1490 Monam.
901 1437 962 1491 tur.
975 1438 1049 1490 uuio.
1061 1435 1150 1506 Prag.
1162 1436 1206 1500 ΙΙ,
1217 1454 1248 1507 p.
1257 1436 1295 1492 12
1305 1438 1360 1506 sq.)

267 1724 305 1788 ln
319 1724 446 1789 nomine
461 1722 589 1803 domiui,
605 1724 714 1787 Amen.
740 1726 832 1788 Anno
847 1724 1024 1790 nativitatis
1039 1724 1181 1807 ejusdem
1195 1725 1362 1792 millesimo

168 1823 481 1908 quadringentesimo
505 1823 681 1901 undecimo,
703 1823 877 1889 indictione
899 1831 1031 1905 quarta,
1054 1825 1105 1890 die
1128 1826 1226 1894 tertia
1247 1828 1364 1894 mensis

169 1927 257 2008 Julii,
279 1928 358 1992 hora
380 1924 555 2004 tertiarum,
579 1922 781 2007 pontificatus
797 1924 989 1990 sanctissimi
1011 1926 1044 1989 in
1065 1925 1193 1993 Christo
1215 1926 1318 2011 patris
1333 1935 1365 1992 et

169 2029 288 2096 domini
320 2026 423 2092 nostri
454 2025 492 2088 D.
515 2024 648 2091 loannis
677 2024 784 2089 divina
805 2025 1007 2107 providentia
1027 2045 1129 2110 papae
1151 2028 1262 2095 XXIII
1283 2046 1363 2095 auno

169 2130 324 2208 secundo,
347 2128 380 2192 in
401 2124 512 2208 majori
536 2126 664 2190 civitate
681 2126 843 2206 Pragensi,
866 2127 899 2191 in
922 2125 1057 2207 quodam
1079 2128 1242 2195 aestuario
1258 2148 1364 2195 mona·

170 2232 262 2298 sterii
276 2228 379 2295 sancti
393 2227 413 2292 J
415 2226 506 2292 acobi
521 2226 657 2308 apostoli
673 2225 793 2291 ordinis
805 2225 938 2292 fratrum
953 2227 1121 2309 Minorum,
1136 2229 1168 2293 in
1185 2235 1366 2295 nostrorum

169 2331 365 2398 notariorum
402 2327 599 2409 publicorum
639 2325 916 2408 infrascriptorum
953 2333 987 2392 61
1019 2329 1149 2395 testium
1183 2330 1366 2413 praesentia
1434 2352 1494 2397 Δ

170 2432 424 2512 subscriptorum
453 2427 494 2492 ad
520 2427 580 2493 hoc
603 2428 787 2508 specialiter
808 2436 991 2493 vocatorum
1014 2436 1047 2493 61
1069 2436 1271 2512 rogatorum,
1293 2448 1364 2497 cou-
1430 2466 1490 2479 -

170 2531 275 2598 stituti
303 2528 517 2611 personaliter
543 2526 746 2593 honorabiles
770 2533 803 2592 et
824 2526 991 2594 scientifici
1013 2530 1089 2609 viri,
1112 2530 1234 2597 domini
1249 2536 1283 2597 ct
1303 2549 1365 2597 ma·
1412 2565 1487 2577 —

171 2631 278 2713 gistri:
307 2631 414 2695 Simon
443 2628 481 2693 de
510 2628 667 2709 Tissnow,
698 2637 804 2694 rector
828 2629 1045 2696 universitatis
1067 2630 1165 2696 studii
1185 2630 1366 2714 Prageusis,
1396 2649 1484 2711 ‹³›

171 2751 229 2798 suo
255 2737 290 2797 61
316 2731 414 2796 161166
444 2729 661 2795 universitatis
690 2731 860 2811 Pragensis
888 2730 1032 2806 nomine,
1054 2730 1191 2799 Thomas
1212 2731 1254 2798 de
1275 2731 1365 2814 Lysa,
1386 2754 1480 2809 ‘4

171 2832 309 2898 decanus
323 2831 483 2896 facultatis
498 2830 622 2909 artium,
638 2830 781 2896 Joannes
806 2831 847 2895 de
869 2830 1038 2912 Hminem,
1061 2850 1171 2899 sacrae
1186 2831 1477 2914 theologiae&

170 2931 368 2998 baccalarius
391 2930 554 3009 16666166,
578 2937 685 2995 66661
706 2931 845 2996 omnium
868 2931 929 2997 sibi
952 2937 1015 2997 tarn
1037 2933 1070 2997 iu
1092 2933 1203 3016 prima,
1226 2952 1322 3031 quam
1336 2933 1471 2998 iun

171 3033 310 3099 secunda
340 3040 372 3097 61
398 3032 432 3096 16
453 3032 523 3097 aliis
538 3031 805 3113 appellationibus
822 3039 855 3099 et
869 3033 1073 3113 processibus
1088 3033 1177 3099 revmi
1192 3033 1227 3099 in
1242 3033 1467 3100 obrutam

172 3134 274 3216 patris
298 3139 331 3198 61
352 3132 472 3198 domini
486 3132 524 3197 D.
541 3132 725 3215 Sbynconis,
749 3132 801 3196 dei
816 3133 919 3214 gratia
941 3133 1173 3217 archiepiscopi
1187 3132 1375 3216 Pragensis.
1415 3143 1461 3204 ὃ,

172 3254 265 3317 quam
297 3232 393 3299 etiam
422 3254 441 3297 6
469 3233 544 3298 sede
573 3233 748 3314 apostolica
777 3233 945 3313 emanatis,
979 3233 1222 3300 adhaerentium
1243 3233 1456 3300 nomin&

172 3334 345 3417 peripsum
360 3333 400 3397 ad
415 3332 523 3398 sedem
538 3333 744 3414 apostolicam
759 3332 958 3415 interpositis
974 3340 1008 3399 61
1022 3333 1212 3417 interjectis,
1227 3333 1448 3401 doacus&

173 3434 212 3501 de
228 3433 438 3514 Gaudentino,
465 3433 577 3499 doctor
591 3433 624 3498 in
639 3434 813 3515 medicinis,
837 3433 1017 3516 Stephanus
1031 3434 1071 3500 de
1085 3435 1210 3519 Palecz,
1233 3424 1442 3504 uicus]

173 3534 213 3600 de
234 3534 406 3614 Malenicn,
440 3552 549 3600 666666
583 3535 762 3616 theologiae
795 3535 964 3601 baccalarii
991 3535 1131 3617 formati,
1164 3535 1310 3604 Joauues
1329 3535 1433 3601 (13

173 3633 348 3713 Reinstein,
370 3635 497 3700 llarcus
519 3633 559 3701 de
582 3635 683 3701 Grecz
705 3636 834 3717 reginae
851 3643 884 3700 et
905 3637 1062 3702 Martinus
1085 3635 1250 3719 dePraga,
1272 3636 1423 3719 magi-

173 3735 233 3801 stri
261 3736 363 3800 dictae
393 3736 609 3801 universitatis
642 3738 825 3816 pragensis,
859 3738 1003 3803 volentes
1035 3753 1170 3821 parcere
1203 3737 1409 3810 sinubus,

173 3835 334 3902 laboribus
357 3843 390 3900 et
411 3837 567 3918 expensis,
590 3844 723 3919 propter
743 3837 857 3902 bonum
880 3838 966 3920 pacis
989 3844 1022 3904 et
1043 3837 1234 3904 concordiae
1254 3844 1398 3922 sponte

175 3943 207 4002 et
228 3935 340 4014 bbere,
362 3954 424 4000 non
448 3937 602 4019 compulsi
623 3956 682 4003 nec
704 3939 820 4018 coacti,
844 3938 883 4004 de
906 3945 939 4003 et
961 3957 1057 4022 super
1078 3937 1226 4005 omuibus
1247 3944 1283 4005 et
1307 3937 1388 4003 sin·

175 4036 256 4116 gulis
279 4037 396 4116 causis,
425 4037 549 4118 litibus,
581 4036 819 4119 quaestionibus
842 4046 874 4104 61
902 4039 1147 4113 controversiis,
1174 4038 1371 4113 rancoribus
1477 4059 1494 4119 1

175 4136 464 4220 discrepationibus
494 4144 527 4202 et
554 4138 625 4202 aliis
659 4137 897 4220 quibuscunque
929 4139 1156 4221 displicentiis,
1183 4139 1308 4223 injuriis
1334 4140 1366 4201 61
1472 4190 1484 4221 ·.

175 4233 442 4303 diffamationibus
478 4239 563 4304 inter
597 4239 684 4320 ipsos
720 4246 753 4304 et
787 4240 1060 4321 praenominatum
1096 4239 1134 4304 D.
1171 4239 1356 4323 Sbyncoueu
1463 4258 1474 4302 τ

175 4336 446 4419 archiepiscopum
480 4339 671 4420 Prageusem
710 4339 820 4420 quovis
853 4340 945 4405 modo
983 4346 1016 4406 et
1054 4359 1114 4424 per
1151 4353 1352 4422 quemcunque
1453 4356 1481 4413 J,
