2992 5258
153 429 212 492 182
390 416 584 481 decusationes
602 423 639 479 M.
656 422 681 479 J.
699 422 757 478 ilos
775 421 891 492 ejusque
906 437 1044 494 responsa.
1062 426 1088 481 4.

151 630 284 695 clericus
306 647 391 708 suus,
414 629 619 695 Wenccslaus
636 628 776 708 nomine,
798 628 929 692 veniens
951 627 1043 693 dixit:
1066 626 1149 692 Ecce
1166 610 1359 709 jamdixitl·

151 730 238 795 Tunc
260 731 352 820 testis
367 731 460 796 dixit:
485 732 555 812 quis
570 731 650 796 dixit
672 729 800 810 etquid
822 729 926 794 dixit?
949 728 1139 811 Respondit:
1161 727 1232 792 Hns
1247 726 1338 805 dixit,

151 829 235 910 quod
257 836 330 912 post
351 830 621 896 consecrationem
642 831 676 893 in
698 829 889 893 eucharistia
910 836 1054 893 remanet
1073 827 1174 910 panis.
1196 827 1257 905 Qui
1272 835 1338 891 tes·

151 931 193 994 tis
215 930 393 1011 respondit:
415 930 496 995 male
519 937 552 994 et
572 930 710 1011 pessime
733 929 826 994 dixiti

249 1049 334 1110 Dici
366 1057 393 1110 et
426 1047 504 1121 dico,
526 1049 608 1129 qnod
628 1050 663 1110 in
685 1050 788 1112 boetia
809 1057 949 1111 remanet
966 1049 1073 1130 panio,
1096 1049 1148 1130 poi
1169 1047 1263 1111 dicit:
1283 1066 1338 1128 epo

150 1169 217 1210 stant
236 1151 333 1229 panis
350 1150 443 1226 ritae;
466 1156 494 1211 et
515 1148 676 1229 apoatolno
705 1148 794 1212 dicit:
812 1151 921 1230 probet
941 1171 973 1211 ae
993 1151 1098 1230 ipsum
1119 1151 1220 1226 bomo,
1242 1155 1271 1209 et
1292 1149 1338 1210 aio

152 1248 190 1310 de
208 1270 292 1329 pane
312 1249 368 1311 illo
390 1249 476 1326 edat;
499 1256 526 1309 et
549 1249 586 1309 de
607 1269 664 1329 poro
687 1249 763 1311 dicit
784 1248 908 1329 quilibet
928 1249 1072 1312 abendon
1091 1249 1127 1310 in
1147 1249 1266 1310 minsa:
1278 1268 1338 1328 pa·

150 1371 221 1412 nem
242 1349 397 1412 coelestem
419 1350 585 1428 accipiam,
608 1357 636 1411 et
657 1369 769 1410 nomen
791 1348 911 1410 domini
932 1350 1086 1411 invocabo.
1108 1348 1170 1410 Sed
1185 1350 1267 1429 prod
1281 1348 1340 1410 iate

151 1450 236 1522 dicit,
259 1450 340 1530 qnod
354 1447 506 1511 dixerim:
527 1451 561 1511 in
583 1450 774 1511 euelaarn'stia
794 1457 933 1511 remanet
950 1450 1064 1530 panis:
1084 1469 1148 1509 non
1168 1455 1341 1523 extremam,

151 1549 232 1631 qnod
261 1549 411 1624 diaerim,
444 1550 516 1629 qnia
551 1551 651 1611 nescio
674 1549 772 1611 dicere
790 1552 919 1630 proprie
940 1549 1130 1611 naabaristia
1151 1549 1186 1610 in
1207 1551 1341 1612 boemico

145 1650 354 1730 pertinenter3
386 1656 415 1710 et
442 1651 471 1711 oi
500 1648 631 1711 dicerem
656 1652 708 1728 ,in
740 1651 938 1727 eucharistia,
966 1672 995 1710 w
1023 1647 1117 1712 dabre
1137 1649 1257 1711 miloote‘
1285 1651 1343 1711 neb

149 1771 178 1810 w
200 1748 324 1812 dobrtm
347 1749 431 1812 darn
453 1752 569 1812 astrinxi
590 1750 700 1823 cblc'b,“
725 1786 762 1796 —
793 1751 867 1831 qnid
888 1752 944 1812 boc
964 1757 1040 1812 earet
1062 1749 1179 1813 dictam
1200 1748 1246 1811 ad
1262 1769 1340 1830 pro·

145 1851 286 1930 positam
306 1851 352 1913 vel
371 1850 416 1912 ad
436 1849 676 1930 intellipentiam
692 1850 829 1931 populi?

249 1950 329 2014 Item
352 1949 491 2032 deponit,
515 1951 597 2030 quod
613 1950 654 2013 ll.
677 1949 818 2015 loannes
839 1949 908 2013 Hus
931 1950 1061 2014 veniens
1083 1948 1124 2014 ad
1144 1948 1341 2013 aestuarium

151 2068 242 2115 sumn
264 2051 296 2114 in
312 2049 443 2129 collegio
467 2047 580 2137 Caroli,
603 2053 635 2114 in
651 2069 712 2131 qino
730 2059 804 2114 tunc
827 2049 930 2113 dictus
953 2050 1045 2113 testis
1068 2048 1241 2128 habitabat,
1258 2048 1340 2113 dixit

535 2167 582 2233 qni
599 2166 711 2232 parando
728 2168 888 2217 notarinatnr
904 2165 999 2232 partia,
1016 2166 1111 2216 rtatim
1130 2164 1290 2232 concipiunt
1307 2164 1341 2217 de

151 2251 236 2314 inter
250 2256 372 2314 cetera:
392 2248 475 2313 Ecce
490 2249 543 2314 isti
558 2249 740 2314 sacerdotes
755 2249 877 2315 rurales
888 2265 939 2312 me
954 2249 1035 2312 malo
1052 2254 1190 2313 tractant
1206 2254 1340 2331 propter

148 2380 224 2432 pane
241 2365 391 2424 materiali,
408 2366 482 2432 picto
495 2366 525 2416 in
543 2364 652 2417 elibano
669 2365 812 2417 materiali

151 2449 223 2528 hoc,
247 2449 320 2530 quia
340 2448 528 2531 praedicavi,
552 2449 635 2529 quod
657 2451 747 2530 panis
769 2454 876 2515 manct
897 2449 928 2512 iu
958 2448 1062 2514 hostia
1083 2454 1285 2527 consecrata3
1309 2455 1343 2515 et

151 2567 206 2616 imo
224 2565 357 2632 mayioter
372 2566 572 2619 sententiarum
590 2565 707 2617 libenter
724 2566 844 2616 rcininet

151 2649 290 2713 libenter
304 2649 416 2713 vellem
430 2649 521 2727 scire,
544 2649 619 2730 quid
630 2649 786 2730 frangitur
801 2649 853 2727 ibi,
870 2649 896 2712 si
912 2649 956 2714 ibi
970 2651 1059 2731 panis
1081 2669 1144 2714 non
1170 2649 1297 2714 manet?
1308 2650 1341 2731 *t

449 2774 480 2816 nt
496 2764 588 2816 Jndaa
788 2765 953 2831 Grrporium
971 2772 996 2816 et
1014 2762 1164 2817 Nicolaum

151 2849 239 2913 Tunc
267 2849 350 2913 idem
372 2849 464 2914 testis
492 2850 632 2930 inspexit
662 2850 764 2914 socios
793 2868 867 2913 suos
896 2858 971 2914 tnnc
998 2848 1114 2913 ibidem
1145 2857 1342 2931 praesentes,

365 2975 396 3018 nt
409 2973 509 3033 postea
526 2974 689 3017 accerserent
1296 2960 1299 2965 ’

151 3047 355 3129 significando
378 3058 413 3114 ut
435 3050 621 3129 ‹rogitarent
643 3050 766 3130 etipse
789 3050 847 3113 hoc
870 3050 1083 3125 considerans,
1107 3049 1214 3114 statim
1245 3051 1345 3115 exivit

151 3151 192 3214 ab
220 3149 341 3214 eodem.
362 3151 479 3214 Postea
500 3150 541 3213 M.
565 3149 713 3214 Nicolaus
735 3150 775 3213 de
798 3150 956 3214 l‘oduinie
979 3156 1052 3232 post
1079 3151 1179 3231 ipsius
1200 3150 1344 3215 Husonis

153 3251 270 3314 exitum
286 3251 363 3315 dixit
380 3250 536 3332 adipsum
552 3257 681 3315 testem:
705 3250 809 3327 Quare
826 3252 886 3316 sibi
900 3252 977 3316 nibil
993 3250 1141 3315 dixistis?
1161 3252 1346 3332 respondit:

153 3351 247 3416 Volui
269 3351 345 3415 talia
366 3352 458 3432 plura
478 3353 517 3416 ab
540 3351 593 3416 illo
615 3351 735 3416 audire.

255 3470 282 3528 0
304 3466 428 3530 ‹loloael
453 3472 482 3529 si
503 3470 585 3531 mab
608 3470 727 3531 locutus
741 3470 807 3551 sai,
841 3488 936 3548 pecare
951 3467 1050 3548 plat-ra
1072 3469 1186 3530 arad-ire
1204 3466 1345 3542 oblaticii,

152 3573 181 3627 et
202 3588 266 3627 non
287 3574 321 3626 nt
337 3567 478 3648 fratrem
505 3570 713 3649 comperisti?
738 3570 847 3630 Fonte
877 3570 996 3630 amicus
1024 3569 1060 3629 in
1081 3589 1133 3629 ore
1160 3575 1189 3629 et
1214 3567 1347 3631 dolona

153 3665 299 3727 inimicam
320 3666 355 3727 in
376 3668 487 3739 aorde‚·
505 3668 550 3729 ad
571 3677 616 3729 tot
637 3689 740 3730 annos
756 3670 897 3747 portasti
919 3666 1026 3728 doleam
1047 3669 1081 3728 in
1103 3666 1194 3728 corate
1216 3672 1293 3730 ino!

254 3766 334 3831 Item
363 3765 516 3851 dcpouit,
545 3767 628 3848 quod
650 3766 695 3833 Ma
717 3768 786 3832 Hus
808 3769 840 3832 in
864 3769 1063 3832 sermonibus
1086 3769 1152 3832 suis
1174 3767 1347 3834 scribendo

154 3867 328 3932 nominavit
348 3867 543 3935 Bouifacium
565 3888 678 3951 papam
699 3869 902 3934 haereticum.

153 4038 174 4045 .-
188 4038 269 4045 “.--..
283 4038 351 4044 ...—

211 4122 234 4183 *l
253 4119 535 4170 lucediceBudissinsusi
544 4123 601 4168 haec
612 4127 669 4169 uota
677 4123 780 4182 margini
791 4137 805 4169 a
815 4124 943 4182 posteriore
952 4123 1053 4182 quodam
1063 4121 1183 4179 adscripta
1192 4125 1239 4167 est:
1249 4115 1348 4179 „Quia

254 4203 285 4255 in
301 4202 351 4254 doc
367 4218 497 4270 responso
516 4204 572 4256 Mr.
591 4201 656 4255 Has
672 4220 728 4254 non
750 4204 896 4270 respondet
920 4203 959 4254 ad
976 4202 1048 4254 idem
1071 4200 1125 4251 sibi
1147 4201 1304 4267 ascriptum
1321 4207 1347 4251 et

254 4285 407 4354 depositam
420 4296 516 4337 contra
529 4286 627 4353 ipram,
645 4286 694 4336 doc
703 4285 784 4339 oiclel.
803 4294 845 4345 „et
857 4286 972 4337 libenter
983 4285 1078 4336 vellem
1089 4284 1168 4342 scire,
1181 4281 1344 4351 paatdsraa·

253 4372 330 4437 pitter
348 4371 395 4430 ibi,
416 4369 540 4436 ripariis·
556 4385 612 4419 raon
629 4374 747 4428 rraccnet,'‘
765 4371 820 4420 niee'
838 4369 911 4436 qaod
923 4369 990 4420 dicit
1010 4370 1082 4428 „inm
1100 4375 1125 4417 et
1138 4367 1273 4434 mayirter
1284 4381 1343 4417 aen·

256 4455 404 4507 tentionem
422 4454 536 4505 'libenter
558 4453 710 4505 aeinimet:“
733 4469 790 4504 non
812 4453 940 4514 dubium,
968 4453 1035 4519 patin
1056 4450 1164 4501 addetur
1182 4449 1275 4517 ipsum
1298 4447 1347 4499 boc

256 4538 357 4590 dirime
375 4546 400 4588 et
416 4537 465 4588 doc
482 4552 606 4604 expresse
624 4538 755 4597 inntoiase,
773 4536 846 4602 qnod
864 4537 922 4603 ipse
941 4531 1343 4603 iprroravit,‹1aidfranyittrr.

255 4622 280 4671 ai
297 4621 382 4688 panis
399 4637 454 4671 teon
471 4625 640 4673 remaneat.“
