2992 5258
148 427 210 488 342
398 416 605 482 Controversiae
624 415 658 468 de
676 415 807 482 religione
825 416 852 468 in
872 414 1015 469 Bohemia:
1035 413 1110 468 1408:

730 612 764 688 ⁷.

147 840 261 924 Acta
297 845 340 923 iu
384 870 513 923 causa
539 838 709 923 Nicolai
738 839 842 921 dieti
876 836 1100 922 Abraham
1139 852 1183 922 et
1216 836 1356 950 Sigis-

149 976 296 1059 mundi
320 976 373 1058 de
392 975 619 1079 Jistebnic,
648 974 701 1057 de
721 973 1044 1083 praedicatione
1066 975 1186 1056 verbi
1204 973 1354 1056 divini.

573 1222 684 1289 Pragaa
707 1226 780 1289 1408,
799 1225 833 1275 30
849 1222 911 1276 lun.

648 1446 847 1455 ...ιω-..-

150 1526 210 1592 (Ea
228 1527 303 1578 aetio
320 1526 479 1577 contemtorii
494 1524 649 1592 Propenoo
671 1528 701 1578 in
724 1527 803 1578 carrio
826 1525 1068 1594 archiepiscopali,
1089 1526 1227 1580 volamine
1245 1524 1285 1577 X
1288 1522 1359 1586 VII,

676 1611 717 1664 lit.
736 1608 773 1663 N.
795 1610 835 1676 7.)

650 1734 746 1741 0--—.
758 1735 846 1742 ——a—

352 1875 471 1931 Sabbato
489 1881 551 1944 post
568 1877 668 1931 festum
687 1876 734 1930 SS.
753 1878 827 1931 Petri
853 1883 881 1931 et
898 1876 989 1944 Pauli,
1015 1891 1084 1944 quae
1103 1875 1155 1930 luit
1178 1877 1236 1933 dies
1256 1874 1361 1932 ultima

415 1961 516 2015 mensis
533 1961 617 2015 Junii.

249 2130 398 2195 Nicolans
433 2129 537 2194 dictus
567 2129 742 2209 Abraham,
773 2135 866 2195 natus
897 2130 1028 2196 Martini
1052 2131 1090 2195 de
1121 2129 1360 2211 Welemowicz,

150 2231 320 2313 presbyter
342 2230 512 2311 Pragensis
529 2230 685 2295 dioecesis
701 2230 749 2311 (et
765 2231 966 2312 praedicator
984 2232 1013 2297 S.
1027 2232 1164 2313 Spiritus
1185 2232 1219 2296 in
1234 2233 1360 2315 Praga)

150 2349 256 2396 coram
292 2331 418 2395 domino
448 2338 481 2396 et
512 2332 664 2412 magistro
692 2333 815 2396 Joanne
844 2331 927 2396 Khel
961 2333 1080 2398 vicario
1114 2333 1146 2397 in
1180 2333 1363 2414 spirituali·

151 2432 209 2496 bos
222 2447 260 2495 rc.
284 2431 497 2513 personaliter
511 2450 714 2514 comparem,
730 2433 959 2512 interrogatus,
974 2452 1036 2515 qna
1046 2434 1238 2499 auctoritate
1263 2452 1363 2514 prae-

150 2531 305 2597 dicaverit
328 2539 361 2597 et
383 2532 554 2613 praedicat,
579 2533 753 2614 respondit,
778 2534 862 2613 qnod
885 2535 1079 2600 auctoritato
1102 2533 1307 2616 sacerdotali,
1324 2541 1363 2601 et

151 2633 291 2699 secondo
307 2633 482 2714 respondit,
506 2632 793 2714 quodauctoritate
810 2634 938 2698 Christi.
963 2635 1011 2698 Ad
1034 2636 1123 2717 cnjus
1146 2635 1246 2700 verba
1258 2655 1360 2718 prae·

150 2736 234 2798 latos
266 2734 303 2797 Ι).
335 2734 476 2798 Joannes
510 2734 646 2797 vicarius
679 2733 772 2798 dixit:
807 2734 853 2797 Tu
888 2752 952 2798 non
984 2735 1082 2800 habes
1116 2736 1358 2817 auctoritatem,

151 2834 211 2897 nisi
243 2839 329 2898 esset
351 2833 409 2897 tibi
431 2853 449 2897 a
472 2833 508 2896 D.
526 2834 774 2915 hrchiepiscopo
790 2841 846 2899 aut
867 2836 968 2916 ipsius
981 2837 1173 2901 auctoritate
1190 2853 1356 2903 concessa

151 2934 213 3011 Qui
236 2934 434 3015 respondens
457 2934 552 3012 dixit,
583 2934 666 3015 qnod
688 2934 804 2998 nedum
832 2935 1045 3017 preshyteris,
1068 2934 1243 3002 sedetiam
1266 2938 1359 3005 laicis

151 3035 270 3099 licitum
293 3040 343 3099 est
366 3034 550 3115 praedicare
578 3035 785 3113 evangelium.
809 3034 867 3099 Cori
890 3035 1035 3100 dominus
1058 3035 1154 3115 dixit,
1186 3037 1274 3118 quod
1296 3038 1358 3104 hoc

151 3137 194 3199 sit
216 3136 426 3213 haereticum3
442 3143 576 3217 propter
598 3136 682 3215 quod
699 3136 857 3202 commisit
874 3136 1008 3201 eundem
1026 3138 1160 3201 examini
1184 3139 1356 3204 reverendi

150 3235 183 3299 in
217 3235 344 3301 Christo
378 3236 480 3317 patris
514 3235 550 3300 D.
584 3237 722 3302 Jaroslai
756 3238 898 3319 episcopi
921 3237 1141 3319 Sareptensis,
1169 3239 1355 3305 haereticae

151 3336 318 3417 pravitatis
334 3336 524 3416 inquisitori,
550 3343 581 3402 et
604 3337 765 3403 mandavit
791 3336 904 3416 eidem,
929 3338 1012 3419 qnod
1036 3356 1098 3403 oon
1122 3347 1217 3405 exeat
1232 3342 1356 3407 curiam

150 3436 470 3517 archiepiscopalem,
501 3435 562 3501 nisi
585 3437 681 3502 dese
710 3438 879 3503 statuendo
912 3448 944 3502 et
966 3438 1107 3520 parendo
1126 3440 1192 3521 juri
1214 3460 1252 3506 ac
1268 3460 1355 3508 man·

151 3535 234 3600 datis
264 3537 302 3599 l).
332 3537 572 3619 hrchiepiscopi
596 3539 691 3603 iaciat
714 3537 944 3621 fidejussoriam
967 3539 1155 3603 cautionem.
1180 3540 1244 3619 Qui
1268 3541 1355 3619 dixit,

151 3656 187 3700 se
217 3637 301 3701 nolle
331 3636 437 3702 facere
463 3638 599 3718 aliquam
629 3639 824 3717 cantionem;
847 3638 919 3703 ideo
942 3639 1125 3704 mandatum
1149 3646 1199 3706 est
1222 3642 1294 3721 sibi,
1322 3650 1357 3707 ut

151 3736 192 3801 ad
222 3755 366 3802 carceres
398 3737 549 3803 transiret
583 3757 621 3803 ex
654 3740 801 3805 mandato
837 3742 874 3804 l).
908 3739 1146 3823 A1·ohiopisoopi
1182 3742 1355 3824 Progensis

152 3839 291 3920 speciali.
315 3838 436 3904 Ibidem
460 3840 555 3904 etiam
577 3837 741 3920 praefatos
765 3838 800 3901 l).
826 3839 981 3914 vicarius
1006 3840 1131 3903 nomine
1155 3847 1188 3904 et
1210 3840 1252 3905 de
1270 3860 1356 3906 man·

152 3938 226 4003 dato
250 3938 287 4002 D.
311 3939 550 4021 archiepiscopi
574 3937 775 4020 Sigisrnundo
802 3939 935 4004 loannis
958 3939 998 4004 de
1021 3939 1353 4023 Gistehniczpresby·

152 4045 238 4119 tero,
271 4041 304 4104 in
332 4041 455 4104 artibus
486 4041 680 4120 baccalario,
711 4041 886 4120 mandavit,
915 4048 951 4106 ut
971 4059 1034 4107 non
1058 4042 1282 4124 praedicaret;
1304 4043 1355 4124 qui

152 4141 231 4207 dixit
264 4158 299 4204 se
332 4141 414 4205 velle
448 4141 643 4220 deliberare,
673 4160 712 4207 an
747 4142 824 4207 velit
857 4161 970 4223 parere
1000 4141 1158 4209 mandatis
1181 4142 1220 4206 D.
1243 4142 1354 4208 Archi·

152 4241 293 4324 episcopi
316 4241 366 4305 vel
389 4259 468 4318 non;
492 4241 541 4305 cni
564 4242 604 4307 ad
620 4241 859 4306 deliberandum
876 4242 968 4307 datus
993 4250 1042 4308 cst
1064 4243 1221 4309 terminus
1236 4242 1277 4311 ad
1292 4244 1346 4309 fer.

152 4341 232 4405 VI³¹¹¹
266 4341 438 4422 proximam
472 4343 511 4406 ad
547 4342 655 4407 horam
692 4342 874 4417 tertiarum,
907 4352 940 4407 et
962 4343 1144 4409 mandatum
1168 4352 1219 4410 cst
1242 4343 1353 4423 eidem,

152 4440 236 4521 qcrod
259 4460 320 4505 non
355 4441 556 4522 praedicaret
589 4443 672 4507 inl'ra
693 4442 872 4524 hujusmodi
896 4449 1030 4524 tempus.
1055 4445 1284 4511 Praesentibus
1299 4445 1352 4511 do·

152 4539 244 4604 minis
266 4541 454 4608 Wenceslao
485 4545 668 4625 praeposito
702 4544 874 4624 hlisnensi,
906 4546 947 4609 hl.
977 4545 1139 4617 Zawissio,
1176 4547 1347 4613 Zdenhone

153 4641 321 4721 canonicis
338 4642 513 4724 Dominico,
536 4642 715 4725 Valentino,
734 4646 896 4726 Procopio,
912 4645 1101 4712 Wenceslao
1117 4646 1156 4712 de
1174 4646 1296 4714 l’omolc
1309 4662 1344 4710 κ.
