2992 5258
153 441 216 505 500
332 477 333 481 ,
396 432 601 489 Controversiae
619 432 653 488 de
670 432 802 502 religione
820 433 848 488 in
864 400 1007 489 Bohemia:
1026 438 1099 490 1413.

152 643 180 706 si
202 641 365 708 contineat
386 637 552 704 manifeste
574 638 746 703 falsitatem
767 639 819 703 vel
840 657 991 704 errorem.
1034 639 1077 705 Et
1098 640 1159 705 hoo
1181 649 1273 723 patet
1294 660 1349 725 per

152 742 220 823 hoo,
244 741 327 822 quod
349 739 565 821 praemittitur
587 740 620 802 in
633 745 737 803 textu:
763 739 950 804 indicabunt
966 740 1025 804 tibi
1038 740 1149 822 judicii
1163 743 1347 821 veritatem

152 851 225 927 post
248 841 405 919 subditur,
428 845 461 904 et
484 838 652 905 docuerint
673 847 705 904 te
725 840 816 920 juxta
838 840 940 919 legem
963 841 1042 921 ejus.
1086 841 1134 905 Ex
1165 860 1228 924 quo
1251 851 1348 926 patet,

152 943 237 1026 quod
265 943 293 1008 si
322 941 429 1005 dicant
454 939 576 1020 falsum,
610 941 659 1005 vel
690 939 851 1004 declinent
877 941 988 1021 alege
1012 941 1062 1007 dei
1084 942 1264 1023 manifeste,
1288 962 1349 1009 non

151 1050 227 1108 sunt
247 1041 405 1106 audiendi.
449 1042 536 1106 Haec
558 1041 651 1122 Lyra.
695 1041 745 1105 Ad
765 1041 852 1105 istud
874 1041 1122 1107 confirmandum
1144 1051 1196 1109 est
1216 1046 1349 1110 verbum

151 1143 269 1209 domini
300 1142 436 1206 dicentis
458 1141 560 1206 Exodi
582 1145 636 1206 23:
664 1142 736 1206 Non
763 1142 907 1223 sequaris
939 1143 1065 1207 turbam
1096 1143 1137 1210 ad
1169 1144 1350 1210 l'aciendmn

150 1244 274 1322 malum,
307 1262 366 1307 nec
399 1243 432 1306 in
461 1241 580 1322 judicio
608 1242 815 1323 plurimorum
842 1242 1026 1324 acquiesces
1054 1246 1237 1310 sententiae
1270 1254 1351 1310 uta

153 1364 230 1410 vero
260 1343 400 1408 declines
428 1349 484 1407 aut
510 1343 630 1406 devies
674 1343 777 1424 Super
798 1344 852 1408 illo
875 1344 972 1409 verbo
993 1345 1078 1426 Lyra
1099 1345 1186 1423 dicit
1210 1345 1295 1426 quod
1316 1345 1348 1409 in

154 1446 303 1511 Hebraeo
333 1445 478 1522 habetur,
508 1461 571 1508 non
600 1443 773 1508 declinabis
804 1450 877 1525 post
898 1445 989 1509 rabin
1011 1447 1031 1509 i.
1052 1465 1079 1510 e.
1101 1446 1276 1528 magistros
1299 1447 1347 1511 vel

154 1564 272 1628 magos
295 1544 336 1609 ad
358 1545 560 1626 peccandum.
593 1544 635 1609 Et
656 1544 754 1608 infra:
778 1544 858 1621 Quia
881 1545 964 1609 sicut
978 1563 1042 1610 non
1063 1553 1113 1610 est
1127 1546 1349 1613 declinandum

153 1647 332 1713 averitate
353 1653 487 1726 propter
508 1645 659 1726 mojorem
681 1651 805 1725 partem
823 1645 1033 1726 judicantium
1055 1647 1099 1711 ibi
1122 1647 1347 1728 declinantem,

153 1748 199 1814 ita
220 1745 442 1812 declinandum
463 1763 527 1810 non
549 1754 599 1810 est
621 1752 694 1826 post
714 1745 795 1825 illos
819 1746 872 1827 qui
895 1759 970 1811 sunt
991 1747 1121 1829 majoris
1143 1750 1347 1814 auctoritatis

153 1846 389 1929 injudicando.
433 1846 521 1910 Haec
542 1846 634 1926 Lyra.
679 1846 756 1922 Quis
785 1863 861 1926 ergo
889 1845 1027 1912 fideliter
1056 1866 1234 1929 agnoscens
1265 1851 1347 1915 veri·

153 1955 252 2015 tatem
266 1954 401 2030 propter
408 1946 562 2029 judicium
583 1963 685 2027 papae
708 1953 741 2009 et
763 1946 968 2018 cardinalium
985 1966 1162 2025 erroneum,
1187 1951 1273 2032 quod
1287 1950 1347 2016 fre·

153 2057 289 2133 quenter
311 2049 425 2128 evenit,
449 2054 483 2112 et
504 2054 637 2129 propter
654 2046 807 2128 judicium
839 2048 1078 2129 pharisaeorum
1104 2049 1285 2117 sedentium
1316 2053 1347 2116 in

152 2150 316 2229 cathedra,
350 2150 447 2215 vellet
478 2167 498 2212 a
536 2165 612 2212 vero
644 2148 723 2213 lesu
753 2144 871 2211 Christi
905 2150 1032 2213 tramite
1065 2149 1243 2232 declinare,
1279 2170 1346 2217 cum

154 2261 298 2322 sanctum
320 2259 370 2319 est
391 2249 627 2333 praehonorare
649 2249 828 2313 veritatem.
854 2248 980 2313 Ethi¹¹¹¹¹¹
1004 2249 1038 2314 1⁰
1059 2257 1093 2315 et
1113 2250 1145 2315 II
1166 2252 1290 2318 Esdrae
1312 2254 1347 2318 4⁰

153 2357 284 2423 dicitur:
311 2352 415 2434 Iniqui
449 2349 593 2414 homines
626 2348 682 2412 filii
716 2350 875 2413 hominum
909 2357 943 2414 et
976 2350 1085 2431 iniqua
1114 2352 1221 2417 omnia
1250 2371 1347 2435 opera

152 2460 287 2534 illorum,
311 2462 345 2519 et
365 2469 429 2516 non
451 2456 501 2515 est
523 2450 556 2513 in
568 2449 647 2531 ipsis
670 2450 797 2528 veritas
821 2457 854 2514 et
877 2450 908 2513 in
925 2467 982 2514 sua
996 2451 1165 2533 iniquitate
1186 2453 1345 2534 peribunt

154 2568 187 2626 et
214 2558 334 2622 veritas
363 2558 471 2617 manet
500 2557 533 2615 et
555 2549 721 2615 invalescit
743 2551 776 2614 in
798 2558 965 2615 aeternum
988 2559 1022 2616 et
1043 2552 1142 2617 vincit
1165 2562 1198 2617 et
1220 2559 1348 2635 oportet

152 2661 186 2725 in
208 2657 316 2723 secula
337 2653 516 2719 seculorum
540 2651 648 2714 Amen.

253 2759 356 2837 Super
384 2752 568 2818 cathedram
591 2751 702 2832 Moysi,
732 2752 776 2816 ibi
807 2759 893 2816 esset
914 2753 1043 2832 longum
1066 2770 1187 2834 ponere
1211 2754 1251 2819 de
1273 2753 1345 2820 obo-

152 2856 281 2937 dientia‚
304 2855 378 2936 qnia
399 2853 515 2917 dantur
538 2870 639 2927 essue,
661 2853 715 2916 nbi
738 2854 765 2915 si
788 2873 870 2935 papa
892 2860 1056 2934 totumquo
1072 2855 1240 2935 collegium
1257 2874 1346 2920 suum

151 2956 370 3023 mandaretis
392 2954 561 3035 genere(?)
588 2970 645 3016 suo
673 2970 854 3030 consonum,
879 2972 942 3017 non
966 2960 1095 3019 tenetur
1120 2956 1266 3045 obedire;
1291 2957 1346 3021 sed

152 3056 256 3140 quoad
267 3054 346 3121 illud
360 3055 462 3136 Super
477 3052 659 3118 cathedram
670 3052 747 3117 dicit
763 3053 959 3133 Augustinus
982 3073 1079 3135 super
1089 3055 1181 3120 Joan.
1195 3057 1257 3122 X⁰:
1280 3057 1345 3138 Ego

152 3178 221 3224 snm
236 3165 346 3239 pastor
367 3158 479 3232 bonus,
502 3155 564 3218 sic:
588 3153 703 3218 Audite
726 3155 939 3218 mercenarios
967 3155 1006 3220 ab
1036 3157 1105 3237 ipso
1133 3155 1261 3221 domino
1294 3157 1347 3221 de·

150 3265 353 3336 monstratos
380 3255 503 3319 scribae
525 3255 628 3335 inquit
650 3260 683 3319 et
715 3255 873 3335 pharisaei
904 3274 1002 3337 super
1034 3255 1217 3321 cathedram
1241 3258 1344 3340 Mopsi

151 3360 281 3438 sedent,
309 3374 390 3437 quae
419 3355 529 3420 dicunt
555 3356 660 3434 facite,
694 3374 774 3435 quae
802 3362 908 3419 alitem
943 3355 1064 3421 iaciunt
1095 3357 1204 3423 facere
1238 3359 1345 3423 nolite.

151 3460 235 3539 Quid
260 3456 344 3523 aliud
371 3455 470 3541 dixit„
486 3455 547 3519 nisi
577 3475 635 3537 per
661 3457 889 3519 mercenarium
923 3474 1032 3521 vocem
1058 3456 1166 3523 audite
1194 3458 1343 3540 pastoris,

151 3559 291 3626 sedendo
305 3559 388 3623 enim
404 3573 501 3639 super
517 3556 699 3620 cathedram
714 3555 818 3637 Moysi
832 3558 936 3637 legem
952 3557 1003 3621 doi
1018 3557 1144 3637 docent,
1169 3577 1247 3638 ergo
1270 3558 1346 3624 deus

150 3681 210 3745 per
237 3661 309 3725 illos
338 3658 432 3722 docet
460 3676 524 3736 sua,
556 3675 664 3720 verum
694 3637 797 3722 illi⁰si
826 3658 924 3722 velint
957 3659 1081 3739 docere,
1111 3659 1210 3724 nolite
1234 3661 1344 3726 audire

150 3780 253 3844 neque
285 3760 406 3838 lacere,
434 3765 521 3823 certe
551 3759 634 3821 enim
665 3758 744 3823 tales
779 3777 836 3823 sua
866 3767 1037 3839 quaurunt,
1070 3776 1133 3822 non
1163 3778 1247 3840 quae
1270 3761 1345 3826 Jesu

151 3862 279 3927 Christi.
323 3860 412 3923 Haec
434 3858 642 3938 Augustinus.

249 3962 288 4026 lt.
318 3979 388 4025 curn
417 3960 449 4023 in
476 3959 562 4022 bulla
593 3977 651 4023 sna
677 3960 885 4023 auctorisavit
914 3979 982 4023 cum
1012 3978 1069 4024 suo
1092 3960 1229 4042 collegio
1251 3962 1344 4027 Boni·

149 4063 248 4129 lacius
281 4080 363 4143 papa
397 4059 656 4140 degradationem
691 4061 755 4124 illmi
793 4062 888 4141 Regis
922 4083 940 4125 a
971 4063 1112 4127 Romano
1134 4062 1281 4144 imperio,
1314 4072 1344 4127 et

150 4165 236 4244 regis
248 4160 440 4242 Sigismundi
463 4160 694 4241 depositionem
707 4163 746 4225 ab
759 4162 919 4242 Ungariae
933 4180 1041 4242 regno,
1064 4180 1120 4226 cur
1134 4162 1343 4229 fabricatores

150 4263 272 4329 consilii
296 4280 357 4325 non
381 4266 492 4325 tenent
513 4261 692 4341 hujusmodi
715 4262 959 4343 degradationes
982 4270 1141 4343 tamquam
1163 4261 1284 4328 fidem?

249 4365 287 4429 It.
318 4381 388 4426 cum
410 4361 614 4426 Innocentius
637 4383 719 4444 papa
740 4364 901 4428 mandavit
922 4363 1066 4427 facultati
1089 4363 1290 4445 theologicae
1311 4372 1339 4429 et
1406 4370 1409 4377 '

150 4465 280 4530 cuilibet
312 4462 452 4539 divisim,
486 4461 571 4542 quod
603 4462 717 4527 darent
749 4465 851 4528 locum
880 4464 922 4527 bl.
957 4463 1106 4528 llauritio
1140 4465 1201 4530 sub
1235 4464 1340 4548 poenis

150 4562 481 4630 excommunicationis
504 4568 538 4627 et
559 4562 785 4628 beneficiorum
808 4564 995 4645 privationis
1011 4571 1044 4628 et
1063 4563 1337 4632 inhabilitationis:

148 4684 205 4731 our
221 4664 282 4747 ipsi
311 4663 422 4728 moniti
453 4664 580 4745 saepius
603 4664 696 4731 bullis
719 4663 908 4748 hujusmodi,
931 4665 1117 4746 abjecerunt
1138 4673 1172 4733 et
1192 4666 1339 4749 abjiciunt
