2992 5258
426 412 481 464 102.
499 408 537 464 hd.
555 410 646 465 Herm.
664 409 755 466 caedis
772 418 867 466 auctor
883 413 1059 481 vituperatur.
1278 420 1339 483 633

149 622 278 699 cerptos
302 616 395 698 ejecit
424 617 454 681 iu
476 615 651 698 pubhcum,
686 623 719 683 et
740 616 913 699 ejectorum
934 616 1075 682 membra
1097 616 1165 683 dire
1188 618 1340 702 dispersit

149 738 187 783 ac
209 717 353 800 dispersa
374 717 577 799 tripudiando
599 719 739 784 calcavit.
782 717 826 782 Et
853 706 982 799 ¹quidem
1004 720 1206 785 inhumanum
1229 721 1338 787 eruditu

152 828 185 886 et
207 819 277 884 visu
299 819 467 885 horribile:
490 838 550 885 nec
579 825 648 884 erat
674 819 855 901 presbyter,
884 837 945 884 nec
965 827 1035 885 erat
1057 821 1168 903 levita,
1191 841 1250 887 nec
1272 829 1342 887 erat

151 921 314 1000 scholaris,
337 939 396 985 uec
418 927 487 986 erat
508 920 686 1003 religiosus,
708 921 776 1002 qui,
798 919 1016 986 misericordia
1030 927 1142 1002 motus,
1166 924 1340 990 occisorum

151 1030 208 1090 aut
228 1021 418 1088 cadaverum
440 1022 574 1103 honore,
596 1029 653 1088 aut
674 1031 763 1090 certo
783 1021 904 1087 honore
927 1022 1091 1104 dignitatis
1114 1025 1237 1105 regalis,
1260 1042 1341 1107 quae

151 1124 182 1189 iu
206 1142 240 1190 se
262 1127 297 1188 et
306 1122 372 1188 suis
395 1129 444 1187 est
455 1122 568 1187 merito
591 1120 724 1188 colenda
744 1123 783 1187 ab
807 1123 961 1204 omnibus,
983 1124 1161 1191 morticinia
1177 1144 1340 1192 seruorum

151 1225 220 1307 ejus
242 1222 380 1289 fidelium
411 1223 644 1290 ecclesiasticae
667 1224 850 1307 sepulturae
872 1224 1070 1306 mandasset3
1091 1226 1124 1291 in
1146 1231 1236 1292 tauta
1250 1224 1342 1307 plebe

153 1331 185 1391 et
209 1326 295 1391 clero
322 1324 450 1406 copiosa
477 1325 569 1404 urbe,
603 1326 634 1390 in
664 1330 755 1391 tauto
788 1332 945 1392 conventu
975 1326 1120 1393 coenobii
1151 1325 1342 1392 Sedlicensis

151 1443 216 1492 non
239 1429 289 1491 est
309 1426 438 1514 inventa
465 1425 605 1492 Tabiana
631 1425 806 1505 miseratio,
836 1443 917 1506 quae
947 1426 1187 1493 interfectorum
1210 1445 1344 1511 corpora

153 1526 337 1610 sepelisset,
371 1544 534 1608 quousque
556 1526 698 1592 seniores
720 1525 807 1592 urbis
831 1525 1028 1610 praedictae,
1061 1528 1161 1593 oculis
1183 1529 1249 1594 suis
1271 1548 1342 1612 par·

153 1633 264 1694 centes
286 1633 319 1693 et
340 1626 485 1707 naribus,
515 1633 570 1692 aut
590 1631 676 1691 metu
700 1626 808 1692 servih
830 1628 985 1710 perculsi,
1008 1629 1166 1695 crastinae
1188 1628 1251 1694 diei
1273 1646 1343 1693 ves·
1447 1662 1450 1667 ·

152 1746 231 1813 pere
254 1727 286 1795 iu
308 1727 400 1792 unius
423 1726 526 1792 fossae
549 1727 668 1794 tumulo
690 1727 854 1794 adhumari
876 1729 1073 1811 praecipiant
1096 1729 1233 1795 eosdem.
1265 1730 1343 1795 Tam

152 1827 331 1894 horrendae
373 1829 488 1910 stragis
518 1828 607 1910 plebs
646 1846 703 1893 rea
738 1828 909 1911 tripudiat,
943 1835 976 1894 et
1004 1836 1136 1895 extenso
1169 1830 1344 1895 concivium

151 1929 227 1994 belli
249 1927 419 2011 bauderio,
442 1935 600 2010 amquam
622 1928 781 2010 triumpho
804 1931 920 2011 potita,
942 1929 1094 1996 victoriae
1116 1929 1252 1997 succinit
1274 1950 1340 1997 car·

152 2030 256 2110 mina,
289 2027 392 2095 hrudit
426 2029 614 2111 opprobria,
647 2036 681 2094 et
712 2029 752 2095 ad
783 2029 866 2095 lares
889 2029 1093 2112 clericorum,
1124 2038 1192 2097 tota
1212 2032 1343 2097 madeus

151 2128 368 2211 sanguinibus,
393 2129 578 2196 catervatim
594 2128 739 2212 declinat,
764 2136 889 2211 gratum
903 2131 966 2197 illis
981 2131 1166 2197 nuntiatura
1180 2128 1343 2212 lagidum,

153 2237 187 2297 et
209 2230 357 2296 salarium
380 2237 444 2296 tam
469 2230 596 2296 nefandi
623 2231 730 2312 operis
760 2238 956 2313 susceptura.
1001 2230 1207 2298 Conlaetatur
1229 2233 1344 2312 clema,

153 2331 205 2397 sui
220 2336 322 2397 status
337 2331 508 2412 immemor,
531 2339 690 2412 tamquam
712 2331 751 2397 de
766 2349 895 2397 suorum
917 2332 1169 2398 adversariorum
1192 2337 1285 2397 ruina
1305 2349 1343 2398 rc.
1442 2386 1446 2391 .

154 2430 206 2513 (In
228 2428 305 2495 fine:
331 2431 487 2516 „Exphcit
509 2431 644 2516 epistola
665 2432 795 2499 Israelis
816 2432 856 2497 ad
878 2433 1050 2514 sicofugam
1072 2432 1341 2514 Montanorum.“)

709 2807 793 2886 103.

154 3004 361 3117 Magister
393 3001 675 3087 Christannus
707 3003 760 3086 de
785 3000 1017 3086 Prachatic
1046 3007 1236 3116 graviter
1278 3036 1345 3088 re·

153 3139 381 3249 prehendit
417 3134 661 3222 Corandam
706 3136 1047 3247 praedicatorem
1078 3137 1342 3244 Planensem,

154 3273 271 3384 quod
293 3285 336 3357 et
354 3275 398 3355 in
419 3273 615 3356 doctrina
632 3269 877 3356 Christiana
903 3283 946 3355 et
971 3274 1014 3354 in
1032 3272 1184 3356 ritibus
1211 3274 1345 3356 eccle-

339 3410 425 3492 siae
452 3438 660 3492 novarum
686 3437 826 3492 rerum
853 3407 1067 3493 studiosus
1094 3408 1160 3489 sit.

611 3621 639 3675 S.
657 3622 683 3675 d.
700 3622 773 3688 (ann.
791 3624 881 3685 1416.)

653 3826 850 3835 ——n-—

421 3909 481 3973 (Ea
515 3908 651 3962 analectis
668 3908 809 3974 qnondam
828 3907 946 3961 Antonii
967 3906 1080 3972 Bora.)

150 4179 257 4241 „Haec
274 4179 393 4246 epistola
410 4178 516 4244 scripta
535 4185 573 4228 cat
588 4192 641 4244 per
660 4175 830 4244 Mapistrum
851 4174 1046 4228 Christaaaam
1063 4176 1097 4229 de
1115 4174 1216 4242 Prapa
1235 4174 1345 4227 cuidam

233 4261 425 4331 praedicatori
443 4262 551 4312 nomiae
571 4258 711 4321 Coranda,
728 4277 781 4329 pro
800 4268 864 4311 tuac
880 4259 1074 4327 praedicatori
1092 4260 1122 4310 iro
1142 4257 1233 4311 Plana
1247 4264 1261 4284 ‘⁶

251 4430 325 4508 Pax,
349 4429 434 4494 salus
457 4435 491 4494 et
513 4429 691 4495 constantia
712 4429 744 4493 in
767 4428 918 4507 adversis,
940 4427 1041 4493 frater
1062 4426 1095 4490 iu
1108 4422 1235 4492 Christo
1252 4428 1341 4492 care!

150 4530 279 4610 Quanta
301 4530 479 4609 audiuntur,
503 4537 622 4611 quanta
639 4530 704 4612 jain
727 4529 838 4611 vulgus
869 4528 1012 4594 malado
1041 4535 1074 4594 te
1103 4527 1208 4607 famat,
1236 4528 1345 4609 quanti

147 4630 286 4713 denique
308 4632 452 4696 veritatis
473 4631 588 4696 aemuli
610 4626 758 4712 gaudent,
781 4631 957 4695 sentientes
982 4645 1041 4693 nos
1064 4628 1125 4693 sibi
1149 4631 1258 4692 mutuo
1281 4644 1345 4692 nou
