2992 5258
314 429 356 482 21.
375 427 452 482 Uair.
471 427 550 495 Prap.
567 427 724 483 declaratio.
759 427 945 481 11111111.
964 425 998 480 de
1016 425 1085 481 llnai
1102 426 1202 495 appell.
1301 426 1363 493 387

738 723 798 797 25.

149 947 505 1032 Instrumentum
531 950 688 1030 notarii
728 947 890 1056 publici
933 947 987 1029 (le
1017 947 1308 1056 appellatione
1339 976 1365 1028 a

148 1078 223 1165 Μ.
269 1081 440 1166 Joanne
475 1078 568 1164 Hus
610 1082 788 1191 aliisque
827 1082 1043 1193 magistris
1083 1092 1125 1162 et
1163 1079 1364 1163 studiosis

148 1217 288 1299 facta
330 1214 387 1297 ad
412 1211 567 1297 Sedem
596 1212 896 1323 Apostolicam
923 1245 949 1296 a
978 1217 1190 1297 sententia
1214 1212 1364 1323 Zbyn-

193 1350 319 1430 conis
346 1349 670 1457 archiepiscopi,
700 1351 772 1457 qui
797 1348 930 1430 libros
957 1345 1130 1431 Wiclefi
1158 1347 1334 1429 combu-

306 1470 309 1474 ’
526 1482 683 1566 rendos
711 1511 803 1564 esse
830 1484 1005 1563 censuit.
1121 1572 1124 1577 ,

588 1729 701 1797 Progne,
720 1731 793 1795 1410,
812 1728 845 1780 25
871 1727 935 1780 lun.

668 1933 866 1942 ...------

385 2012 478 2079 (Edit.
497 2014 527 2066 ira
546 2013 619 2081 Opp.
637 2011 710 2073 Has,
729 2013 754 2072 I,
770 2028 799 2079 p.
819 2006 1151 2069 89-9202112-116.)

268 2331 303 2391 In
341 2333 458 2391 nomine
496 2332 605 2391 domini
638 2334 740 2391 Amen.
782 2334 867 2390 Anno
903 2331 1063 2389 natiuitatis
1099 2329 1233 2403 eiusdem
1270 2335 1361 2406 1410,

153 2426 331 2491 indictione
359 2434 453 2503 tertia,
483 2434 529 2491 die
552 2433 691 2492 ulcesima
711 2432 811 2506 quinia
832 2432 940 2489 mensis
963 2432 1052 2499 Jurrii,
1079 2431 1152 2488 bora
1173 2446 1361 2502 vesperarum

153 2530 215 2587 rel
235 2533 323 2604 (pansi,
345 2533 521 2591 sanctissimi
534 2533 564 2590 in
577 2533 693 2591 Christo
716 2533 810 2604 patrIs
833 2538 863 2590 et
885 2533 993 2590 domini
1008 2531 1043 2588 D.
1058 2530 1181 2590 loannis
1204 2531 1291 2602 digua
1312 2532 1363 2590 dei

153 2632 357 2699 providentia
377 2649 472 2704 papae
494 2633 596 2691 XXIII
618 2632 804 2704 pontificatus
827 2648 903 2690 anno
925 2633 1029 2703 pricio,
1051 2631 1080 2687 iu
1102 2630 1223 2703 antiqua
1244 2631 1361 2690 civitate

154 2725 322 2804 Pragensi,
350 2734 381 2791 iu
408 2731 521 2803 capella
546 2739 712 2792 sanctorum
739 2734 938 2801 Innocentum,
966 2732 1119 2790 Bethleem
1149 2733 1310 2801 nominata,
1331 2733 1361 2790 in

154 2830 233 2886 mei
256 2833 360 2891 notarii
395 2832 506 2904 publici
532 2831 712 2903 Infrascripti
742 2838 772 2890 et
793 2833 910 2891 testium
932 2833 1102 2904 praesentia
1124 2832 1363 2903 subscriptorum,

157 2929 203 2988 ad
244 2931 299 2992 hoc
328 2932 498 3005 specialiter
524 2939 691 2992 vocatorum
720 2939 750 2990 et
775 2939 952 3006 rogatorum,
981 2932 1131 2991 constituti
1158 2932 1363 3003 personaliter,

159 3030 351 3093 honorabilis
379 3040 409 3092 et
437 3031 612 3092 scientificus
639 3034 691 3102 vir,
713 3033 750 3091 D.
772 3034 902 3091 loannes
925 3033 962 3091 do
984 3033 1138 3102 Hminem,
1161 3033 1265 3091 artium
1286 3033 1361 3091 libe·

161 3129 275 3192 talium
294 3135 434 3207 magister
455 3140 485 3191 et
514 3149 614 3191 sacrae
646 3132 813 3205 theologiae
842 3132 1050 3191 baccalaureus
1084 3131 1232 3201 formatus,
1264 3138 1363 3192 rector

165 3234 199 3288 tt
222 3236 408 3305 praedicator
429 3233 561 3306 capellae
584 3239 749 3293 sanctorum
770 3234 968 3305 Innocentum,
995 3231 1149 3290 Bethleem
1168 3239 1361 3306 nuncupatae,

168 3330 201 3388 in
234 3336 347 3409 nuqua
375 3341 406 3394 et
433 3351 537 3408 magua
563 3334 679 3393 civitate
709 3333 861 3407 Propensi,
889 3331 997 3391 nobilia
1026 3331 1078 3402 vir,
1099 3331 1137 3391 D.
1160 3333 1294 3392 Zdislaus
1324 3334 1361 3393 de

171 3426 365 3506 Zwierzeticz,
388 3435 526 3508 magister
540 3435 644 3492 artium
659 3434 831 3504 liberalium,
846 3435 975 3493 loannes
991 3433 1028 3491 de
1043 3433 1186 3505 Braudys,
1200 3433 1361 3495 Benessius

174 3526 210 3584 (le
234 3531 315 3606 Lysa,
335 3536 443 3594 Petrus
465 3536 502 3592 dc
527 3535 676 3606 Sepekow,
697 3535 804 3593 Petrus
827 3534 863 3591 de
886 3533 1030 3602 Valentia,
1053 3534 1183 3593 blichael
1205 3535 1241 3593 de
1263 3534 1361 3594 Druo-

176 3626 244 3688 vica
263 3642 292 3695 et
310 3637 441 3696 loannes
464 3635 500 3693 de
522 3635 680 3704 LansteIn,
704 3634 889 3694 baccalaurei
912 3640 941 3691 ot
963 3634 1114 3693 studentes
1136 3635 1230 3693 almae
1246 3637 1361 3696 uuiver-

179 3727 369 3799 8118111111ᾱί1
383 3736 553 3810 Pragcnsis,
568 3750 621 3792 suo
637 3740 667 3791 et
681 3735 808 3792 omnium
828 3734 950 3791 aliorum
966 3735 1178 3807 magIstrorum,
1200 3736 1361 3816 doctorum,

180 3824 389 3905 licchtIatorum,
412 3836 667 3894 baccalauroorum
690 3840 720 3892 et
742 3833 915 3893 scholarium
946 3835 1040 3893 dIctae
1067 3836 1266 3897 universitatis
1287 3840 1360 3898 Pra-

185 3932 281 4004 tensis,
306 3952 359 3995 nec
390 3952 448 3993 non
471 3936 597 3993 omnium
620 3941 650 3993 et
671 3935 850 4008 singulorum
872 3935 1076 4005 spectabilium
1099 3943 1128 3994 et
1148 3954 1360 4009 generosorum

188 4022 349 4095 dominorum
385 4036 543 4113 baronum,
579 4037 734 4106 nobilium,
771 4035 907 4104 militum,
945 4036 1098 4105 clientum,
1134 4038 1356 4110 provinciarum,

103 4160 105 4181 ι
189 4121 359 4206 districtuum,
388 4137 543 4204 civitatum,
574 4141 744 4205 castrorum,
774 4134 955 4206 oppidorum,
984 4136 1117 4192 villarum
1145 4142 1176 4193 et
1204 4139 1359 4196 communi-

190 4226 264 4289 utum
276 4244 419 4294 rectorum
430 4242 460 4293 et
473 4236 708 4307 gubernatorum,
731 4252 765 4294 ac
780 4237 865 4292 etiam
888 4236 1009 4293 aliarum
1037 4252 1270 4309 quarumcunque
1291 4254 1360 4308 per-

192 4335 329 4406 Siluarum,
361 4344 419 4395 tam
453 4337 646 4409 spiritualium
679 4352 764 4409 quam
796 4335 991 4405 secularium,
1024 4342 1201 4394 cremiorum
1234 4342 1264 4395 et
1301 4354 1360 4396 non

191 4432 353 4508 exelittorum,
384 4440 567 4509 omniumque
590 4437 699 4496 Christi
731 4434 868 4506 fidelium,
889 4439 1086 4510 cujuscunque
1110 4443 1214 4504 status,
1241 4438 1358 4510 gradus,

192 4529 352 4607 auditonis,
366 4538 518 4612 dignitatis
541 4543 571 4595 et
584 4536 833 4609 praeeminentiae
854 4537 989 4606 existant,
1009 4537 1114 4609 elaque
1139 4535 1360 4597 adhaerentium

193 4624 219 4679 ii
232 4632 382 4699 adhaerere
404 4639 563 4700 volentium
584 4637 759 4711 nominibus,
781 4637 925 4710 quandam
946 4637 1175 4710 appellationem
1200 4640 1233 4698 in
1246 4655 1359 4717 puppup

1161 4753 1210 4806 25*
