2992 5258
350 430 391 485 48.
428 429 503 483 Petri
525 426 598 482 card.
616 425 772 480 mandatum
791 426 824 480 de
843 426 911 480 llusi
930 440 1058 481 excomm.
1242 432 1304 497 463

109 637 168 702 sari
196 656 217 702 a
244 635 377 714 diuinis,
404 635 450 699 ita
483 633 568 714 quod
607 630 824 697 ecclesiastica
851 637 1049 695 sacramenta
1082 630 1116 694 in
1151 633 1303 709 ecclesiis,

109 737 307 803 monasteriis
329 745 362 802 et
384 735 516 818 capellis
538 733 717 815 hujusmodi
740 732 919 810 civitatum,
953 739 1145 813 castrorum,
1172 734 1304 817 oppido·

109 857 187 917 rum,
210 839 365 917 villarum,
388 835 631 913 suburbiorum,
661 833 722 897 nisi
750 832 883 897 infirmis
906 833 1112 913 eucharistia,
1139 852 1176 900 sc
1200 833 1306 900 divina

109 937 211 1005 officia
236 939 342 1020 januis
373 936 489 1002 clausis
523 941 555 1000 et
589 933 867 999 excommnnicatis
897 934 1138 1016 quibuscunque
1168 936 1304 1001 exclusis

109 1041 269 1109 dumtaxat
289 1040 521 1105 ministrentur.

204 1175 288 1243 Item
318 1174 344 1239 si
375 1173 482 1238 forsan
505 1171 668 1254 praefatus
700 1171 841 1237 Joanncs
869 1170 939 1235 flns
965 1169 1058 1236 dictis
1081 1170 1250 1236 sententiis
1272 1177 1305 1235 et

109 1276 249 1341 censuris
277 1274 393 1356 ligatus
427 1279 572 1339 mortuus
605 1272 716 1352 fuerit,
750 1277 823 1355 pust
855 1271 1104 1336 fulminationem
1126 1270 1305 1352 hujusmodi

109 1394 325 1459 processuum,
356 1376 416 1440 sibi
445 1375 573 1457 penitus
603 1373 819 1438 ecclesiastica
846 1372 1048 1437 interdicitur
1069 1372 1249 1453 sepultura;
1273 1381 1305 1437 et

109 1478 133 1541 si
157 1476 263 1543 forsan
287 1476 431 1558 sepultus
454 1474 605 1541 fueritin
629 1474 771 1550 ecclesia,
799 1473 979 1537 declaratur
1001 1472 1119 1538 debere
1142 1472 1305 1538 exhumari

109 1577 230 1656 abinde,
254 1595 324 1642 cum
347 1594 409 1640 non
425 1575 468 1639 sit
483 1574 597 1656 dignus
624 1574 840 1641 ecclesiastica
862 1574 1027 1655 sepultura
1049 1581 1183 1656 propter
1205 1574 1305 1656 ipsius

109 1679 312 1745 rebellionem
335 1684 367 1743 et
388 1677 607 1741 mandatorum
630 1674 878 1756 apostolicorum
901 1680 1103 1740 contemtum.

206 1811 245 1877 lt.
266 1811 435 1876 mandatur
465 1812 524 1875 snb
555 1828 657 1891 poena
683 1808 1017 1877 excommunicationis
1040 1808 1184 1873 omnibns
1206 1809 1303 1874 abba·

109 1914 201 1990 tibus,
228 1912 406 1994 prioribus,
429 1910 623 1993 praepositis
646 1916 678 1974 et
700 1908 925 1977 ecclesiasticis
948 1909 1094 1991 personis
1116 1911 1251 1975 exemtis
1273 1919 1306 1975 et

109 2030 167 2078 non
191 2013 341 2090 exemtiS,
372 2012 446 2075 duum
468 2010 615 2091 requisiti
638 2009 775 2084 fuerint,
803 2008 891 2073 utin
916 2009 1075 2089 ecclesiis,
1102 2011 1305 2075 monasteriis

109 2120 138 2178 et
160 2113 294 2194 capellis
317 2113 399 2176 infra
421 2112 588 2176 missarum
610 2109 877 2189 solemniu,'dunr
899 2110 1036 2192 populus
1059 2113 1243 2177 convenerit
1265 2111 1305 2177 ad

109 2213 220 2292 divina,
243 2213 342 2278 sacris
364 2212 508 2279 vestibus
539 2212 720 2294 presbyteri
743 2211 912 2293 clericique
935 2213 1170 2299 superpelliciis
1194 2212 1304 2290 induti,

109 2321 139 2380 ut
161 2315 260 2380 moris
283 2319 342 2394 est,
365 2331 459 2378 cruce
482 2320 605 2392 erecta,
627 2314 763 2395 pulsatis
780 2312 963 2394 campanie,
987 2311 1129 2381 candelis
1151 2315 1305 2391 accensis

109 2416 282 2497 praefatum
304 2416 461 2481 loannem
488 2414 557 2479 Hus
580 2414 713 2495 singmis
740 2413 850 2478 diebus
873 2413 1039 2479 dominicis
1062 2412 1157 2481 etiarn
1180 2430 1305 2480 ercom-

109 2517 307 2594 nunicatun,
329 2522 535 2597 aggravatum
548 2520 580 2579 et
592 2521 845 2595 reaggmvatum,
869 2521 902 2579 ct
914 2515 992 2593 loca,
1015 2515 1055 2579 ad
1072 2534 1153 2596 quae
1166 2515 1302 2583 declina·

109 2618 202 2695 uerit,
233 2625 266 2682 et
295 2624 368 2698 post
398 2617 466 2697 eJus
489 2635 650 2681 recessum
673 2634 731 2698 per
753 2615 892 2681 triduum
914 2616 1088 2681 interdicta
1116 2616 1306 2682 denuntient

109 2737 174 2783 cum
192 2718 414 2783 decantatione
431 2717 627 2798 responsorii
646 2715 865 2796 ,Revelabunt
877 2717 976 2780 coeli“
1000 2736 1038 2781 ac
1060 2726 1155 2782 antea
1185 2717 1306 2791 „media

109 2819 188 2883 vitm
222 2825 255 2883 et
287 2826 450 2900 postremo
475 2817 573 2898 ,dous
596 2816 779 2896 laudetur,“
810 2823 876 2880 tres
898 2816 1020 2899 lapides
1043 2835 1155 2882 versus
1178 2819 1304 2884 domum

109 2918 311 2984 babitationis
327 2918 404 2984 dicti
419 2918 488 2982 Hus
503 2918 636 2982 loannis
653 2917 858 2999 projiciendo,
874 2917 906 2981 in
933 2918 1056 2997 signnm
1071 2917 1302 2985 maledictionis

109 3026 265 3098 aeternae,
293 3036 385 3100 quarn
415 3017 493 3083 deus
523 3017 611 3082 dedit
640 3017 768 3082 Dutban
790 3022 824 3081 et
846 3016 980 3092 Abiron,
1004 3036 1083 3098 quos
1107 3024 1194 3083 terra
1216 3019 1303 3085 vivos

109 3119 279 3199 absorbuit,
304 3120 422 3183 totiens
446 3117 593 3200 quotiens
616 3124 830 3199 opportunum
852 3116 956 3182 luerit.

204 3255 243 3319 lt.
252 3255 362 3319 ultimo
381 3254 559 3334 injungitur
570 3253 716 3317 omnibns
728 3252 847 3318 Christi
861 3252 1006 3318 fidelibus
1025 3255 1191 3335 utriusque
1209 3274 1304 3325 serus

109 3357 164 3420 snb
186 3354 272 3420 dicta
294 3354 626 3419 excommunicationis
655 3372 774 3434 poena,
798 3368 837 3416 ue
866 3352 1010 3435 praefato
1032 3354 1148 3420 loanni
1170 3355 1240 3421 llus
1271 3363 1304 3421 et

109 3456 176 3521 aliis
202 3454 491 3520 contradictoribus
506 3462 539 3519 ct
554 3453 728 3519 rebellibus
751 3460 863 3519 contra
878 3455 1077 3536 praescripta
1098 3456 1303 3523 monitionem

109 3564 138 3622 et
159 3556 309 3621 mandata
330 3555 432 3621 eidem
449 3554 714 3637 participantibus
739 3554 907 3636 loquendo,
930 3555 1073 3629 astando,
1096 3558 1303 3638 assurgendo,

109 3655 570 3736 coambulando,coeqnitando,
588 3656 764 3734 salutando,
778 3655 936 3736 sociando,
945 3657 1148 3738 comedendo,
1158 3659 1304 3739 bibendo,

109 3756 261 3833 molendo,
284 3756 459 3838 coquendo,
482 3756 615 3822 emendo
638 3756 688 3822 vel
701 3756 876 3836 vendendo,
900 3762 1006 3822 vestes
1028 3757 1078 3823 vel
1100 3759 1305 3827 calciamenta

109 3857 258 3937 iaciendo,
282 3864 391 3940 potum
406 3856 457 3921 vel
473 3876 585 3938 aquam
608 3857 711 3923 dando
733 3865 789 3922 aut
811 3858 873 3922 alia
895 3859 1076 3924 necessaria
1099 3861 1148 3924 vel
1170 3860 1303 3927 amictus

109 3959 376 4040 qualitercumque
409 3958 619 4040 praestando,
652 3965 708 4023 aut
740 3958 772 4022 in
805 3977 1001 4041 quocumque
1030 3959 1144 4026 solatio
1167 3961 1304 4026 humano

109 4059 291 4143 participari
320 4067 534 4141 praesumant.
568 4059 628 4136 Qui
659 4059 785 4141 quidem
807 4061 1036 4144 participantes
1058 4081 1095 4128 ec
1116 4063 1170 4128 alii
1193 4080 1303 4127 omnes

109 4168 139 4226 et
167 4160 301 4241 singuli,
329 4161 357 4224 si
385 4161 425 4225 ab
454 4161 522 4241 ejus
554 4161 798 4244 participatione
821 4162 902 4226 infra
925 4172 991 4228 tres
1014 4164 1082 4228 dies
1105 4172 1179 4246 post
1200 4164 1301 4246 publi·

109 4260 263 4325 cationum
297 4262 531 4342 praesentium,
559 4261 609 4324 vel
632 4269 799 4342 postquam
822 4262 1004 4343 praesentia
1025 4264 1065 4329 ad
1088 4282 1197 4328 eorum
1221 4265 1304 4330 noti·

109 4362 182 4426 tiam
197 4364 411 4442 pervenerint,
435 4363 561 4427 omnino
577 4380 640 4426 uon
664 4362 856 4443 destiterint,
883 4364 1008 4444 publice
1032 4367 1304 4432 excommunicen-

109 4468 166 4526 tur.
191 4461 233 4526 Et
255 4459 468 4535 nihilominus,
491 4464 518 4526 si
541 4463 594 4543 qui
612 4463 767 4528 dictorum
790 4466 1131 4531 excommunicatorum
1152 4467 1199 4531 sic
1214 4467 1303 4548 ligati

109 4561 245 4626 nondurn
278 4563 416 4627 absoluti
450 4563 565 4627 mortui
596 4562 728 4641 fuerint,
770 4565 848 4645 ipsis
881 4565 1096 4631 ecclesiastica
1124 4564 1304 4648 denegetur

109 4662 279 4744 sepultura.
304 4662 345 4726 Et
367 4665 395 4726 si
432 4664 550 4745 sepulti
584 4662 719 4745 fuerint,
748 4665 935 4745 quantocius
964 4667 1108 4748 poterint
1136 4667 1197 4732 sub
1218 4667 1304 4734 dicte
