<?xml version="1.0" encoding="UTF-8"?>
<!DOCTYPE html PUBLIC "-//W3C//DTD XHTML 1.0 Transitional//EN"
    "http://www.w3.org/TR/xhtml1/DTD/xhtml1-transitional.dtd">
<html xmlns="http://www.w3.org/1999/xhtml" xml:lang="en" lang="en">
 <head>
  <title>
</title>
<meta http-equiv="Content-Type" content="text/html;charset=utf-8" />
  <meta name='ocr-system' content='tesseract 3.04.00' />
  <meta name='ocr-capabilities' content='ocr_page ocr_carea ocr_par ocr_line ocrx_word'/>
</head>
<body>
  <div class='ocr_page' id='page_1' title='image "./documentamagjoa00palagoog_0679.png"; bbox 0 0 2992 5258; ppageno 0'>
   <div class='ocr_carea' id='block_1_1' title="bbox 483 428 1347 499">
    <p class='ocr_par' dir='ltr' id='par_1_1' title="bbox 483 428 1347 499">
     <span class='ocr_line' id='line_1_1' title="bbox 483 428 1347 499; baseline -0.001 -15"><span class='ocrx_word' id='word_1_1' title='bbox 483 432 539 486; x_wconf 79' lang='lat'>109.</span> <span class='ocrx_word' id='word_1_2' title='bbox 563 428 727 497; x_wconf 77' lang='lat' dir='ltr'>Sigismundi</span> <span class='ocrx_word' id='word_1_3' title='bbox 745 444 912 499; x_wconf 84' lang='lat' dir='ltr'>responsum.</span> <span class='ocrx_word' id='word_1_4' title='bbox 1285 433 1347 497; x_wconf 78' lang='lat'>653</span> 
     </span>
    </p>
   </div>
   <div class='ocr_carea' id='block_1_2' title="bbox 141 633 1347 4741">
    <p class='ocr_par' dir='ltr' id='par_1_2' title="bbox 141 633 1347 4741">
     <span class='ocr_line' id='line_1_2' title="bbox 150 633 1347 716; baseline -0.002 -18"><span class='ocrx_word' id='word_1_5' title='bbox 150 638 243 700; x_wconf 87' lang='lat' dir='ltr'>natas</span> <span class='ocrx_word' id='word_1_6' title='bbox 273 638 307 699; x_wconf 92' lang='lat' dir='ltr'>et</span> <span class='ocrx_word' id='word_1_7' title='bbox 332 650 511 716; x_wconf 88' lang='lat' dir='ltr'>perversas,</span> <span class='ocrx_word' id='word_1_8' title='bbox 539 650 602 699; x_wconf 91' lang='lat' dir='ltr'>non</span> <span class='ocrx_word' id='word_1_9' title='bbox 632 633 825 699; x_wconf 84' lang='lat' dir='ltr'>intendimus</span> <span class='ocrx_word' id='word_1_10' title='bbox 851 651 923 698; x_wconf 89' lang='lat' dir='ltr'>curn</span> <span class='ocrx_word' id='word_1_11' title='bbox 953 633 999 698; x_wconf 91' lang='lat' dir='ltr'>eis</span> <span class='ocrx_word' id='word_1_12' title='bbox 1021 648 1080 697; x_wconf 91' lang='lat' dir='ltr'>nec</span> <span class='ocrx_word' id='word_1_13' title='bbox 1102 633 1264 714; x_wconf 78' lang='lat' dir='ltr'>placitare,</span> <span class='ocrx_word' id='word_1_14' title='bbox 1287 650 1347 697; x_wconf 93' lang='lat' dir='ltr'>nec</span> 
     </span>
     <span class='ocr_line' id='line_1_3' title="bbox 151 733 1345 813; baseline -0.002 -12"><span class='ocrx_word' id='word_1_15' title='bbox 151 733 322 801; x_wconf 84' lang='lat' dir='ltr'>convenire</span> <span class='ocrx_word' id='word_1_16' title='bbox 346 735 411 801; x_wconf 93' lang='lat' dir='ltr'>ullo</span> <span class='ocrx_word' id='word_1_17' title='bbox 431 734 544 813; x_wconf 91' lang='lat' dir='ltr'>modo;</span> <span class='ocrx_word' id='word_1_18' title='bbox 567 735 594 799; x_wconf 93' lang='lat' dir='ltr'>si</span> <span class='ocrx_word' id='word_1_19' title='bbox 616 739 723 800; x_wconf 82' lang='lat' dir='ltr'>eutem</span> <span class='ocrx_word' id='word_1_20' title='bbox 746 735 889 800; x_wconf 85' lang='lat' dir='ltr'>converti</span> <span class='ocrx_word' id='word_1_21' title='bbox 904 733 1062 799; x_wconf 87' lang='lat' dir='ltr'>voluerint</span> <span class='ocrx_word' id='word_1_22' title='bbox 1076 733 1116 797; x_wconf 91' lang='lat' dir='ltr'>ad</span> <span class='ocrx_word' id='word_1_23' title='bbox 1132 733 1345 801; x_wconf 80' lang='lat' dir='ltr'>obedientiam</span> 
     </span>
     <span class='ocr_line' id='line_1_4' title="bbox 151 833 1343 917; baseline -0.003 -15"><span class='ocrx_word' id='word_1_24' title='bbox 151 835 307 902; x_wconf 81' lang='lat' dir='ltr'>ecclesiae</span> <span class='ocrx_word' id='word_1_25' title='bbox 340 842 373 902; x_wconf 91' lang='lat' dir='ltr'>ct</span> <span class='ocrx_word' id='word_1_26' title='bbox 404 835 465 901; x_wconf 89' lang='lat' dir='ltr'>hoc</span> <span class='ocrx_word' id='word_1_27' title='bbox 498 854 560 900; x_wconf 96' lang='lat' dir='ltr'>nou</span> <span class='ocrx_word' id='word_1_28' title='bbox 590 836 837 914; x_wconf 80' lang='lat' dir='ltr'><strong>immutaverint,</strong></span> <span class='ocrx_word' id='word_1_29' title='bbox 865 834 949 917; x_wconf 90' lang='lat' dir='ltr'>quod</span> <span class='ocrx_word' id='word_1_30' title='bbox 976 839 1051 898; x_wconf 88' lang='lat' dir='ltr'>tunc</span> <span class='ocrx_word' id='word_1_31' title='bbox 1081 851 1152 898; x_wconf 90' lang='lat' dir='ltr'>cum</span> <span class='ocrx_word' id='word_1_32' title='bbox 1180 833 1343 916; x_wconf 90' lang='lat' dir='ltr'>praedicto</span> 
     </span>
     <span class='ocr_line' id='line_1_5' title="bbox 149 932 1345 1016; baseline -0.003 -13"><span class='ocrx_word' id='word_1_33' title='bbox 149 935 250 1003; x_wconf 74' lang='lat' dir='ltr'>hutre</span> <span class='ocrx_word' id='word_1_34' title='bbox 278 941 397 1016; x_wconf 88' lang='lat' dir='ltr'>nostro,</span> <span class='ocrx_word' id='word_1_35' title='bbox 428 937 478 1001; x_wconf 88' lang='lat' dir='ltr'>vel</span> <span class='ocrx_word' id='word_1_36' title='bbox 506 954 577 1001; x_wconf 94' lang='lat' dir='ltr'>cum</span> <span class='ocrx_word' id='word_1_37' title='bbox 600 954 657 1001; x_wconf 92' lang='lat' dir='ltr'>suo</span> <span class='ocrx_word' id='word_1_38' title='bbox 687 936 819 1001; x_wconf 90' lang='lat' dir='ltr'>consilio</span> <span class='ocrx_word' id='word_1_39' title='bbox 840 942 874 1001; x_wconf 90' lang='lat' dir='ltr'>et</span> <span class='ocrx_word' id='word_1_40' title='bbox 903 932 1085 1012; x_wconf 82' lang='lat' dir='ltr'>baronibus,</span> <span class='ocrx_word' id='word_1_41' title='bbox 1109 935 1213 1015; x_wconf 87' lang='lat' dir='ltr'>parati</span> <span class='ocrx_word' id='word_1_42' title='bbox 1236 952 1345 999; x_wconf 90' lang='lat' dir='ltr'>sumus</span> 
     </span>
     <span class='ocr_line' id='line_1_6' title="bbox 149 1034 1346 1118; baseline -0.002 -16"><span class='ocrx_word' id='word_1_43' title='bbox 149 1035 321 1102; x_wconf 84' lang='lat' dir='ltr'>convenire</span> <span class='ocrx_word' id='word_1_44' title='bbox 351 1038 383 1101; x_wconf 92' lang='lat' dir='ltr'>in</span> <span class='ocrx_word' id='word_1_45' title='bbox 414 1038 484 1102; x_wconf 88' lang='lat' dir='ltr'>loco</span> <span class='ocrx_word' id='word_1_46' title='bbox 512 1043 546 1102; x_wconf 91' lang='lat' dir='ltr'>et</span> <span class='ocrx_word' id='word_1_47' title='bbox 574 1037 712 1103; x_wconf 89' lang='lat' dir='ltr'>termino</span> <span class='ocrx_word' id='word_1_48' title='bbox 734 1034 947 1118; x_wconf 86' lang='lat' dir='ltr'>praefigendo,</span> <span class='ocrx_word' id='word_1_49' title='bbox 970 1044 1004 1101; x_wconf 89' lang='lat' dir='ltr'>et</span> <span class='ocrx_word' id='word_1_50' title='bbox 1025 1036 1093 1100; x_wconf 88' lang='lat' dir='ltr'>visa</span> <span class='ocrx_word' id='word_1_51' title='bbox 1113 1035 1197 1101; x_wconf 92' lang='lat' dir='ltr'>bona</span> <span class='ocrx_word' id='word_1_52' title='bbox 1217 1040 1252 1103; x_wconf 92' lang='lat' dir='ltr'>et</span> <span class='ocrx_word' id='word_1_53' title='bbox 1272 1052 1346 1103; x_wconf 87' lang='lat' dir='ltr'>con-</span> 
     </span>
     <span class='ocr_line' id='line_1_7' title="bbox 149 1136 1347 1219; baseline -0.002 -18"><span class='ocrx_word' id='word_1_54' title='bbox 149 1138 247 1202; x_wconf 77' lang='lat' dir='ltr'>stanti</span> <span class='ocrx_word' id='word_1_55' title='bbox 274 1136 438 1203; x_wconf 88' lang='lat' dir='ltr'>voluntate</span> <span class='ocrx_word' id='word_1_56' title='bbox 459 1137 615 1203; x_wconf 91' lang='lat' dir='ltr'>dictorum</span> <span class='ocrx_word' id='word_1_57' title='bbox 636 1138 791 1203; x_wconf 91' lang='lat' dir='ltr'>baronum</span> <span class='ocrx_word' id='word_1_58' title='bbox 817 1144 851 1202; x_wconf 94' lang='lat' dir='ltr'>ct</span> <span class='ocrx_word' id='word_1_59' title='bbox 876 1137 1030 1215; x_wconf 89' lang='lat' dir='ltr'>aliorum,</span> <span class='ocrx_word' id='word_1_60' title='bbox 1054 1137 1107 1219; x_wconf 90' lang='lat' dir='ltr'>qui</span> <span class='ocrx_word' id='word_1_61' title='bbox 1135 1136 1285 1202; x_wconf 90' lang='lat' dir='ltr'>dicuntur</span> <span class='ocrx_word' id='word_1_62' title='bbox 1307 1136 1347 1200; x_wconf 91' lang='lat' dir='ltr'>dc</span> 
     </span>
     <span class='ocr_line' id='line_1_8' title="bbox 150 1236 1347 1319; baseline -0.003 -17"><span class='ocrx_word' id='word_1_63' title='bbox 150 1243 239 1303; x_wconf 79' lang='lat' dir='ltr'>recta</span> <span class='ocrx_word' id='word_1_64' title='bbox 260 1236 515 1317; x_wconf 85' lang='lat' dir='ltr'>Wiclefistarum,</span> <span class='ocrx_word' id='word_1_65' title='bbox 537 1238 659 1319; x_wconf 88' lang='lat' dir='ltr'>aliquos</span> <span class='ocrx_word' id='word_1_66' title='bbox 681 1237 819 1319; x_wconf 76' lang='lat' dir='ltr'>maiores</span> <span class='ocrx_word' id='word_1_67' title='bbox 841 1237 881 1302; x_wconf 94' lang='lat' dir='ltr'>de</span> <span class='ocrx_word' id='word_1_68' title='bbox 904 1237 951 1302; x_wconf 89' lang='lat' dir='ltr'>cis</span> <span class='ocrx_word' id='word_1_69' title='bbox 972 1237 1012 1302; x_wconf 91' lang='lat' dir='ltr'>ad</span> <span class='ocrx_word' id='word_1_70' title='bbox 1034 1237 1117 1302; x_wconf 94' lang='lat' dir='ltr'>hunc</span> <span class='ocrx_word' id='word_1_71' title='bbox 1138 1237 1242 1302; x_wconf 92' lang='lat' dir='ltr'>locum</span> <span class='ocrx_word' id='word_1_72' title='bbox 1265 1237 1347 1301; x_wconf 88' lang='lat' dir='ltr'>sacri</span> 
     </span>
     <span class='ocr_line' id='line_1_9' title="bbox 150 1337 1346 1422; baseline -0.003 -19"><span class='ocrx_word' id='word_1_73' title='bbox 150 1338 276 1404; x_wconf 92' lang='lat' dir='ltr'>concilii</span> <span class='ocrx_word' id='word_1_74' title='bbox 306 1337 517 1420; x_wconf 88' lang='lat' dir='ltr'>adducemus;</span> <span class='ocrx_word' id='word_1_75' title='bbox 548 1339 827 1422; x_wconf 82' lang='lat' dir='ltr'>supplicamusque</span> <span class='ocrx_word' id='word_1_76' title='bbox 858 1356 917 1421; x_wconf 91' lang='lat' dir='ltr'>pro</span> <span class='ocrx_word' id='word_1_77' title='bbox 947 1338 1178 1404; x_wconf 88' lang='lat' dir='ltr'>sententiarum</span> <span class='ocrx_word' id='word_1_78' title='bbox 1205 1355 1242 1409; x_wconf 88' lang='lat' dir='ltr'>ac</span> <span class='ocrx_word' id='word_1_79' title='bbox 1274 1354 1346 1400; x_wconf 89' lang='lat' dir='ltr'>cen·</span> 
     </span>
     <span class='ocr_line' id='line_1_10' title="bbox 150 1434 1340 1521; baseline -0.001 -18"><span class='ocrx_word' id='word_1_80' title='bbox 150 1454 307 1518; x_wconf 83' lang='lat' dir='ltr'>surarum,</span> <span class='ocrx_word' id='word_1_81' title='bbox 335 1439 452 1521; x_wconf 86' lang='lat' dir='ltr'>quibus</span> <span class='ocrx_word' id='word_1_82' title='bbox 480 1448 556 1505; x_wconf 93' lang='lat' dir='ltr'>sunt</span> <span class='ocrx_word' id='word_1_83' title='bbox 582 1440 681 1521; x_wconf 80' lang='lat' dir='ltr'>ligati,</span> <span class='ocrx_word' id='word_1_84' title='bbox 709 1439 933 1521; x_wconf 82' lang='lat' dir='ltr'>suspensione,</span> <span class='ocrx_word' id='word_1_85' title='bbox 961 1439 1045 1521; x_wconf 91' lang='lat' dir='ltr'>quod</span> <span class='ocrx_word' id='word_1_86' title='bbox 1073 1439 1169 1504; x_wconf 90' lang='lat' dir='ltr'>etiam</span> <span class='ocrx_word' id='word_1_87' title='bbox 1198 1434 1340 1502; x_wconf 75' lang='lat' dir='ltr'>aPatbul</span> 
     </span>
     <span class='ocr_line' id='line_1_11' title="bbox 152 1538 1346 1624; baseline 0 -22"><span class='ocrx_word' id='word_1_88' title='bbox 152 1538 213 1601; x_wconf 78' lang='lat' dir='ltr'>V¹¹¹</span> <span class='ocrx_word' id='word_1_89' title='bbox 236 1556 402 1622; x_wconf 86' lang='lat' dir='ltr'>speramus</span> <span class='ocrx_word' id='word_1_90' title='bbox 425 1542 596 1623; x_wconf 77' lang='lat' dir='ltr'>gratiosius</span> <span class='ocrx_word' id='word_1_91' title='bbox 618 1558 712 1624; x_wconf 91' lang='lat' dir='ltr'>posse</span> <span class='ocrx_word' id='word_1_92' title='bbox 735 1540 888 1606; x_wconf 87' lang='lat' dir='ltr'>obtinere.</span> <span class='ocrx_word' id='word_1_93' title='bbox 922 1541 964 1605; x_wconf 90' lang='lat' dir='ltr'>Et</span> <span class='ocrx_word' id='word_1_94' title='bbox 985 1540 1017 1604; x_wconf 94' lang='lat' dir='ltr'>in</span> <span class='ocrx_word' id='word_1_95' title='bbox 1041 1558 1115 1606; x_wconf 88' lang='lat' dir='ltr'>casu</span> <span class='ocrx_word' id='word_1_96' title='bbox 1138 1556 1200 1620; x_wconf 87' lang='lat' dir='ltr'>quo</span> <span class='ocrx_word' id='word_1_97' title='bbox 1216 1539 1346 1604; x_wconf 78' lang='lat' dir='ltr'>tratrem</span> 
     </span>
     <span class='ocr_line' id='line_1_12' title="bbox 150 1640 1345 1722; baseline 0.001 -21"><span class='ocrx_word' id='word_1_98' title='bbox 150 1645 297 1704; x_wconf 91' lang='lat' dir='ltr'>nostrum</span> <span class='ocrx_word' id='word_1_99' title='bbox 322 1646 359 1704; x_wconf 93' lang='lat' dir='ltr'>ut</span> <span class='ocrx_word' id='word_1_100' title='bbox 386 1642 568 1722; x_wconf 82' lang='lat' dir='ltr'>praefertur</span> <span class='ocrx_word' id='word_1_101' title='bbox 600 1641 714 1707; x_wconf 89' lang='lat' dir='ltr'>honam</span> <span class='ocrx_word' id='word_1_102' title='bbox 740 1642 936 1707; x_wconf 89' lang='lat' dir='ltr'>voluntatem</span> <span class='ocrx_word' id='word_1_103' title='bbox 965 1641 1050 1706; x_wconf 91' lang='lat' dir='ltr'>circa</span> <span class='ocrx_word' id='word_1_104' title='bbox 1082 1640 1345 1722; x_wconf 83' lang='lat' dir='ltr'>exstirpationem</span> 
     </span>
     <span class='ocr_line' id='line_1_13' title="bbox 152 1737 1344 1820; baseline 0.001 -19"><span class='ocrx_word' id='word_1_105' title='bbox 152 1737 279 1804; x_wconf 87' lang='lat' dir='ltr'>illorum</span> <span class='ocrx_word' id='word_1_106' title='bbox 290 1757 435 1805; x_wconf 88' lang='lat' dir='ltr'>errorum</span> <span class='ocrx_word' id='word_1_107' title='bbox 450 1741 568 1808; x_wconf 88' lang='lat' dir='ltr'>habere</span> <span class='ocrx_word' id='word_1_108' title='bbox 585 1743 809 1820; x_wconf 84' lang='lat' dir='ltr'>invenerimus,</span> <span class='ocrx_word' id='word_1_109' title='bbox 832 1741 887 1806; x_wconf 93' lang='lat' dir='ltr'>sed</span> <span class='ocrx_word' id='word_1_110' title='bbox 904 1743 944 1807; x_wconf 96' lang='lat' dir='ltr'>oh</span> <span class='ocrx_word' id='word_1_111' title='bbox 959 1740 1194 1806; x_wconf 87' lang='lat' dir='ltr'>multitudinem</span> <span class='ocrx_word' id='word_1_112' title='bbox 1209 1740 1344 1816; x_wconf 90' lang='lat' dir='ltr'>illorum,</span> 
     </span>
     <span class='ocr_line' id='line_1_14' title="bbox 151 1838 1346 1921; baseline 0.002 -19"><span class='ocrx_word' id='word_1_113' title='bbox 151 1838 205 1920; x_wconf 90' lang='lat' dir='ltr'>qui</span> <span class='ocrx_word' id='word_1_114' title='bbox 237 1839 319 1905; x_wconf 83' lang='lat' dir='ltr'>hanc</span> <span class='ocrx_word' id='word_1_115' title='bbox 352 1847 470 1907; x_wconf 90' lang='lat' dir='ltr'>sectam</span> <span class='ocrx_word' id='word_1_116' title='bbox 501 1843 627 1912; x_wconf 83' lang='lat' dir='ltr'>fovent.</span> <span class='ocrx_word' id='word_1_117' title='bbox 660 1862 724 1908; x_wconf 91' lang='lat' dir='ltr'>non</span> <span class='ocrx_word' id='word_1_118' title='bbox 757 1841 875 1908; x_wconf 82' lang='lat' dir='ltr'>habere</span> <span class='ocrx_word' id='word_1_119' title='bbox 909 1841 1120 1907; x_wconf 79' lang='lat' dir='ltr'>sufficientem</span> <span class='ocrx_word' id='word_1_120' title='bbox 1152 1845 1346 1921; x_wconf 90' lang='lat' dir='ltr'>potestatem</span> 
     </span>
     <span class='ocr_line' id='line_1_15' title="bbox 152 1940 1347 2022; baseline 0.003 -20"><span class='ocrx_word' id='word_1_121' title='bbox 152 1940 392 2018; x_wconf 78' lang='lat' dir='ltr'>exterminandi,</span> <span class='ocrx_word' id='word_1_122' title='bbox 423 1943 636 2022; x_wconf 85' lang='lat' dir='ltr'>promittimus</span> <span class='ocrx_word' id='word_1_123' title='bbox 665 1945 764 2022; x_wconf 91' lang='lat' dir='ltr'>vobis,</span> <span class='ocrx_word' id='word_1_124' title='bbox 792 1944 852 2007; x_wconf 94' lang='lat' dir='ltr'>sibi</span> <span class='ocrx_word' id='word_1_125' title='bbox 884 1961 953 2006; x_wconf 91' lang='lat' dir='ltr'>cum</span> <span class='ocrx_word' id='word_1_126' title='bbox 983 1950 1050 2007; x_wconf 92' lang='lat' dir='ltr'>tota</span> <span class='ocrx_word' id='word_1_127' title='bbox 1070 1948 1178 2006; x_wconf 89' lang='lat' dir='ltr'>nostra</span> <span class='ocrx_word' id='word_1_128' title='bbox 1203 1941 1347 2022; x_wconf 75' lang='lat' dir='ltr'>potentia</span> 
     </span>
     <span class='ocr_line' id='line_1_16' title="bbox 152 2042 1346 2124; baseline 0.003 -24"><span class='ocrx_word' id='word_1_129' title='bbox 152 2056 341 2106; x_wconf 87' lang='lat' dir='ltr'>succurrere</span> <span class='ocrx_word' id='word_1_130' title='bbox 365 2048 398 2106; x_wconf 92' lang='lat' dir='ltr'>et</span> <span class='ocrx_word' id='word_1_131' title='bbox 419 2042 572 2108; x_wconf 83' lang='lat' dir='ltr'>assistere</span> <span class='ocrx_word' id='word_1_132' title='bbox 595 2062 695 2124; x_wconf 88' lang='lat' dir='ltr'>usque</span> <span class='ocrx_word' id='word_1_133' title='bbox 717 2043 757 2108; x_wconf 88' lang='lat' dir='ltr'>ad</span> <span class='ocrx_word' id='word_1_134' title='bbox 779 2043 903 2109; x_wconf 88' lang='lat' dir='ltr'>finalem</span> <span class='ocrx_word' id='word_1_135' title='bbox 926 2042 1186 2123; x_wconf 86' lang='lat' dir='ltr'>exstirpationem</span> <span class='ocrx_word' id='word_1_136' title='bbox 1208 2042 1346 2105; x_wconf 92' lang='lat' dir='ltr'>omnium</span> 
     </span>
     <span class='ocr_line' id='line_1_17' title="bbox 152 2142 1345 2225; baseline 0.001 -22"><span class='ocrx_word' id='word_1_137' title='bbox 152 2155 296 2204; x_wconf 87' lang='lat' dir='ltr'>errorum</span> <span class='ocrx_word' id='word_1_138' title='bbox 320 2147 352 2207; x_wconf 92' lang='lat' dir='ltr'>et</span> <span class='ocrx_word' id='word_1_139' title='bbox 374 2142 542 2208; x_wconf 87' lang='lat' dir='ltr'>haeresum</span> <span class='ocrx_word' id='word_1_140' title='bbox 558 2144 782 2225; x_wconf 83' lang='lat' dir='ltr'>praefatorum,</span> <span class='ocrx_word' id='word_1_141' title='bbox 805 2149 838 2207; x_wconf 92' lang='lat' dir='ltr'>et</span> <span class='ocrx_word' id='word_1_142' title='bbox 853 2142 1093 2225; x_wconf 84' lang='lat' dir='ltr'>procurabimus</span> <span class='ocrx_word' id='word_1_143' title='bbox 1109 2142 1345 2206; x_wconf 89' lang='lat' dir='ltr'>restitutionem</span> 
     </span>
     <span class='ocr_line' id='line_1_18' title="bbox 151 2238 1346 2324; baseline 0.002 -21"><span class='ocrx_word' id='word_1_144' title='bbox 151 2238 229 2304; x_wconf 89' lang='lat' dir='ltr'>cleri</span> <span class='ocrx_word' id='word_1_145' title='bbox 263 2242 401 2323; x_wconf 89' lang='lat' dir='ltr'>spoliati.</span> <span class='ocrx_word' id='word_1_146' title='bbox 447 2244 569 2308; x_wconf 90' lang='lat' dir='ltr'>Scimus</span> <span class='ocrx_word' id='word_1_147' title='bbox 604 2245 687 2309; x_wconf 89' lang='lat' dir='ltr'>enim</span> <span class='ocrx_word' id='word_1_148' title='bbox 719 2244 832 2309; x_wconf 88' lang='lat' dir='ltr'>damna</span> <span class='ocrx_word' id='word_1_149' title='bbox 865 2250 897 2307; x_wconf 91' lang='lat' dir='ltr'>et</span> <span class='ocrx_word' id='word_1_150' title='bbox 920 2243 1069 2324; x_wconf 81' lang='lat' dir='ltr'>pericula,</span> <span class='ocrx_word' id='word_1_151' title='bbox 1105 2261 1186 2323; x_wconf 86' lang='lat' dir='ltr'>quae</span> <span class='ocrx_word' id='word_1_152' title='bbox 1215 2243 1255 2307; x_wconf 91' lang='lat' dir='ltr'>ab</span> <span class='ocrx_word' id='word_1_153' title='bbox 1287 2242 1346 2306; x_wconf 91' lang='lat' dir='ltr'>hac</span> 
     </span>
     <span class='ocr_line' id='line_1_19' title="bbox 152 2338 1345 2425; baseline 0.002 -22"><span class='ocrx_word' id='word_1_154' title='bbox 152 2338 278 2405; x_wconf 87' lang='lat' dir='ltr'>haeresi</span> <span class='ocrx_word' id='word_1_155' title='bbox 307 2342 341 2405; x_wconf 92' lang='lat' dir='ltr'>in</span> <span class='ocrx_word' id='word_1_156' title='bbox 370 2342 423 2407; x_wconf 93' lang='lat' dir='ltr'>illo</span> <span class='ocrx_word' id='word_1_157' title='bbox 453 2362 552 2424; x_wconf 84' lang='lat' dir='ltr'>regno</span> <span class='ocrx_word' id='word_1_158' title='bbox 581 2351 766 2423; x_wconf 89' lang='lat' dir='ltr'>evenerunt,</span> <span class='ocrx_word' id='word_1_159' title='bbox 800 2362 881 2425; x_wconf 89' lang='lat' dir='ltr'>quae</span> <span class='ocrx_word' id='word_1_160' title='bbox 911 2361 1063 2408; x_wconf 90' lang='lat' dir='ltr'>enarrare</span> <span class='ocrx_word' id='word_1_161' title='bbox 1097 2343 1225 2424; x_wconf 93' lang='lat' dir='ltr'>longum</span> <span class='ocrx_word' id='word_1_162' title='bbox 1249 2349 1345 2409; x_wconf 86' lang='lat' dir='ltr'>esset.</span> 
     </span>
     <span class='ocr_line' id='line_1_20' title="bbox 151 2440 1344 2528; baseline 0.002 -24"><span class='ocrx_word' id='word_1_163' title='bbox 151 2440 245 2519; x_wconf 84' lang='lat' dir='ltr'>Quod</span> <span class='ocrx_word' id='word_1_164' title='bbox 284 2442 409 2524; x_wconf 89' lang='lat' dir='ltr'>quidem</span> <span class='ocrx_word' id='word_1_165' title='bbox 443 2463 576 2526; x_wconf 86' lang='lat' dir='ltr'>regnum</span> <span class='ocrx_word' id='word_1_166' title='bbox 609 2452 752 2528; x_wconf 90' lang='lat' dir='ltr'>tempore</span> <span class='ocrx_word' id='word_1_167' title='bbox 787 2445 892 2510; x_wconf 84' lang='lat' dir='ltr'>felicis</span> <span class='ocrx_word' id='word_1_168' title='bbox 924 2443 1156 2509; x_wconf 86' lang='lat' dir='ltr'>recordationis</span> <span class='ocrx_word' id='word_1_169' title='bbox 1189 2443 1344 2524; x_wconf 87' lang='lat' dir='ltr'>genitoris</span> 
     </span>
     <span class='ocr_line' id='line_1_21' title="bbox 151 2542 1346 2628; baseline 0.002 -23"><span class='ocrx_word' id='word_1_170' title='bbox 151 2542 254 2606; x_wconf 85' lang='lat' dir='ltr'>nostri</span> <span class='ocrx_word' id='word_1_171' title='bbox 285 2560 343 2625; x_wconf 89' lang='lat' dir='ltr'>per</span> <span class='ocrx_word' id='word_1_172' title='bbox 372 2544 470 2609; x_wconf 85' lang='lat' dir='ltr'>multa</span> <span class='ocrx_word' id='word_1_173' title='bbox 500 2552 645 2628; x_wconf 87' lang='lat' dir='ltr'>tempora</span> <span class='ocrx_word' id='word_1_174' title='bbox 666 2551 740 2611; x_wconf 88' lang='lat' dir='ltr'>autc</span> <span class='ocrx_word' id='word_1_175' title='bbox 763 2550 889 2627; x_wconf 86' lang='lat' dir='ltr'>etpost</span> <span class='ocrx_word' id='word_1_176' title='bbox 911 2543 972 2610; x_wconf 87' lang='lat' dir='ltr'>fuit</span> <span class='ocrx_word' id='word_1_177' title='bbox 994 2544 1184 2610; x_wconf 82' lang='lat' dir='ltr'>catholicum</span> <span class='ocrx_word' id='word_1_178' title='bbox 1207 2550 1240 2608; x_wconf 89' lang='lat' dir='ltr'>et</span> <span class='ocrx_word' id='word_1_179' title='bbox 1260 2544 1346 2609; x_wconf 89' lang='lat' dir='ltr'>iuter</span> 
     </span>
     <span class='ocr_line' id='line_1_22' title="bbox 150 2642 1345 2725; baseline -0.003 -14"><span class='ocrx_word' id='word_1_180' title='bbox 150 2642 251 2711; x_wconf 82' lang='lat' dir='ltr'>multa</span> <span class='ocrx_word' id='word_1_181' title='bbox 276 2643 340 2708; x_wconf 82' lang='lat' dir='ltr'>alis</span> <span class='ocrx_word' id='word_1_182' title='bbox 366 2662 468 2725; x_wconf 90' lang='lat' dir='ltr'>regna</span> <span class='ocrx_word' id='word_1_183' title='bbox 494 2646 534 2711; x_wconf 90' lang='lat' dir='ltr'>de</span> <span class='ocrx_word' id='word_1_184' title='bbox 562 2654 651 2713; x_wconf 85' lang='lat' dir='ltr'>recta</span> <span class='ocrx_word' id='word_1_185' title='bbox 672 2645 733 2712; x_wconf 89' lang='lat' dir='ltr'>fide</span> <span class='ocrx_word' id='word_1_186' title='bbox 762 2652 796 2712; x_wconf 93' lang='lat' dir='ltr'>et</span> <span class='ocrx_word' id='word_1_187' title='bbox 817 2646 857 2712; x_wconf 93' lang='lat' dir='ltr'>de</span> <span class='ocrx_word' id='word_1_188' title='bbox 878 2647 962 2712; x_wconf 86' lang='lat' dir='ltr'>bona</span> <span class='ocrx_word' id='word_1_189' title='bbox 984 2646 1153 2712; x_wconf 89' lang='lat' dir='ltr'>devotione</span> <span class='ocrx_word' id='word_1_190' title='bbox 1175 2645 1345 2710; x_wconf 85' lang='lat' dir='ltr'>laudatum.</span> 
     </span>
     <span class='ocr_line' id='line_1_23' title="bbox 150 2740 1346 2829; baseline 0.003 -22"><span class='ocrx_word' id='word_1_191' title='bbox 150 2740 274 2807; x_wconf 89' lang='lat' dir='ltr'>Scimus</span> <span class='ocrx_word' id='word_1_192' title='bbox 303 2743 407 2825; x_wconf 90' lang='lat' dir='ltr'>etiam,</span> <span class='ocrx_word' id='word_1_193' title='bbox 431 2747 515 2827; x_wconf 90' lang='lat' dir='ltr'>quod</span> <span class='ocrx_word' id='word_1_194' title='bbox 541 2747 704 2812; x_wconf 90' lang='lat' dir='ltr'>hodiernis</span> <span class='ocrx_word' id='word_1_195' title='bbox 731 2747 843 2812; x_wconf 89' lang='lat' dir='ltr'>diebus</span> <span class='ocrx_word' id='word_1_196' title='bbox 875 2748 937 2812; x_wconf 92' lang='lat' dir='ltr'>heu</span> <span class='ocrx_word' id='word_1_197' title='bbox 964 2746 1152 2829; x_wconf 80' lang='lat' dir='ltr'>prohdolor!</span> <span class='ocrx_word' id='word_1_198' title='bbox 1180 2747 1211 2810; x_wconf 94' lang='lat' dir='ltr'>in</span> <span class='ocrx_word' id='word_1_199' title='bbox 1239 2745 1346 2810; x_wconf 82' lang='lat' dir='ltr'>ruurultis</span> 
     </span>
     <span class='ocr_line' id='line_1_24' title="bbox 151 2841 1346 2927; baseline 0.003 -20"><span class='ocrx_word' id='word_1_200' title='bbox 151 2841 333 2908; x_wconf 82' lang='lat' dir='ltr'>diffamatur</span> <span class='ocrx_word' id='word_1_201' title='bbox 354 2847 527 2927; x_wconf 88' lang='lat' dir='ltr'>erroribus,</span> <span class='ocrx_word' id='word_1_202' title='bbox 550 2854 584 2913; x_wconf 91' lang='lat' dir='ltr'>et</span> <span class='ocrx_word' id='word_1_203' title='bbox 605 2849 739 2913; x_wconf 84' lang='lat' dir='ltr'>maxime</span> <span class='ocrx_word' id='word_1_204' title='bbox 762 2846 867 2912; x_wconf 90' lang='lat' dir='ltr'>divino</span> <span class='ocrx_word' id='word_1_205' title='bbox 888 2847 1054 2912; x_wconf 85' lang='lat' dir='ltr'>fraudatur</span> <span class='ocrx_word' id='word_1_206' title='bbox 1076 2848 1180 2913; x_wconf 86' lang='lat' dir='ltr'>oiiicio</span> <span class='ocrx_word' id='word_1_207' title='bbox 1203 2847 1290 2923; x_wconf 88' lang='lat' dir='ltr'>cleri,</span> <span class='ocrx_word' id='word_1_208' title='bbox 1313 2854 1346 2910; x_wconf 91' lang='lat' dir='ltr'>et</span> 
     </span>
     <span class='ocr_line' id='line_1_25' title="bbox 151 2943 1343 3027; baseline 0.003 -20"><span class='ocrx_word' id='word_1_209' title='bbox 151 2943 337 3009; x_wconf 86' lang='lat' dir='ltr'>sacerdotes</span> <span class='ocrx_word' id='word_1_210' title='bbox 359 2946 545 3027; x_wconf 87' lang='lat' dir='ltr'>spoliantur,</span> <span class='ocrx_word' id='word_1_211' title='bbox 568 2954 601 3012; x_wconf 93' lang='lat' dir='ltr'>et</span> <span class='ocrx_word' id='word_1_212' title='bbox 622 2949 721 3013; x_wconf 85' lang='lat' dir='ltr'>multa</span> <span class='ocrx_word' id='word_1_213' title='bbox 742 2947 804 3012; x_wconf 88' lang='lat' dir='ltr'>alia</span> <span class='ocrx_word' id='word_1_214' title='bbox 825 2947 907 3012; x_wconf 92' lang='lat' dir='ltr'>mala</span> <span class='ocrx_word' id='word_1_215' title='bbox 921 2946 1037 3011; x_wconf 90' lang='lat' dir='ltr'>ibidem</span> <span class='ocrx_word' id='word_1_216' title='bbox 1061 2947 1149 3026; x_wconf 75' lang='lat' dir='ltr'>ficunt,</span> <span class='ocrx_word' id='word_1_217' title='bbox 1173 2946 1343 3027; x_wconf 86' lang='lat' dir='ltr'>dequibus</span> 
     </span>
     <span class='ocr_line' id='line_1_26' title="bbox 151 3043 1345 3114; baseline 0.001 -4"><span class='ocrx_word' id='word_1_218' title='bbox 151 3044 227 3110; x_wconf 93' lang='lat' dir='ltr'>boni</span> <span class='ocrx_word' id='word_1_219' title='bbox 257 3052 290 3110; x_wconf 90' lang='lat' dir='ltr'>et</span> <span class='ocrx_word' id='word_1_220' title='bbox 318 3043 428 3111; x_wconf 90' lang='lat' dir='ltr'>fideles</span> <span class='ocrx_word' id='word_1_221' title='bbox 457 3048 542 3112; x_wconf 91' lang='lat' dir='ltr'>illius</span> <span class='ocrx_word' id='word_1_222' title='bbox 569 3055 675 3113; x_wconf 89' lang='lat' dir='ltr'>terrae</span> <span class='ocrx_word' id='word_1_223' title='bbox 710 3048 819 3114; x_wconf 92' lang='lat' dir='ltr'>dolent</span> <span class='ocrx_word' id='word_1_224' title='bbox 850 3055 883 3113; x_wconf 92' lang='lat' dir='ltr'>et</span> <span class='ocrx_word' id='word_1_225' title='bbox 916 3049 1158 3112; x_wconf 86' lang='lat' dir='ltr'>contristantur.</span> <span class='ocrx_word' id='word_1_226' title='bbox 1201 3048 1280 3112; x_wconf 83' lang='lat' dir='ltr'>liam</span> <span class='ocrx_word' id='word_1_227' title='bbox 1313 3050 1345 3112; x_wconf 95' lang='lat' dir='ltr'>in</span> 
     </span>
     <span class='ocr_line' id='line_1_27' title="bbox 151 3144 1342 3231; baseline 0.004 -22"><span class='ocrx_word' id='word_1_228' title='bbox 151 3144 221 3227; x_wconf 92' lang='lat' dir='ltr'>ipso</span> <span class='ocrx_word' id='word_1_229' title='bbox 249 3164 349 3227; x_wconf 89' lang='lat' dir='ltr'>regno</span> <span class='ocrx_word' id='word_1_230' title='bbox 379 3166 444 3212; x_wconf 92' lang='lat' dir='ltr'>non</span> <span class='ocrx_word' id='word_1_231' title='bbox 472 3167 581 3214; x_wconf 87' lang='lat' dir='ltr'>omues</span> <span class='ocrx_word' id='word_1_232' title='bbox 610 3154 685 3214; x_wconf 91' lang='lat' dir='ltr'>sunt</span> <span class='ocrx_word' id='word_1_233' title='bbox 715 3150 859 3231; x_wconf 86' lang='lat' dir='ltr'>perversi</span> <span class='ocrx_word' id='word_1_234' title='bbox 886 3168 945 3213; x_wconf 91' lang='lat' dir='ltr'>nec</span> <span class='ocrx_word' id='word_1_235' title='bbox 973 3166 1081 3214; x_wconf 91' lang='lat' dir='ltr'>omues</span> <span class='ocrx_word' id='word_1_236' title='bbox 1103 3147 1258 3229; x_wconf 82' lang='lat' dir='ltr'>infideles,</span> <span class='ocrx_word' id='word_1_237' title='bbox 1281 3151 1342 3214; x_wconf 94' lang='lat' dir='ltr'>imo</span> 
     </span>
     <span class='ocr_line' id='line_1_28' title="bbox 150 3246 1344 3329; baseline 0 -18"><span class='ocrx_word' id='word_1_238' title='bbox 150 3246 251 3312; x_wconf 92' lang='lat' dir='ltr'>multo</span> <span class='ocrx_word' id='word_1_239' title='bbox 273 3247 381 3328; x_wconf 92' lang='lat' dir='ltr'>plures</span> <span class='ocrx_word' id='word_1_240' title='bbox 404 3253 478 3313; x_wconf 91' lang='lat' dir='ltr'>sunt</span> <span class='ocrx_word' id='word_1_241' title='bbox 499 3249 625 3314; x_wconf 91' lang='lat' dir='ltr'>honesti</span> <span class='ocrx_word' id='word_1_242' title='bbox 647 3255 681 3312; x_wconf 90' lang='lat' dir='ltr'>et</span> <span class='ocrx_word' id='word_1_243' title='bbox 701 3249 808 3314; x_wconf 87' lang='lat' dir='ltr'>deuoti</span> <span class='ocrx_word' id='word_1_244' title='bbox 829 3249 898 3328; x_wconf 90' lang='lat' dir='ltr'>viri,</span> <span class='ocrx_word' id='word_1_245' title='bbox 922 3250 975 3329; x_wconf 88' lang='lat' dir='ltr'>qui</span> <span class='ocrx_word' id='word_1_246' title='bbox 997 3247 1209 3313; x_wconf 88' lang='lat' dir='ltr'>veramfidem</span> <span class='ocrx_word' id='word_1_247' title='bbox 1225 3256 1344 3315; x_wconf 90' lang='lat' dir='ltr'>teuent.</span> 
     </span>
     <span class='ocr_line' id='line_1_29' title="bbox 150 3347 1345 3416; baseline 0.003 -4"><span class='ocrx_word' id='word_1_248' title='bbox 150 3347 220 3412; x_wconf 81' lang='lat' dir='ltr'>Rex</span> <span class='ocrx_word' id='word_1_249' title='bbox 250 3347 344 3412; x_wconf 86' lang='lat' dir='ltr'>etium</span> <span class='ocrx_word' id='word_1_250' title='bbox 377 3348 547 3415; x_wconf 89' lang='lat' dir='ltr'>Bohemiae</span> <span class='ocrx_word' id='word_1_251' title='bbox 585 3349 685 3415; x_wconf 84' lang='lat' dir='ltr'>frater</span> <span class='ocrx_word' id='word_1_252' title='bbox 715 3361 826 3416; x_wconf 90' lang='lat' dir='ltr'>noster</span> <span class='ocrx_word' id='word_1_253' title='bbox 855 3351 933 3415; x_wconf 90' lang='lat' dir='ltr'>haec</span> <span class='ocrx_word' id='word_1_254' title='bbox 969 3352 1050 3415; x_wconf 89' lang='lat' dir='ltr'>mala</span> <span class='ocrx_word' id='word_1_255' title='bbox 1079 3350 1189 3415; x_wconf 85' lang='lat' dir='ltr'>videns</span> <span class='ocrx_word' id='word_1_256' title='bbox 1219 3352 1345 3416; x_wconf 91' lang='lat' dir='ltr'>invocat</span> 
     </span>
     <span class='ocr_line' id='line_1_30' title="bbox 146 3445 1344 3534; baseline 0.003 -23"><span class='ocrx_word' id='word_1_257' title='bbox 146 3445 300 3529; x_wconf 88' lang='lat' dir='ltr'>judicium</span> <span class='ocrx_word' id='word_1_258' title='bbox 335 3449 585 3532; x_wconf 81' lang='lat' dir='ltr'>archiepiscopi,</span> <span class='ocrx_word' id='word_1_259' title='bbox 618 3459 651 3516; x_wconf 89' lang='lat' dir='ltr'>et</span> <span class='ocrx_word' id='word_1_260' title='bbox 683 3451 869 3534; x_wconf 90' lang='lat' dir='ltr'>specialiter</span> <span class='ocrx_word' id='word_1_261' title='bbox 902 3458 1013 3517; x_wconf 87' lang='lat' dir='ltr'>contra</span> <span class='ocrx_word' id='word_1_262' title='bbox 1045 3470 1141 3515; x_wconf 92' lang='lat' dir='ltr'>unum</span> <span class='ocrx_word' id='word_1_263' title='bbox 1174 3452 1344 3533; x_wconf 90' lang='lat' dir='ltr'>pessimum</span> 
     </span>
     <span class='ocr_line' id='line_1_31' title="bbox 150 3547 1344 3633; baseline 0.003 -22"><span class='ocrx_word' id='word_1_264' title='bbox 150 3547 320 3629; x_wconf 90' lang='lat' dir='ltr'>hominem,</span> <span class='ocrx_word' id='word_1_265' title='bbox 341 3556 475 3633; x_wconf 91' lang='lat' dir='ltr'>propter</span> <span class='ocrx_word' id='word_1_266' title='bbox 489 3568 582 3631; x_wconf 79' lang='lat' dir='ltr'>quiem</span> <span class='ocrx_word' id='word_1_267' title='bbox 604 3558 733 3617; x_wconf 90' lang='lat' dir='ltr'>tenetur</span> <span class='ocrx_word' id='word_1_268' title='bbox 748 3552 954 3617; x_wconf 90' lang='lat' dir='ltr'>interdictum</span> <span class='ocrx_word' id='word_1_269' title='bbox 969 3553 1001 3616; x_wconf 91' lang='lat' dir='ltr'>in</span> <span class='ocrx_word' id='word_1_270' title='bbox 1018 3552 1152 3617; x_wconf 91' lang='lat' dir='ltr'>ecclesia</span> <span class='ocrx_word' id='word_1_271' title='bbox 1168 3558 1201 3616; x_wconf 92' lang='lat' dir='ltr'>et</span> <span class='ocrx_word' id='word_1_272' title='bbox 1216 3551 1344 3617; x_wconf 87' lang='lat' dir='ltr'>civitate</span> 
     </span>
     <span class='ocr_line' id='line_1_32' title="bbox 151 3645 1345 3735; baseline 0.003 -23"><span class='ocrx_word' id='word_1_273' title='bbox 151 3645 304 3730; x_wconf 83' lang='lat' dir='ltr'>Pragensi</span> <span class='ocrx_word' id='word_1_274' title='bbox 322 3650 387 3731; x_wconf 84' lang='lat' dir='ltr'>jaun</span> <span class='ocrx_word' id='word_1_275' title='bbox 410 3654 587 3733; x_wconf 89' lang='lat' dir='ltr'>permulta</span> <span class='ocrx_word' id='word_1_276' title='bbox 610 3660 764 3735; x_wconf 85' lang='lat' dir='ltr'>tempora,</span> <span class='ocrx_word' id='word_1_277' title='bbox 789 3654 839 3718; x_wconf 92' lang='lat' dir='ltr'>cui</span> <span class='ocrx_word' id='word_1_278' title='bbox 861 3653 961 3719; x_wconf 86' lang='lat' dir='ltr'>frater</span> <span class='ocrx_word' id='word_1_279' title='bbox 984 3660 1093 3718; x_wconf 89' lang='lat' dir='ltr'>noster</span> <span class='ocrx_word' id='word_1_280' title='bbox 1113 3653 1242 3718; x_wconf 86' lang='lat' dir='ltr'>mandat</span> <span class='ocrx_word' id='word_1_281' title='bbox 1257 3655 1345 3718; x_wconf 85' lang='lat' dir='ltr'>exire</span> 
     </span>
     <span class='ocr_line' id='line_1_33' title="bbox 150 3747 1345 3835; baseline 0.003 -22"><span class='ocrx_word' id='word_1_282' title='bbox 150 3747 320 3815; x_wconf 89' lang='lat' dir='ltr'>civitatem.</span> <span class='ocrx_word' id='word_1_283' title='bbox 363 3752 405 3817; x_wconf 82' lang='lat' dir='ltr'>ht</span> <span class='ocrx_word' id='word_1_284' title='bbox 431 3752 484 3819; x_wconf 90' lang='lat' dir='ltr'>ille</span> <span class='ocrx_word' id='word_1_285' title='bbox 512 3754 688 3835; x_wconf 86' lang='lat' dir='ltr'>respondit,</span> <span class='ocrx_word' id='word_1_286' title='bbox 725 3754 809 3835; x_wconf 92' lang='lat' dir='ltr'>quod</span> <span class='ocrx_word' id='word_1_287' title='bbox 834 3755 902 3818; x_wconf 90' lang='lat' dir='ltr'>vult</span> <span class='ocrx_word' id='word_1_288' title='bbox 924 3760 1010 3819; x_wconf 83' lang='lat' dir='ltr'>stare</span> <span class='ocrx_word' id='word_1_289' title='bbox 1029 3755 1092 3835; x_wconf 89' lang='lat' dir='ltr'>juri</span> <span class='ocrx_word' id='word_1_290' title='bbox 1116 3772 1220 3818; x_wconf 83' lang='lat' dir='ltr'>coram</span> <span class='ocrx_word' id='word_1_291' title='bbox 1242 3754 1345 3819; x_wconf 91' lang='lat' dir='ltr'>archi-</span> 
     </span>
     <span class='ocr_line' id='line_1_34' title="bbox 149 3849 1344 3938; baseline 0.004 -24"><span class='ocrx_word' id='word_1_292' title='bbox 149 3849 311 3934; x_wconf 88' lang='lat' dir='ltr'>episcopo,</span> <span class='ocrx_word' id='word_1_293' title='bbox 334 3859 367 3918; x_wconf 92' lang='lat' dir='ltr'>et</span> <span class='ocrx_word' id='word_1_294' title='bbox 388 3855 646 3938; x_wconf 89' lang='lat' dir='ltr'>archiepiscopus</span> <span class='ocrx_word' id='word_1_295' title='bbox 669 3874 704 3920; x_wconf 91' lang='lat' dir='ltr'>se</span> <span class='ocrx_word' id='word_1_296' title='bbox 728 3863 859 3920; x_wconf 77' lang='lat' dir='ltr'>excusat</span> <span class='ocrx_word' id='word_1_297' title='bbox 873 3862 1008 3938; x_wconf 88' lang='lat' dir='ltr'>propter</span> <span class='ocrx_word' id='word_1_298' title='bbox 1022 3856 1235 3936; x_wconf 89' lang='lat' dir='ltr'>praesentiam</span> <span class='ocrx_word' id='word_1_299' title='bbox 1251 3855 1344 3935; x_wconf 81' lang='lat' dir='ltr'>hrrjus</span> 
     </span>
     <span class='ocr_line' id='line_1_35' title="bbox 148 3952 1342 4038; baseline 0.003 -23"><span class='ocrx_word' id='word_1_300' title='bbox 148 3952 233 4016; x_wconf 84' lang='lat' dir='ltr'>sacri</span> <span class='ocrx_word' id='word_1_301' title='bbox 254 3953 388 4035; x_wconf 92' lang='lat' dir='ltr'>concilii,</span> <span class='ocrx_word' id='word_1_302' title='bbox 417 3956 457 4020; x_wconf 92' lang='lat' dir='ltr'>ad</span> <span class='ocrx_word' id='word_1_303' title='bbox 479 3956 568 4038; x_wconf 87' lang='lat' dir='ltr'>cujus</span> <span class='ocrx_word' id='word_1_304' title='bbox 591 3975 722 4021; x_wconf 80' lang='lat' dir='ltr'>examen</span> <span class='ocrx_word' id='word_1_305' title='bbox 750 3962 783 4020; x_wconf 90' lang='lat' dir='ltr'>et</span> <span class='ocrx_word' id='word_1_306' title='bbox 801 3955 955 4036; x_wconf 88' lang='lat' dir='ltr'>judicium</span> <span class='ocrx_word' id='word_1_307' title='bbox 977 3955 1156 4036; x_wconf 89' lang='lat' dir='ltr'>hujusmodi</span> <span class='ocrx_word' id='word_1_308' title='bbox 1180 3955 1342 4035; x_wconf 79' lang='lat' dir='ltr'>negotium</span> 
     </span>
     <span class='ocr_line' id='line_1_36' title="bbox 148 4053 1345 4138; baseline 0.003 -22"><span class='ocrx_word' id='word_1_309' title='bbox 148 4053 313 4136; x_wconf 90' lang='lat' dir='ltr'>pertinere</span> <span class='ocrx_word' id='word_1_310' title='bbox 335 4054 420 4136; x_wconf 83' lang='lat' dir='ltr'>dicit,</span> <span class='ocrx_word' id='word_1_311' title='bbox 455 4058 585 4138; x_wconf 87' lang='lat' dir='ltr'>cupiens</span> <span class='ocrx_word' id='word_1_312' title='bbox 609 4075 680 4122; x_wconf 89' lang='lat' dir='ltr'>esse</span> <span class='ocrx_word' id='word_1_313' title='bbox 703 4074 766 4121; x_wconf 92' lang='lat' dir='ltr'>uon</span> <span class='ocrx_word' id='word_1_314' title='bbox 787 4063 909 4137; x_wconf 82' lang='lat' dir='ltr'>unartyr</span> <span class='ocrx_word' id='word_1_315' title='bbox 932 4056 987 4120; x_wconf 92' lang='lat' dir='ltr'>sed</span> <span class='ocrx_word' id='word_1_316' title='bbox 1021 4057 1191 4120; x_wconf 83' lang='lat' dir='ltr'>confessor.</span> <span class='ocrx_word' id='word_1_317' title='bbox 1235 4057 1278 4122; x_wconf 90' lang='lat' dir='ltr'>Et</span> <span class='ocrx_word' id='word_1_318' title='bbox 1299 4058 1345 4121; x_wconf 92' lang='lat' dir='ltr'>sic</span> 
     </span>
     <span class='ocr_line' id='line_1_37' title="bbox 149 4154 1343 4237; baseline 0.003 -20"><span class='ocrx_word' id='word_1_319' title='bbox 149 4154 235 4218; x_wconf 92' lang='lat' dir='ltr'>omni</span> <span class='ocrx_word' id='word_1_320' title='bbox 268 4154 320 4219; x_wconf 89' lang='lat' dir='ltr'>die</span> <span class='ocrx_word' id='word_1_321' title='bbox 348 4157 438 4237; x_wconf 88' lang='lat' dir='ltr'>quasi</span> <span class='ocrx_word' id='word_1_322' title='bbox 474 4158 558 4221; x_wconf 91' lang='lat' dir='ltr'>mille</span> <span class='ocrx_word' id='word_1_323' title='bbox 591 4158 705 4222; x_wconf 91' lang='lat' dir='ltr'>missae</span> <span class='ocrx_word' id='word_1_324' title='bbox 735 4156 769 4221; x_wconf 94' lang='lat' dir='ltr'>in</span> <span class='ocrx_word' id='word_1_325' title='bbox 799 4157 933 4221; x_wconf 88' lang='lat' dir='ltr'>ecclesia</span> <span class='ocrx_word' id='word_1_326' title='bbox 962 4164 995 4222; x_wconf 91' lang='lat' dir='ltr'>et</span> <span class='ocrx_word' id='word_1_327' title='bbox 1023 4157 1152 4221; x_wconf 87' lang='lat' dir='ltr'>civitate</span> <span class='ocrx_word' id='word_1_328' title='bbox 1184 4158 1343 4237; x_wconf 83' lang='lat' dir='ltr'>l’rageusi,</span> 
     </span>
     <span class='ocr_line' id='line_1_38' title="bbox 149 4253 1343 4338; baseline 0.001 -19"><span class='ocrx_word' id='word_1_329' title='bbox 149 4259 186 4319; x_wconf 84' lang='lat' dir='ltr'>ut</span> <span class='ocrx_word' id='word_1_330' title='bbox 201 4253 241 4319; x_wconf 92' lang='lat' dir='ltr'>dc</span> <span class='ocrx_word' id='word_1_331' title='bbox 256 4273 355 4336; x_wconf 83' lang='lat' dir='ltr'>regno</span> <span class='ocrx_word' id='word_1_332' title='bbox 369 4256 540 4325; x_wconf 87' lang='lat' dir='ltr'>Bohemiae</span> <span class='ocrx_word' id='word_1_333' title='bbox 564 4265 733 4338; x_wconf 90' lang='lat' dir='ltr'>taceamus,</span> <span class='ocrx_word' id='word_1_334' title='bbox 757 4259 976 4335; x_wconf 87' lang='lat' dir='ltr'>obmittuntur,</span> <span class='ocrx_word' id='word_1_335' title='bbox 1001 4263 1034 4320; x_wconf 92' lang='lat' dir='ltr'>et</span> <span class='ocrx_word' id='word_1_336' title='bbox 1049 4276 1107 4338; x_wconf 87' lang='lat' dir='ltr'>per</span> <span class='ocrx_word' id='word_1_337' title='bbox 1122 4253 1204 4321; x_wconf 92' lang='lat' dir='ltr'>hunc</span> <span class='ocrx_word' id='word_1_338' title='bbox 1219 4256 1343 4322; x_wconf 94' lang='lat' dir='ltr'>modum</span> 
     </span>
     <span class='ocr_line' id='line_1_39' title="bbox 148 4357 1343 4441; baseline 0.003 -22"><span class='ocrx_word' id='word_1_339' title='bbox 148 4362 317 4420; x_wconf 87' lang='lat' dir='ltr'>remanent</span> <span class='ocrx_word' id='word_1_340' title='bbox 336 4357 436 4423; x_wconf 91' lang='lat' dir='ltr'>multa</span> <span class='ocrx_word' id='word_1_341' title='bbox 458 4359 539 4423; x_wconf 89' lang='lat' dir='ltr'>mala</span> <span class='ocrx_word' id='word_1_342' title='bbox 561 4359 731 4441; x_wconf 88' lang='lat' dir='ltr'>impunita,</span> <span class='ocrx_word' id='word_1_343' title='bbox 754 4358 828 4422; x_wconf 94' lang='lat' dir='ltr'>dum</span> <span class='ocrx_word' id='word_1_344' title='bbox 849 4358 931 4423; x_wconf 91' lang='lat' dir='ltr'>alter</span> <span class='ocrx_word' id='word_1_345' title='bbox 952 4368 1012 4439; x_wconf 81' lang='lat' dir='ltr'>per</span> <span class='ocrx_word' id='word_1_346' title='bbox 1034 4358 1169 4421; x_wconf 88' lang='lat' dir='ltr'>alterum</span> <span class='ocrx_word' id='word_1_347' title='bbox 1192 4375 1226 4422; x_wconf 92' lang='lat' dir='ltr'>se</span> <span class='ocrx_word' id='word_1_348' title='bbox 1250 4376 1343 4422; x_wconf 84' lang='lat' dir='ltr'>excu-</span> 
     </span>
     <span class='ocr_line' id='line_1_40' title="bbox 147 4455 1343 4540; baseline 0.004 -22"><span class='ocrx_word' id='word_1_349' title='bbox 147 4461 208 4518; x_wconf 89' lang='lat' dir='ltr'>sat.</span> <span class='ocrx_word' id='word_1_350' title='bbox 230 4455 366 4539; x_wconf 88' lang='lat' dir='ltr'>Insuper</span> <span class='ocrx_word' id='word_1_351' title='bbox 388 4459 471 4540; x_wconf 89' lang='lat' dir='ltr'>quod</span> <span class='ocrx_word' id='word_1_352' title='bbox 494 4459 571 4522; x_wconf 91' lang='lat' dir='ltr'>deus</span> <span class='ocrx_word' id='word_1_353' title='bbox 594 4466 728 4538; x_wconf 87' lang='lat' dir='ltr'>avertet,</span> <span class='ocrx_word' id='word_1_354' title='bbox 751 4460 779 4522; x_wconf 93' lang='lat' dir='ltr'>si</span> <span class='ocrx_word' id='word_1_355' title='bbox 801 4460 860 4524; x_wconf 92' lang='lat' dir='ltr'>hoc</span> <span class='ocrx_word' id='word_1_356' title='bbox 882 4477 1005 4523; x_wconf 87' lang='lat' dir='ltr'>sacrum</span> <span class='ocrx_word' id='word_1_357' title='bbox 1023 4458 1187 4522; x_wconf 89' lang='lat' dir='ltr'>concilium</span> <span class='ocrx_word' id='word_1_358' title='bbox 1210 4465 1343 4540; x_wconf 90' lang='lat' dir='ltr'>propter</span> 
     </span>
     <span class='ocr_line' id='line_1_41' title="bbox 145 4556 1341 4640; baseline 0.003 -21"><span class='ocrx_word' id='word_1_359' title='bbox 145 4556 374 4637; x_wconf 85' lang='lat' dir='ltr'>negligentiam</span> <span class='ocrx_word' id='word_1_360' title='bbox 397 4560 572 4640; x_wconf 87' lang='lat' dir='ltr'>procedere</span> <span class='ocrx_word' id='word_1_361' title='bbox 595 4560 690 4624; x_wconf 82' lang='lat' dir='ltr'>uellet</span> <span class='ocrx_word' id='word_1_362' title='bbox 720 4568 831 4625; x_wconf 89' lang='lat' dir='ltr'>contra</span> <span class='ocrx_word' id='word_1_363' title='bbox 852 4559 984 4625; x_wconf 83' lang='lat' dir='ltr'>fratrem</span> <span class='ocrx_word' id='word_1_364' title='bbox 1005 4566 1158 4634; x_wconf 88' lang='lat' dir='ltr'>nostrum,</span> <span class='ocrx_word' id='word_1_365' title='bbox 1182 4559 1231 4623; x_wconf 87' lang='lat' dir='ltr'>vel</span> <span class='ocrx_word' id='word_1_366' title='bbox 1254 4560 1341 4622; x_wconf 90' lang='lat' dir='ltr'>iuvo-</span> 
     </span>
     <span class='ocr_line' id='line_1_42' title="bbox 141 4655 1337 4741; baseline 0.002 -18"><span class='ocrx_word' id='word_1_367' title='bbox 141 4672 217 4723; x_wconf 83' lang='lat' dir='ltr'>care</span> <span class='ocrx_word' id='word_1_368' title='bbox 248 4655 412 4723; x_wconf 83' lang='lat' dir='ltr'>brachium</span> <span class='ocrx_word' id='word_1_369' title='bbox 444 4659 588 4725; x_wconf 89' lang='lat' dir='ltr'>seculare</span> <span class='ocrx_word' id='word_1_370' title='bbox 620 4665 732 4725; x_wconf 87' lang='lat' dir='ltr'>contra</span> <span class='ocrx_word' id='word_1_371' title='bbox 763 4679 896 4741; x_wconf 85' lang='lat' dir='ltr'>regnum</span> <span class='ocrx_word' id='word_1_372' title='bbox 928 4660 1099 4726; x_wconf 87' lang='lat' dir='ltr'>Bohemiae</span> <span class='ocrx_word' id='word_1_373' title='bbox 1132 4658 1183 4723; x_wconf 87' lang='lat' dir='ltr'>vel</span> <span class='ocrx_word' id='word_1_374' title='bbox 1217 4660 1337 4725; x_wconf 88' lang='lat' dir='ltr'>dictum</span> 
     </span>
    </p>
   </div>
   <div class='ocr_carea' id='block_1_3' title="bbox 0 0 1500 5258">
    <p class='ocr_par' dir='ltr' id='par_1_3' title="bbox 0 0 1500 5258">
     <span class='ocr_line' id='line_1_43' title="bbox 0 0 1500 5258; baseline 0 0"><span class='ocrx_word' id='word_1_375' title='bbox 0 0 1500 5258; x_wconf 95' lang='lat' dir='ltr'> </span> 
     </span>
    </p>
   </div>
  </div>
 </body>
</html>
