2992 5258
440 389 519 446 anais
538 391 704 449 rara-1414
720 406 755 450 ex
772 393 861 452 exilio.
899 398 939 452 17.
1248 407 1290 473 39

92 594 239 667 persecuti
251 592 360 655 luerint
372 594 403 653 in
417 593 474 655 hac
493 595 621 667 usitate,
646 595 736 671 fugite
753 598 784 658 in
799 599 893 660 aliam
908 599 990 662 Haeo
1005 607 1101 663 autam
1115 606 1283 679 persecutio

92 694 209 755 durabit
229 711 321 769 nsque
344 695 381 757 ad
403 695 480 757 diem
498 696 611 772 judicii.

189 796 273 856 Dicit
287 810 357 872 ergo
383 796 520 858 ulterius:
553 799 646 859 Amen
663 800 728 861 dico
743 800 835 873 vobis,
853 820 912 864 non
925 804 1165 878 perambulabitis
1185 822 1286 868 omnes

93 897 226 957 aidtates
248 899 278 961 iu
313 897 420 970 lsrael,
449 897 543 961 donec
564 886 663 961 veniat
683 898 761 962 lilius
782 901 915 964 hominis.
940 904 1008 973 Non
1044 912 1091 966 est
1122 907 1284 980 discipulus

92 1013 181 1072 supra
207 999 376 1074 magistrum
409 1014 504 1074 neque
527 1016 629 1061 servus
653 1018 741 1074 supra
763 1001 909 1063 dominum
932 1021 1021 1067 suum.
1051 1005 1128 1067 Satis
1168 1014 1214 1068 est
1242 1008 1286 1068 di·

91 1098 214 1173 rcipnlo,
236 1107 269 1160 ut
289 1101 328 1161 sit
350 1101 426 1161 sicut
445 1101 584 1176 magister
613 1103 677 1178 ejus
701 1107 730 1162 et
758 1118 859 1162 servus
882 1104 957 1166 sicut
989 1107 1121 1167 dominus
1144 1125 1223 1169 suus.
1253 1109 1285 1169 si

91 1205 202 1273 patrem
224 1199 348 1262 familiae
371 1201 539 1263 Beelzebub
560 1209 747 1278 rocaverunt,
768 1210 876 1278 quanto
898 1206 989 1281 magis
1012 1207 1189 1269 domesticos
1211 1211 1285 1284 eJus.

91 1302 186 1376 Quare
208 1318 246 1362 ne
267 1303 403 1363 umentis.

186 1404 269 1464 Haec
283 1403 321 1464 ad
337 1420 406 1465 euos
429 1404 588 1479 discipulos
603 1406 746 1480 dominus,
768 1412 801 1467 ut
815 1407 887 1468 trulla
900 1406 1016 1479 possint
1031 1408 1148 1479 evitare,
1170 1409 1284 1471 locutus

91 1511 141 1576 est,
163 1506 281 1581 erigens
293 1511 406 1566 mentes
418 1522 526 1578 eorum,
546 1513 579 1568 nt
589 1508 749 1582 prudentes
762 1508 826 1580 sint,
842 1515 872 1569 et
886 1509 971 1582 lupos
983 1524 1107 1582 rapaces
1118 1526 1173 1583 per
1184 1526 1285 1570 eorum

90 1622 181 1682 opera
201 1614 371 1682 agnoscant
393 1608 506 1682 quisue
526 1609 649 1669 ovantia
662 1611 828 1671 universum
846 1610 980 1671 mundum
1002 1608 1161 1671 absorbere
1173 1611 1282 1673 volunt

185 1707 347 1768 Pmouraa
375 1707 474 1770 docuit
501 1724 562 1779 eos,
591 1711 736 1783 quomodo
768 1709 836 1770 salsi
863 1709 1026 1784 prophetae
1059 1718 1280 1786 cognoscantur,

90 1807 164 1883 quod
193 1807 332 1869 videlicet
362 1825 426 1869 cum
447 1810 525 1870 reris
548 1811 719 1885 prophetis,
753 1828 848 1886 neque
880 1811 911 1871 in
945 1812 1099 1884 scripturis
1131 1828 1226 1887 neque
1253 1815 1284 1874 in

89 1909 227 1983 oporibus
248 1910 441 1970 consentiunt
464 1909 537 1971 Sunt
557 1911 655 1986 itaqua
672 1910 739 1972 lalsi
761 1912 879 1985 Christi,
902 1913 950 1985 qui
966 1912 1066 1972 dicunt
1088 1929 1121 1972 se
1141 1929 1208 1973 ease
1224 1914 1285 1987 pri·

88 2012 193 2071 marios
214 2011 325 2072 Christi
345 2010 520 2083 discipulos,
543 2013 703 2073 existentes
724 2014 755 2072 in
777 2014 916 2086 operibus
939 2013 1081 2087 capitales
1103 2014 1181 2073 illius
1212 2015 1281 2075 hos·

88 2118 130 2172 tes
151 2117 184 2171 et
203 2111 376 2171 adversarii.
419 2110 559 2172 Omnibus
582 2129 652 2187 ergo
673 2113 768 2174 modis
790 2113 830 2188 (si
852 2120 954 2187 posset
975 2112 1051 2191 fieri)
1086 2114 1205 2174 verbum
1236 2114 1284 2175 dei

86 2213 252 2287 opprimere
284 2218 433 2283 conantur,
455 2214 525 2285 quia
546 2229 646 2274 eorum
676 2215 893 2285 contumaciam,
916 2216 1091 2288 superbiam
1124 2215 1283 2287 avaritiam,

86 2312 242 2384 luxuriam,
264 2315 416 2376 simorum
437 2323 468 2377 et
488 2315 548 2376 alia
569 2315 645 2375 mala
666 2331 758 2389 opera
779 2316 977 2388 reprehendit

181 2415 357 2477 invaserunt
375 2417 464 2492 igitur
484 2415 625 2490 quaedam
647 2416 756 2490 templa
769 2423 800 2476 et
821 2416 943 2487 sacella,
970 2432 1008 2476 ne
1028 2417 1059 2475 in
1080 2416 1141 2477 illis
1160 2417 1283 2477 verbum

86 2514 130 2575 dei
155 2517 394 2590 praedicaretur,
420 2522 617 2580 verumtamen
638 2517 698 2578 tale
727 2516 840 2579 lacinus
863 2515 997 2578 Christus
1024 2515 1084 2576 illis
1106 2524 1279 2590 perpetrare

86 2631 141 2675 non
163 2618 310 2689 permisit
331 2619 405 2690 Jam,
437 2624 472 2679 ur
491 2618 594 2688 audio,
623 2618 793 2688 moliuntur,
820 2624 853 2678 ut
882 2617 1020 2678 sacellum
1042 2616 1214 2678 Bethlehem
1236 2618 1281 2679 di·

86 2722 181 2788 ruant,
209 2723 242 2778 et
261 2719 292 2778 in
313 2719 380 2779 aliis
402 2719 531 2791 templis,
559 2720 590 2779 in
613 2719 718 2793 quibus
739 2717 857 2778 verbum
881 2717 930 2778 dei
951 2719 1091 2788 docetur,
1123 2717 1282 2790 prohibent

86 2818 273 2890 praedicare:
311 2825 508 2880 commtamen
529 2818 645 2880 conlido
673 2819 704 2879 in
726 2820 799 2890 deo,
828 2818 905 2895 quod
926 2818 997 2878 nihil
1025 2817 1163 2879 alliciant
1194 2818 1281 2878 Prius

86 2919 220 2993 laqueos,
250 2919 405 2980 umbones
427 2926 457 2980 et
478 2921 664 2981 anathemato
685 2920 794 2980 Anseri
817 2925 1004 2993 paraverunt,
1034 2919 1142 2991 etjam
1169 2934 1280 2978 nonnu-

85 3020 120 3080 lis
140 3037 179 3080 ex
199 3020 286 3080 robis
306 3021 496 3083 insidiantur:
519 3021 572 3081 sed
595 3020 772 3095 quiadnser
793 3019 898 3079 animal
914 3019 1006 3088 cicur,
1028 3019 1090 3078 aris
1112 3018 1281 3089 domestica,

87 3137 221 3195 suprema
242 3122 340 3182 volatu
363 3137 415 3181 suo
437 3137 495 3180 non
516 3123 700 3197 pertingens,
722 3136 824 3180 eorum
839 3117 960 3193 laqueos
977 3119 1069 3192 rupit,
1092 3116 1280 3178 nihilominus

87 3222 160 3283 alito
180 3237 260 3292 arcs,
283 3238 358 3296 quae
375 3222 465 3282 verbo
488 3223 537 3282 dei
558 3230 589 3283 et
609 3223 668 3282 rita
688 3222 787 3281 volatu
809 3237 861 3281 eno
884 3220 944 3281 alta
965 3224 1082 3293 petunt,
1113 3235 1213 3278 eorum
1234 3219 1280 3279 iu-

88 3324 174 3385 sidias
201 3328 366 3384 conterent
394 3323 596 3384 Tetendorunt
620 3323 743 3397 laqueos
767 3337 843 3392 suos,
865 3328 896 3382 et
922 3321 1107 3381 cranemere
1133 3326 1279 3394 tamquam

87 3425 181 3500 ligneo
202 3425 344 3496 accipitre
369 3422 651 3500 perterrefecerunt,
680 3423 859 3497 ignitumque
882 3439 919 3482 er
944 3420 1118 3497 Andohristi
1139 3421 1280 3494 pharetra

85 3524 208 3597 jaculum
230 3524 396 3594 emiserunt
419 3524 485 3585 dum
507 3524 625 3584 verbum
647 3524 695 3584 dei
718 3530 749 3583 et
770 3524 877 3584 cultum
898 3523 977 3583 illius
999 3521 1197 3595 prohiberent
1220 3522 1281 3582 Ver

87 3642 145 3684 runr
168 3641 227 3698 quo
248 3625 341 3699 magis
363 3641 444 3684 suaru
466 3630 598 3685 naturam
621 3624 777 3695 occultant,
799 3640 835 3683 eo
851 3625 969 3697 saepius
990 3623 1157 3693 innotescit,
1179 3630 1209 3682 et
1223 3638 1280 3696 quo

88 3727 175 3801 magis
197 3725 329 3785 nituntur
360 3741 428 3785 suas
450 3726 623 3786 traditiones
657 3732 802 3799 tamquam
825 3731 889 3784 rete
912 3723 1093 3798 expandere,
1129 3738 1165 3782 eo
1187 3724 1280 3795 magis

88 3831 266 3900 rumpuntur,
288 3831 320 3886 et
340 3825 472 3886 volantes
494 3825 602 3888 babere
624 3843 726 3899 pacem
749 3826 862 3897 mundi,
884 3842 949 3887 eam
974 3826 1116 3896 amittunt,
1138 3823 1280 3896 simulque

88 3933 115 3988 et
133 3927 323 4003 spiritualem,
346 3945 410 3989 curu
431 3928 498 3989 aliis
520 3929 610 3988 velint
631 3944 748 3998 nocere,
771 3928 827 3987 sibi
849 3928 923 4000 ipsis
945 3926 1067 3985 maxime
1089 3925 1205 3984 obsunt

181 4028 299 4090 Accidit
320 4025 410 4103 igitur
431 4028 491 4088 illis
513 4029 598 4090 sicuti
620 4029 798 4089 ludaeorum
814 4027 1017 4089 sacerdotibus
1040 4031 1070 4086 et
1084 4020 1278 4098 pontificibus,

88 4129 162 4206 qnod
190 4146 236 4200 ea,
265 4146 339 4203 quae
366 4131 547 4190 conabantur
567 4130 710 4200 retinere,
733 4129 905 4200 amiserunt,
924 4135 954 4188 et
975 4127 1053 4202 quod
1074 4125 1175 4199 lugere
1198 4124 1279 4183 vole·

87 4231 161 4303 bant,
188 4231 220 4291 iu
247 4231 280 4290 id
307 4230 481 4303 inciderunt,
514 4236 651 4303 putantes
683 4246 715 4289 se
744 4231 912 4299 remmam,
944 4245 1018 4303 qnae
1045 4241 1162 4299 semper
1183 4225 1280 4298 ussit

87 4349 172 4406 posse
195 4332 313 4392 vincere
335 4337 366 4391 et
387 4348 451 4392 eam
473 4333 653 4406 opprimere,
682 4348 746 4391 cunr
768 4330 842 4392 haec
872 4331 911 4390 sit
938 4329 1031 4403 ipsius
1059 4327 1227 4401 proprietas
1250 4332 1280 4386 et

87 4441 195 4506 natura,
223 4438 264 4504 nt,
294 4446 351 4507 quo
373 4433 466 4507 magis
495 4431 676 4503 obscuratur,
699 4449 735 4492 eo
757 4432 849 4507 magis
878 4431 1025 4492 illucescit
1052 4433 1082 4489 ot
1105 4444 1162 4503 quo
1185 4428 1276 4503 magis

87 4535 264 4611 deprimitur,
287 4550 323 4593 eo
345 4534 438 4609 magis
460 4535 598 4595 elevatur.

180 4633 362 4709 Pontifices,
382 4637 562 4712 sacerdotes,
583 4634 698 4698 scribac
720 4641 750 4696 et
771 4634 930 4706 Pharisaei,
954 4632 1090 4695 Herodes
1113 4636 1142 4694 et
1163 4631 1279 4693 Pilatus
