2992 5258
395 414 563 471 &uacatio
581 414 617 470 bl
635 413 770 469 Matthiae
787 420 816 468 et
831 411 926 470 iacobi
943 411 1102 483 presbyteri.
1283 416 1341 480 701

151 619 182 681 t'a
201 622 284 695 virgo
305 623 401 694 possit
429 621 515 681 nobis
544 622 663 681 multum
692 620 850 681 subvenire
879 619 941 678 suis
962 618 1075 678 meritis
1102 626 1134 679 et
1163 621 1343 681 orationibus

151 722 230 795 apud
251 722 355 795 deom3
377 725 405 781 2¹.
430 724 500 781 item
522 722 619 792 oredo,
642 722 720 796 quod
742 721 835 781 sancti
856 721 885 778 in
908 720 1004 792 patria
1030 721 1146 791 possint
1166 721 1251 785 nobis
1273 738 1344 793 pro-

150 822 254 894 desse;
291 824 317 884 3.
340 823 456 883 tertium
486 822 574 882 credo
597 828 628 881 et
655 822 831 882 credendum
860 820 945 890 dico,
975 819 1052 892 quod
1084 819 1239 895 suffragia,
1268 820 1346 883 facta

153 937 208 997 pro
229 924 361 994 mortuis,
383 925 500 995 prosint
520 924 593 995 ipsis
615 923 745 982 mortuis.

253 1025 280 1081 2.
303 1025 385 1097 Quae
405 1024 527 1097 saprum
546 1024 698 1093 baeresim,
721 1031 789 1083 sunt
810 1024 953 1097 quinque:
985 1026 1011 1081 1.
1034 1023 1135 1095 primo,
1159 1024 1237 1097 quod
1258 1024 1345 1084 beata

150 1126 233 1200 virgo
255 1140 314 1184 oon
336 1125 433 1198 possit
453 1124 589 1185 fidelibus
611 1126 736 1198 aliquam
765 1125 888 1199 gratiam
910 1123 1024 1195 lacere;
1054 1126 1083 1183 2.
1107 1122 1245 1196 secundo,
1268 1126 1345 1198 quod

151 1226 238 1285 bomo
261 1227 489 1300 quandocunque
517 1233 547 1285 et
572 1227 801 1300 quotiescunque
823 1224 957 1302 uoluerit,
979 1226 1074 1298 possit
1101 1239 1216 1286 sumere
1238 1242 1345 1301 corpus

150 1326 271 1397 carina
294 1332 326 1386 et
345 1342 450 1398 rapere
473 1327 509 1387 de
532 1343 617 1385 mann
638 1327 804 1401 presbyteri
827 1327 875 1400 qui
897 1327 968 1385 dare
991 1332 1150 1397 recusaret
1177 1342 1212 1386 ao
1234 1342 1345 1399 ponere

150 1427 189 1486 od
211 1443 245 1487 os
268 1443 350 1486 snum
373 1433 403 1486 et
418 1427 588 1500 comedere3
611 1431 638 1486 3.
659 1428 754 1498 tertio,
777 1428 856 1501 qnod
878 1442 947 1486 ossa
969 1433 999 1486 et
1020 1426 1163 1500 reliquiae
1180 1434 1345 1487 sanctorum

151 1543 210 1585 non
233 1533 301 1586 sunt
321 1527 545 1587 decorandavel
566 1528 740 1599 ueneranda,
763 1534 793 1587 et
814 1527 891 1600 qood
907 1526 980 1586 nibil
1002 1533 1090 1597 esset,
1114 1528 1138 1587 si
1161 1529 1225 1601 quis
1248 1542 1283 1586 ea
1305 1527 1342 1587 ad

152 1629 248 1702 ignem
270 1629 431 1701 projiceret
451 1629 497 1686 vel
519 1628 644 1699 pedibus
667 1629 866 1700 conculcaret3
889 1632 917 1686 4.
940 1634 1051 1701 quarto,
1081 1628 1159 1701 quod
1181 1628 1267 1688 bomo
1288 1644 1346 1689 nou

154 1728 263 1790 debeat
283 1744 321 1789 ex
340 1736 409 1788 voto
432 1729 478 1789 uel
501 1729 655 1789 deuotione
675 1732 810 1804 jejunare
833 1729 920 1789 alicui
943 1735 1122 1802 sanctorum3
1152 1730 1179 1788 ὅ.
1209 1729 1347 1804 quintum,

154 1830 232 1904 quod
254 1845 309 1902 pro
330 1835 412 1888 tanto
436 1830 508 1889 deus
523 1836 643 1889 matrem
666 1847 746 1889 suam
769 1826 967 1899 sanctificavit,
990 1830 1059 1903 quia
1078 1829 1157 1888 mitis
1179 1835 1210 1888 et
1230 1828 1348 1890 humilis

153 1930 209 1990 fuit
230 1936 260 1989 et
281 1929 337 1989 deo
360 1928 487 1999 servivit,
509 1937 547 2008 et,
570 1932 594 1988 si
616 1946 675 1988 non
696 1928 802 1990 luisset
824 1930 899 2000 talis,
914 1947 972 1989 non
988 1929 1128 2004 elegisset
1149 1944 1211 1988 eam
1233 1929 1263 1988 in
1284 1946 1346 1989 ma·

154 2038 228 2090 uem
249 2047 307 2091 nec
328 2028 549 2099 sanctificasset
571 2034 602 2089 et
621 2030 663 2091 sio
684 2029 791 2091 luisset
812 2031 947 2091 damnata
969 2031 1046 2090 sicut
1070 2046 1193 2105 pagana

253 2132 315 2191 lsta
335 2131 496 2204 praedicta
525 2132 593 2204 quia
613 2132 758 2191 baeresim
786 2132 911 2204 sopiunt
941 2133 1008 2192 ideo
1031 2148 1066 2190 ea
1087 2148 1193 2192 revoco
1224 2137 1255 2190 et
1275 2147 1347 2191 con-

153 2233 276 2293 trarium
297 2231 362 2291 dico
379 2237 408 2290 et
422 2237 509 2290 teneo
532 2237 562 2290 et
576 2231 731 2291 tenendum
755 2231 830 2293 dico.
863 2237 889 2291 1.
911 2233 1011 2291 Teneo
1028 2249 1097 2305 ergo
1121 2237 1150 2291 et
1172 2233 1246 2302 dico,
1269 2231 1346 2306 quod

153 2333 243 2392 beata
262 2332 345 2405 virgo
367 2333 462 2403 possit
483 2330 620 2391 fidelibus
642 2332 753 2417 meritis
777 2333 837 2391 suis
861 2329 920 2412 (et)
942 2333 1202 2393 intercessionibus
1223 2333 1347 2406 gratiam

153 2432 263 2492 facere.
286 2433 314 2490 2.
335 2433 371 2491 It.
393 2438 480 2491 teneo
503 2441 533 2490 et
548 2432 622 2502 dico,
644 2432 721 2507 qood
738 2449 795 2491 non
811 2433 1041 2507 quandocunque
1063 2438 1094 2492 et
1115 2434 1345 2508 quotiescunque

154 2535 241 2595 bomo
262 2533 395 2603 voluerit
417 2534 512 2609 possit
534 2550 648 2594 sumere
670 2550 777 2607 corpus
793 2534 901 2595 Christi
927 2542 957 2595 ot
982 2550 1087 2606 rapere
1102 2534 1139 2594 de
1160 2550 1244 2594 manu
1263 2549 1348 2607 pres·

154 2635 250 2711 bpteri
272 2636 321 2710 qui
343 2635 414 2695 dare
436 2641 598 2709 recusaret,
619 2642 653 2695 et
672 2652 782 2708 ponere
806 2637 843 2696 ad
866 2652 899 2695 os
923 2652 1007 2695 suom
1029 2642 1059 2694 ct
1078 2634 1242 2695 comedere.
1266 2637 1292 2695 3.
1308 2636 1351 2696 It.

156 2737 230 2808 dico,
253 2736 331 2811 quod
352 2752 421 2795 ossa
444 2743 473 2794 et
493 2736 633 2809 reliquiae
649 2744 814 2797 sanctornm
829 2743 897 2796 sont
919 2736 1086 2796 decoranda
1102 2736 1147 2795 rel
1170 2736 1348 2806 ueneranda,

155 2844 187 2898 et
207 2837 285 2911 qnod
305 2837 417 2911 mande
440 2845 590 2910 peccatum
620 2845 708 2908 esset
739 2839 765 2898 si
787 2838 851 2911 quis
874 2854 911 2896 ea
940 2838 976 2897 od
999 2838 1095 2910 ignem
1124 2838 1284 2911 projiceret
1303 2835 1350 2896 vel

150 2938 281 3012 pedibus
303 2938 497 2999 conculcaret
520 2941 549 3000 4.
577 2939 612 2997 lt
635 2939 701 3001 dico
724 2944 870 3010 attenso,
901 2939 977 3011 quod
999 2938 1085 2997 bomo
1108 2938 1191 2997 licita
1213 2944 1244 2997 et
1263 2937 1350 2997 meri·

123 3088 130 3097 .
156 3041 230 3100 torio
254 3039 352 3112 possit
372 3055 409 3098 ex
431 3038 585 3098 devotione
605 3039 653 3098 uel
667 3045 735 3099 voto
758 3040 867 3099 sanctis
879 3041 1022 3113 jejunare.
1047 3040 1074 3101 b.
1094 3039 1129 3098 It.
1150 3043 1248 3107 teneo,
1270 3038 1348 3111 quod

157 3141 231 3201 deus
252 3146 372 3201 matrem
395 3156 475 3200 snam
498 3138 689 3200 sanctificavit
710 3142 799 3212 prius,
823 3157 906 3214 qnam
930 3145 1010 3201 esset
1029 3140 1108 3200 mitis
1131 3144 1162 3198 et
1181 3138 1297 3198 bomilia
1321 3144 1351 3199 et

156 3241 213 3301 deo
235 3241 369 3314 sarririt3
389 3246 420 3300 et
441 3242 518 3314 quod
530 3258 589 3300 non
604 3246 727 3314 propter
740 3242 803 3311 boc,
826 3243 892 3316 quio
904 3241 980 3300 mitis
999 3248 1029 3300 et
1044 3239 1159 3300 humilis
1176 3239 1238 3313 luit,
1261 3239 1352 3314 elegit

157 3359 221 3404 eam
234 3343 308 3403 deus
322 3343 352 3402 in
367 3348 497 3412 mamam,
512 3360 577 3402 cnm
588 3342 626 3402 ab
636 3349 757 3403 aeterno
769 3342 901 3416 elegerat
912 3358 990 3414 aam3
1005 3349 1036 3402 et
1047 3341 1125 3415 qood
1138 3357 1198 3400 non
1210 3339 1351 3414 sequitur,

157 3445 237 3519 quod
257 3442 362 3505 fnisset
383 3443 520 3503 damnata
542 3443 618 3505 siout
638 3460 759 3518 pagana,
783 3444 808 3504 si
829 3461 887 3503 non
909 3441 1014 3503 luisset
1033 3442 1076 3502 ita
1090 3443 1167 3503 mitis
1189 3451 1220 3504 et
1233 3442 1349 3504 humilis

157 3551 189 3605 et
214 3544 246 3605 in
274 3547 396 3606 matrem
418 3547 521 3617 olecta‚
552 3546 619 3618 qnia
646 3560 709 3605 cnm
731 3546 837 3606 minori
864 3546 1025 3607 bumilitate
1057 3546 1165 3605 salvari
1197 3544 1349 3617 potuisset

259 3649 287 3706 3.
314 3648 455 3708 Barcaeo
476 3654 544 3708 sunt
564 3663 632 3706 sext
654 3651 681 3705 1.
703 3647 779 3721 quod
802 3662 860 3707 non
887 3648 979 3722 magis
1002 3648 1041 3707 sit
1062 3645 1239 3707 credendum
1261 3645 1349 3706 dictis

158 3752 324 3808 sauctorum
347 3749 505 3819 doctorum,
534 3763 619 3822 quam
641 3749 691 3807 uni
713 3748 795 3806 virae
816 3747 944 3822 imagini.
975 3748 1002 3807 2.
1027 3746 1110 3820 Quod
1133 3746 1169 3806 D.
1191 3744 1350 3818 Archiepi·

160 3865 269 3923 scopus
290 3866 350 3909 non
379 3856 459 3908 recte
489 3849 599 3918 iecerit
628 3849 725 3908 dando
740 3849 936 3921 indulgentias
968 3848 1174 3908 venerantibus
1197 3845 1352 3920 imaginem

159 3948 265 4010 beatae
287 3950 417 4024 virginis.
432 3952 460 4010 3.
478 3948 560 4022 Quod
583 3950 699 4023 signare
723 3966 753 4009 se
776 3950 926 4023 signaculo
949 3957 1068 4010 sanctae
1090 3952 1185 4010 crucis
1206 3966 1265 4009 non
1281 3964 1352 4023 pro·

160 4048 198 4111 sit
219 4046 303 4110 malis
324 4049 497 4111 bominibus.
520 4054 547 4108 4.
570 4050 656 4122 Quod
669 4050 739 4109 mibi
760 4067 813 4123 pro
835 4050 915 4110 horis
937 4052 1085 4111 canonicis
1102 4050 1208 4110 sufficit.
1231 4050 1349 4110 studere

159 4158 191 4213 et
210 4150 443 4226 praedicare-5.
467 4151 550 4224 Quod
572 4151 659 4210 beato
680 4151 760 4225 virgo
782 4167 841 4211 non
864 4153 903 4211 sit
924 4152 1010 4211 aliter
1031 4152 1119 4225 plena
1139 4151 1242 4226 gratia,
1266 4167 1351 4225 quarn

155 4268 206 4312 ras
228 4251 344 4324 plenum
372 4251 496 4328 liquore,
527 4251 572 4311 vel
594 4253 680 4311 bomo
703 4252 768 4312 cibo
791 4253 837 4311 vel
864 4259 936 4325 potn
957 4253 1098 4326 repletos.
1130 4255 1156 4311 6.
1187 4252 1271 4325 Quod
1293 4268 1351 4311 nou

158 4351 305 4415 deberent
325 4350 403 4412 flecti
424 4369 520 4427 genua
541 4370 639 4413 coram
661 4352 843 4428 imaginibus.

259 4453 321 4514 Ista
338 4450 510 4528 praemissa,
530 4455 599 4528 qnia
620 4470 744 4513 erronea
763 4462 838 4525 sunt,
853 4453 921 4515 ideo
944 4468 980 4514 ea
994 4470 1101 4514 revoco
1123 4459 1154 4514 et
1176 4455 1353 4516 contrarium

160 4554 237 4619 dico.
249 4551 330 4629 Ergo
345 4559 370 4613 1.
387 4554 464 4628 quod
477 4553 568 4629 magis
581 4554 620 4614 sit
632 4555 808 4615 credendum
822 4555 906 4617 dictis
920 4562 1084 4616 sanctornm
1097 4556 1255 4626 doctorum,
1267 4572 1352 4630 quam

157 4660 209 4720 uni
229 4656 313 4719 virae
335 4654 468 4732 imagini3
492 4658 520 4719 2.
537 4655 614 4730 quod
635 4663 887 4729 praesumtuosnm
909 4664 956 4717 est
972 4658 1079 4727 dicere,
1101 4659 1179 4733 qood
1193 4656 1230 4722 D.
1246 4655 1352 4719 Archi·
