2992 5258
189 426 252 491 388
347 437 350 441 ’
431 401 1139 490 controversiaedereligioneinBohomia:1410.
1203 488 1208 495 Ι

191 626 393 699 conscriptam,
423 644 507 700 quam
534 634 604 687 tunc
630 628 740 686 ibidem
763 627 963 697 exhibuerunt,
985 643 1066 686 more
1089 634 1229 687 consueto
1250 627 1381 700 publica·

191 734 295 786 verunt
316 733 346 785 et
365 729 611 799 interposuerunt,
633 730 715 801 cuius
737 736 822 785 tenor
842 745 896 799 per
918 728 1014 785 omnia
1035 728 1071 786 de
1094 728 1186 788 verbo
1202 727 1240 785 ad
1261 727 1379 787 verbum

191 829 332 902 sequitur,
354 834 384 884 et
405 833 452 885 est
473 827 554 885 telis:

288 928 358 987 (ium
384 928 459 986 ratio
492 928 633 986 naturalis
656 927 796 987 adversus
819 928 951 999 pericula
965 926 1144 986 defendendi
1171 934 1202 987 et
1214 929 1293 1001 iuris
1308 943 1384 987 com·

186 1029 281 1087 munis
303 1028 433 1100 provisio
456 1034 559 1086 contra
580 1028 707 1087 insultus
730 1029 875 1086 violentos
898 1027 1056 1086 resistcndi
1078 1026 1181 1087 tribuit
1195 1027 1381 1087 facultatem:

187 1144 248 1186 non
277 1129 387 1197 mirum,
416 1129 441 1186 si
468 1128 544 1186 sacri
572 1145 699 1186 canonos
729 1134 760 1186 et
787 1127 870 1201 leges
890 1129 965 1200 jnris
986 1128 1138 1202 naturalis,
1161 1128 1259 1186 media
1280 1128 1379 1200 dispo-

182 1232 292 1287 'nsntes
315 1228 471 1286 secundum
486 1228 608 1285 rationis
630 1229 814 1300 aequitatem,
836 1229 930 1286 minus
943 1230 1022 1300 jnste
1038 1228 1165 1301 maratis
1182 1234 1212 1286 et
1225 1229 1379 1300 oppressis
1432 1258 1475 1298 ,ἦ

187 1327 331 1388 beneficio
352 1328 545 1400 providerunt
565 1329 804 1400 appellationum,
828 1345 884 1401 quo
903 1330 1020 1401 justitia
1057 1334 1087 1387 et
1106 1329 1214 1387 venitm
1238 1329 1480 1396 occultata-q

189 1443 282 1501 aequo
310 1431 425 1486 tramite
459 1429 490 1485 in
518 1435 624 1487 statum
651 1429 781 1487 debitum
807 1433 969 1487 revocetur.
1012 1429 1088 1488 Hinc
1120 1434 1180 1498 ost,
1215 1428 1294 1501 quod
1328 1444 1479 1497 no&

188 1531 319 1588 Joanncs
349 1530 385 1587 dc
407 1528 560 1598 Husinocz,
590 1530 729 1602 magister
757 1530 788 1588 in
816 1529 937 1599 artibus,
960 1545 1063 1588 sacrae
1085 1504 1253 1602 theologiae
1277 1528 1426 1587 bacca—
1444 1571 1481 1597 ,.

188 1629 306 1687 laureas
336 1629 484 1699 formatus,
513 1636 611 1688 rector
642 1636 673 1688 et
697 1629 884 1701 praedicator
906 1629 1037 1700 capellae
1059 1630 1261 1698 Innocentiam,
1283 1629 1480 1696 dictaffie

187 1729 349 1798 Bethleem,
371 1729 401 1788 in
416 1747 520 1803 magna
544 1731 661 1789 civitate
684 1729 835 1801 Pragensi
864 1728 1000 1787 Zdislaus
1028 1729 1065 1787 dc
1088 1728 1283 1796 Zn‘ierzeticr,
1307 1728 1377 1785 libo-
1406 1754 1482 1796 ξ.

187 1829 291 1887 raliurn
320 1831 424 1888 artium
456 1831 602 1902 magister,
630 1831 759 1889 Joannes
792 1830 828 1886 de
860 1829 1002 1902 Braudys
1032 1814 1192 1887 Beuessius
1226 1829 1264 1887 dc
1294 1830 1483 1908 nyssaei,

186 1927 293 1987 Petrus
327 1930 362 1988 de
393 1930 543 2001 Sepehom,
569 1931 675 1989 Petrus
710 1930 746 1988 dc
770 1929 912 1997 Valentia,
935 1927 1062 1986 Michael
1097 1928 1132 1986 de
1154 1928 1319 1997 Drnowicz,
1354 1944 1484 1997 ezer

187 2027 318 2088 loannes
348 2030 384 2087 de
407 2029 564 2099 Lanstein,
592 2029 777 2088 baccalaurci
804 2036 833 2087 et
866 2029 1016 2086 studentes
1049 2027 1142 2086 almae
1177 2027 1482 2098 universitati&

187 2130 278 2188 studii
298 2130 466 2202 Propensis,
489 2137 590 2189 nostro
614 2138 643 2188 et
658 2129 782 2187 omnium
797 2130 920 2187 aliorum
940 2130 1152 2201 magistrorum,
1175 2128 1328 2186 doctorum
1351 2144 1424 2186 Β
1451 2150 1476 2200 ep

188 2229 410 2300 licentiatorum,
440 2230 695 2289 baccalaureorum
726 2235 756 2288 ct
777 2229 952 2287 scholarium
976 2228 1071 2287 dictae
1093 2227 1302 2295 universitatis,
1323 2242 1471 2299 πᾶς

184 2345 246 2388 non
268 2331 392 2387 omnium
415 2335 445 2388 ct
466 2330 644 2404 singulorum
667 2329 869 2402 spectabilium
899 2336 930 2386 ct
950 2343 1161 2401 generosorum
1184 2316 1460 2409 dominorum-111,

186 2428 340 2500 baronum,
373 2430 525 2500 nobilium,
559 2430 694 2498 militum,
729 2430 877 2498 clientum,
911 2430 1044 2486 villarum
1078 2433 1108 2487 et
1140 2425 1452 2500 communitatuam

185 2537 332 2589 rectorum
359 2537 389 2589 et
415 2521 660 2603 gubernatorum,
689 2547 744 2589 nco
774 2546 832 2588 non
865 2530 952 2588 ctiam
985 2531 1108 2587 aliarum
1141 2543 1441 2601 quarumcnnq-np

187 2645 386 2701 personarum,
415 2637 473 2689 tam
514 2631 706 2702 spiritualium
733 2647 817 2704 qnam
845 2629 1019 2689 secularium
1056 2635 1235 2687 exemtaram
1263 2635 1295 2686 et
1320 2646 1426 2697 nnn

188 2735 372 2800 exemtorum
403 2732 584 2804 omniumque
606 2730 718 2790 Christi
749 2729 885 2800 fidelium,
918 2731 1115 2803 cujuscunque
1137 2734 1241 2802 status,
1263 2729 1408 2805 medus,

189 2829 339 2903 dignitatis
362 2837 391 2888 et
412 2831 658 2903 praeeminentiae
681 2832 816 2901 existant,
831 2832 917 2890 nobis
933 2830 1154 2889 adhaerentium
1170 2835 1201 2888 et
1216 2828 1396 2888 adhaerere

185 2931 344 2989 nolentium
372 2931 545 3002 nominibus,
576 2948 672 2991 coram
700 2931 921 2989 honorabilibus
950 2932 1021 2989 viris
1043 2930 1090 2988 hic
1112 2928 1325 3000 praesentibus,
1357 2934 1385 2986 et

182 3032 342 3089 'tenotario
358 3032 486 3106 publico,
508 3047 637 3103 persona
658 3030 834 3102 authentica,
856 3030 936 3090 fideli
959 3031 1054 3089 animo
1077 3037 1107 3088 et
1127 3029 1291 3088 intentione
1311 3043 1374 3100 pro-

187 3131 311 3191 vocandi
332 3137 363 3188 et
384 3131 553 3202 appellandi
575 3132 765 3203 proponimus
788 3137 818 3190 ct
839 3131 978 3191 dicimus:

287 3222 370 3302 Quod
393 3231 464 3290 licet
485 3232 591 3289 dudum
613 3232 794 3290 reverendus
816 3239 908 3304 pater,
940 3232 977 3291 D.
1001 3230 1117 3306 Sbynco
1144 3230 1370 3302 archiepiscopus

189 3332 355 3404 Pragensis,
383 3332 565 3404 apostolicae
594 3334 672 3392 sedis
702 3333 828 3405 legatus,
859 3332 952 3391 almae
977 3331 1176 3392 universitatis
1199 3330 1289 3391 studii
1310 3328 1371 3389 Pm-

189 3432 288 3505 gensis
328 3431 539 3501 cancellarius,
580 3435 719 3507 quasdam
757 3438 929 3505 praetensae
963 3433 1125 3492 sententias
1161 3438 1191 3492 et
1223 3446 1373 3504 processus

103 3577 104 3581 ,
190 3531 339 3602 poenales,
372 3529 508 3601 irirrolos,
541 3534 650 3602 nullos,
682 3533 799 3606 iniquos
832 3539 862 3591 et
893 3533 1035 3607 injustos,
1071 3532 1168 3591 varios
1201 3547 1319 3591 errores
1346 3538 1375 3591 et

191 3632 315 3702 plurima
335 3634 504 3704 gravamina
525 3634 554 3691 in
578 3650 609 3692 se
626 3634 818 3704 continentes,
842 3649 915 3706 quae
930 3633 1070 3691 adversus
1087 3648 1188 3691 omnes
1205 3638 1235 3692 et
1249 3631 1376 3706 singulos

180 3731 331 3802 dominos,
361 3733 523 3804 magist-ros,
552 3734 696 3802 doctores,
726 3733 900 3803 licentiatos
930 3733 1146 3802 baccalaureos,
1177 3732 1330 3791 studentes
1350 3739 1379 3790 et

189 3831 380 3905 presbyteros
420 3832 587 3903 praedictae
628 3833 827 3892 universitatis
865 3840 895 3891 ot
934 3833 1008 3891 alios
1042 3834 1239 3906 cujuscunque
1281 3838 1378 3901 status,

191 3933 306 4005 gradus,
329 3933 514 4006 conditionis,
537 3934 687 4007 dignitatis
710 3941 740 3992 et
761 3935 936 3992 eminentiae
958 3935 1091 4003 existant,
1105 3934 1135 3990 in
1152 3933 1272 4007 scriptis
1286 3931 1378 3991 inluui-

191 4038 298 4102 nasset,
331 4033 472 4093 habentes
506 4040 537 4092 et
568 4035 733 4094 detinentes
766 4035 843 4106 apud
875 4051 908 4093 se
940 4035 1032 4092 libros
1065 4050 1117 4092 ssu
1150 4034 1230 4093 dieta
1259 4032 1378 4094 Joannis

182 4131 306 4204 'Wiclei
335 4141 476 4206 quatenns
505 4136 600 4194 dictos
627 4135 720 4193 libros
749 4142 779 4192 et
800 4135 878 4194 dicta
905 4135 935 4192 in
957 4135 1038 4194 curia
1058 4133 1233 4192 thesaurarii
1255 4132 1379 4208 praelati

191 4232 226 4292 Ι).
250 4235 412 4307 Sbynconis
442 4236 655 4309 archiepiscopi
685 4237 834 4307 deponant
861 4241 891 4294 et
920 4235 1075 4307 deportent
1096 4234 1134 4292 ad
1157 4233 1380 4293 comburendum

192 4333 268 4392 inira
297 4336 449 4393 terminum
478 4337 508 4394 in
531 4337 618 4394 dictis
646 4336 811 4407 praetensis
838 4335 1026 4407 processibus
1049 4351 1083 4394 ac
1105 4333 1262 4394 sententiis
1284 4334 1378 4406 desig-

193 4440 305 4493 natum:
329 4453 346 4492 a
369 4437 473 4507 quihus
495 4436 611 4508 quidem
634 4436 787 4504 mandatis,
810 4437 964 4494 sententiis
995 4444 1024 4495 et
1044 4434 1235 4510 processibus
1258 4432 1378 4506 praeisti

193 4533 414 4608 berniconis
444 4535 667 4608 archicpiscopi,
697 4539 738 4596 sic
767 4544 798 4595 ut
828 4537 992 4612 praefertur
1014 4537 1126 4596 frivolis
1148 4541 1179 4594 et
1199 4536 1298 4605 nullis,
1324 4535 1376 4593 imo

194 4649 334 4706 expresse
365 4652 492 4693 errarem
521 4637 550 4695 in
574 4654 605 4695 se
633 4638 858 4712 coritincutibus,
885 4634 935 4718 (ex
963 4656 1006 4708 co,
1039 4655 1102 4697 cum
1131 4634 1271 4697 iuenmns
1291 4634 1375 4711 priri—
