2992 5258
410 397 452 449 ol.
469 396 494 451 J.
530 396 682 465 Replicatio
699 396 888 464 magistrorum
905 395 1089 464 Pregensinm.
1286 400 1345 463 501

152 616 253 681 nsque
282 600 400 667 hodie?
429 600 514 682 qrrod
542 606 649 666 tamen
670 608 767 683 caput
788 601 951 682 ecclesiae,
983 599 1068 681 quod
1096 607 1147 665 est
1175 598 1348 665 secundum

151 717 217 778 eos,
239 701 318 765 nihil
339 702 399 766 luit
420 702 607 766 manifestus
628 707 662 766 et
682 719 778 768 verius
800 701 937 766 vicarius
961 701 1051 766 Petri
1071 701 1218 782 apostoli.

253 802 334 879 Quia
360 802 514 867 articulus
545 819 677 882 ortorum
708 800 813 866 nullus
835 809 887 866 est
908 801 1083 867 catholicus
1104 818 1142 866 oc.
1186 802 1257 866 Non
1280 819 1348 866 cre·

150 902 254 966 dimus
283 903 339 981 eis,
368 901 446 966 dent
474 902 659 983 scripturas,
687 902 772 967 sicut
802 901 988 983 petivimus,
1023 907 1057 966 et
1087 901 1131 967 ibi
1164 901 1282 982 injuria
1313 899 1349 966 fit

154 1003 257 1082 uobis,
286 1003 360 1083 quia
386 1008 496 1068 nostra
525 1003 645 1084 scripta
671 1003 732 1083 ipsi
763 1001 884 1067 habent
905 1008 939 1066 et
960 1019 1024 1067 non
1045 1002 1212 1084 replicant,
1236 1009 1270 1067 et
1291 1019 1349 1067 sua

149 1103 272 1183 scripta
292 1122 357 1169 non
379 1103 498 1169 sordent
520 1105 692 1184 publicare,
715 1102 871 1184 quomodo
894 1103 973 1184 ipsis
996 1109 1047 1168 est
1068 1102 1285 1167 credendum‘.>

252 1203 291 1268 It.
322 1222 420 1285 <parare
450 1206 483 1268 iu
506 1205 753 1285 congregatione
775 1222 839 1268 non
861 1204 1094 1283 contradicunt,
1118 1204 1172 1268 ubi
1195 1221 1346 1285 expresse

150 1303 334 1368 mandatum
356 1311 406 1368 ost
429 1322 487 1385 per
510 1304 547 1367 D.
571 1305 700 1384 Regem,
723 1304 808 1385 ‹prrod
830 1312 988 1386 reponant
1010 1322 1139 1369 censum
1160 1304 1189 1369 S.
1206 1303 1346 1385 Georgii,

151 1412 185 1468 et
218 1403 296 1468 illud
327 1404 509 1469 rotundatum
543 1422 695 1486 expresse
725 1404 883 1485 approbat
915 1405 1083 1470 articulum
1116 1404 1156 1469 de
1188 1405 1348 1470 ablatione

152 1504 392 1585 temporalium}
426 1507 509 1570 unde
542 1506 630 1570 illum
658 1506 827 1571 articulum
857 1505 1104 1571 condemnantes
1137 1505 1349 1571 condemnant

152 1604 189 1668 D.
214 1605 342 1685 Regem,
366 1608 419 1686 qui
441 1606 597 1687 practicat
611 1606 699 1671 illum
715 1608 884 1671 articulum
898 1608 990 1672 malis
1011 1605 1240 1686 sacerdotibus,
1263 1606 1349 1670 simi·

152 1704 228 1769 litor
248 1711 378 1771 sanctae
400 1707 571 1770 memoriae
592 1707 799 1788 Imperatoris
823 1708 914 1777 etl).
937 1707 1034 1787 Regis
1056 1705 1218 1787 Ungariae
1240 1704 1322 1786 (aie).

253 1804 386 1870 Domum
409 1808 482 1887 quia
504 1824 674 1889 processus
696 1807 742 1871 illi
764 1812 877 1872 contra
898 1807 940 1871 ll.
955 1808 984 1873 J.
1002 1808 1072 1871 Hus
1094 1824 1152 1888 per
1175 1805 1351 1870 communi·

153 1910 252 1971 tatem
280 1905 358 1970 cleri
386 1907 418 1969 in
444 1909 546 1989 l'raga
574 1916 648 1972 sunt
679 1909 800 1989 recepti
829 1915 863 1972 et
892 1909 940 1974 eis
970 1912 1155 1990 paruerunt,
1178 1907 1349 1986 igiturest

152 2006 199 2071 eis
227 2004 438 2071 obediendum
465 2018 499 2074 et
526 2008 712 2089 parendum.
756 2009 782 2073 O
811 2008 896 2089 quod
926 2026 987 2072 non
1018 2015 1170 2072 verentur
1200 2007 1350 2071 doctores

152 2114 217 2170 tam
244 2107 337 2173 vilem
365 2109 502 2173 tonuere
532 2110 790 2190 consequentiam
821 2110 871 2174 vol
900 2109 1075 2174 cansaleml
1098 2109 1145 2172 sic
1168 2108 1251 2171 onim
1273 2106 1348 2171 sub·

152 2205 302 2272 ordinate
322 2216 456 2289 possent
478 2226 649 2290 processus
671 2218 705 2274 et
720 2226 775 2273 eos
791 2209 941 2297 rociporo
956 2209 1073 2287 clerici,
1096 2207 1181 2289 quod
1196 2207 1349 2272 tollerent

152 2324 270 2370 uxores
284 2305 405 2370 alienos
422 2311 456 2368 et
469 2306 595 2371 divitias
611 2307 813 2387 secularium,
829 2308 862 2371 in
877 2307 992 2387 quibus
1008 2317 1096 2372 esset
1110 2307 1158 2372 eis
1172 2307 1349 2389 parendum

153 2415 186 2471 et
208 2405 429 2472 obediendum.

353 2522 536 2606 Expliciunt
574 2527 800 2607 replicationes
830 2525 1076 2592 Wiclefistarum
1113 2526 1350 2591 haereticorum

435 2633 547 2691 contra
569 2646 644 2692 vera
666 2636 699 2692 ot
721 2629 876 2693 catholica
898 2628 983 2692 dicta
1005 2635 1038 2691 et
1061 2627 1196 2692 consilia
1217 2625 1350 2691 catholi-

435 2744 544 2791 corum
566 2726 732 2792 doctorum
755 2728 852 2792 studii
874 2728 1055 2808 Pragensis.

709 3095 745 3159 K.

150 3311 281 3375 loannis
308 3312 448 3393 episcopi
473 3312 717 3394 Lulomyslansis
740 3314 892 3376 sententia
922 3313 962 3376 de
984 3313 1172 3378 concordias
1194 3314 1348 3378 conditio·

239 3413 340 3488 nibus,
363 3431 379 3476 a
403 3413 444 3477 Μ.
466 3413 493 3477 l.
517 3415 583 3478 llus
605 3417 786 3496 propositis,
809 3417 960 3497 episeopo
982 3414 1129 3480 conrado
1152 3415 1255 3478 missa.

558 3630 708 3698 Lutomytl,
728 3633 801 3698 1413,
821 3633 853 3684 10
869 3631 950 3685 Febr,

148 3932 196 3995 (E
211 3930 275 3984 MS.
300 3929 397 3984 Vicum·
416 3929 498 3995 4941,
511 3932 536 4001 s.
556 3930 592 3984 10
608 3948 647 3999 sq.
683 3931 745 3984 MS.
764 3934 905 3986 calamit.
924 3932 1014 4001 Prag.
1034 3933 1095 3995 111,
1115 3933 1148 3986 G.
1168 3931 1197 3994 6,
1208 3932 1262 4000 jol.
1281 3926 1301 3983 6
1308 3946 1348 3999 oq.

514 4032 561 4084 ap.
582 4014 745 4071 Goctlaenm
760 4033 828 4086 pag.
845 4014 983 4081 34-36.)

249 4320 353 4384 Rev¹¹¹⁰
373 4328 481 4402 pater,
515 4321 640 4387 domine
666 4328 699 4387 et
721 4323 821 4386 amice
854 4322 1033 4387 carissime!
1058 4320 1142 4385 Visis
1177 4326 1210 4385 et
1232 4320 1345 4384 revisis

148 4421 375 4502 magistrumn
401 4422 560 4486 facultatis
591 4423 789 4502 theologicae
817 4423 1066 4487 consiliabilibus
1089 4432 1121 4486 et
1144 4421 1190 4485 M.
1212 4421 1347 4487 loannis

148 4522 221 4587 llus
242 4539 341 4604 super
362 4521 579 4587 destructione
612 4523 758 4588 infamiae
780 4524 812 4587 in
841 4523 960 4589 nostris
982 4522 1145 4605 partibus,
1178 4528 1345 4604 postquam

148 4622 287 4689 scientia
307 4623 350 4688 sit
371 4622 410 4689 de
432 4624 677 4705 universalibus,
700 4624 866 4689 consilium
881 4623 921 4688 de
935 4622 1149 4703 singularibus
1171 4622 1231 4688 hoc
1251 4621 1346 4687 modo
