2992 5258
150 415 212 482 578
398 415 605 470 Controversiam
623 415 657 469 de
675 415 806 483 religione
824 416 851 468 in
870 415 1011 470 Bobenia:
1031 418 1104 470 1415.

722 713 786 786 84,

77 982 80 987 ’
154 934 395 1023 Concilium
417 934 748 1021 Constantiense
775 938 934 1020 clerum
954 940 1140 1021 civitatis
1162 950 1207 1022 et
1233 938 1343 1024 dioe-

152 1076 258 1157 cesis
284 1071 513 1184 Pragensis
540 1072 756 1178 admonet,
785 1082 833 1155 ut
853 1070 883 1155 J
886 1101 1069 1154 oannem
1096 1075 1343 1182 episcopum

193 1207 579 1318 Lutomyslensem,
608 1208 804 1290 haereses
831 1210 875 1290 in
900 1236 1038 1319 regno
1067 1211 1306 1317 exstirpare

413 1353 651 1448 conantem,
687 1353 857 1425 strenue
884 1340 1071 1450 adjuvet.

553 1591 736 1659 Constantine,
756 1593 829 1659 1415,
847 1593 864 1644 2
882 1591 956 1658 Sept.

649 1798 847 1806 ——.—..--

480 1891 524 1957 (Ε
539 1890 603 1946 MS.
629 1890 724 1946 Vienna.
743 1888 829 1956 4902,
841 1892 894 1963 fol.
912 1891 950 1945 57
967 1893 1023 1960 sq.)

183 2195 300 2257 „Litera
319 2194 429 2247 concilii
448 2192 669 2247 Constantianam
685 2192 792 2246 daunai
810 2195 940 2262 episcopo
958 2192 1165 2264 Lutomprlensi
1182 2195 1314 2250 directas·

250 2397 458 2464 Sacrosancta
487 2402 520 2462 et
542 2395 703 2477 generalis
726 2395 866 2478 synodus
888 2394 1145 2464 constantiensis
1168 2397 1292 2466 dilectis
1312 2398 1339 2463 in

151 2498 277 2564 Christo
310 2496 403 2577 filiis,
437 2497 522 2562 clero
556 2497 693 2562 civitatis
716 2503 749 2562 et
770 2496 907 2561 diocesis
942 2498 1127 2578 l’ragensis,
1162 2500 1341 2566 salutemet

150 2599 376 2682 omnipotentis
400 2597 452 2662 dei
474 2597 737 2663 benedictionem.

251 2719 407 2795 Quantam
431 2721 464 2782 ct
493 2717 616 2798 qualem
637 2717 749 2781 animis
772 2717 890 2781 nostris
913 2715 1156 2810 amaritudinem
1179 2717 1335 2784 attulerint

152 2838 206 2900 ea,
241 2838 322 2900 quae
346 2826 456 2885 contra
479 2819 572 2882 fidem
596 2818 782 2883 catholicam
808 2818 841 2882 in
863 2817 1022 2882 nonnullis
1045 2818 1210 2898 partibuS,
1234 2827 1266 2885 et
1284 2836 1340 2882 nra-

152 2922 235 2986 ximc
259 2920 291 2984 in
314 2918 605 2998 regnossoberniae,
622 2917 787 2982 didicimus
810 2917 973 2997 seminata,
996 2918 1090 2982 nimis
1112 2917 1200 2985 foret
1224 2918 1339 2985 difficile

151 3041 209 3104 per
224 3020 350 3101 singula
365 3038 526 3084 enarrare.
550 3019 629 3082 Nam
653 3019 680 3083 si
702 3036 824 3082 onmem
842 3018 995 3083 ecclesiae
1008 3026 1235 3100 tempestatem
1250 3035 1335 3100 aegre

150 3122 289 3197 ferimus,
312 3122 365 3185 illa
379 3127 501 3199 tamen,
526 3139 608 3200 quae
622 3118 662 3183 ad
678 3119 850 3184 evertenda
865 3119 937 3183 fidei
960 3118 1135 3185 catholicae
1146 3119 1339 3185 fundamenta

152 3242 191 3287 ex
219 3221 425 3304 quorumdam
451 3221 689 3301 malignantium
706 3221 865 3302 perversis
888 3220 1087 3301 dogmatibus
1110 3224 1341 3302 processerunt,

151 3324 289 3390 tolerare
302 3342 363 3388 non
377 3340 544 3403 possumus
556 3340 615 3386 nec
625 3321 785 3385 debemus.
796 3321 1038 3398 unanunbrem
1049 3321 1184 3386 fratrem
1194 3322 1338 3388 loannem

151 3424 333 3506 episcopum
357 3422 639 3503 Initomyslcnsem,
664 3423 752 3503 cujus
767 3420 898 3486 eximias
922 3422 1056 3486 virtutes
1078 3428 1192 3504 aperte
1215 3422 1338 3487 vidimus

152 3530 185 3589 ct
206 3524 427 3605 cognovimus,
460 3523 500 3587 ad
523 3521 770 3587 confirmandum
801 3522 1027 3587 catholicorum
1050 3529 1083 3586 et
1102 3522 1262 3604 justorum
1284 3521 1340 3588 ani·

151 3643 233 3705 mos,
256 3625 289 3688 in
312 3642 412 3705 regno
436 3625 579 3705 praefato
603 3631 636 3687 ct
658 3622 844 3703 quibusdam
868 3623 979 3687 vicinis
1003 3622 1148 3705 partibus
1172 3623 1339 3688 consisten-

152 3727 245 3805 tium,
267 3730 300 3790 et
322 3724 546 3789 eradicandum
575 3743 705 3806 prorsus
728 3724 845 3788 abinde
869 3742 977 3788 ornnes
1000 3723 1151 3788 haereses
1175 3723 1207 3787 in
1232 3721 1340 3789 eisden

151 3844 250 3907 regno
284 3833 317 3890 ct
349 3827 511 3906 partibus,
546 3826 637 3890 boste
670 3824 801 3906 antiquo
834 3825 960 3889 hannani
994 3824 1123 3905 generis
1152 3830 1338 3905 procurante

152 3926 322 4009 dispersas,
345 3931 470 3990 matura
485 3925 715 3990 deliberatione
730 3925 945 4006 praecedente
968 3925 1146 3990 miravimus
1168 3923 1340 3997 destinata

152 4026 237 4109 qarod
263 4027 332 4109 ipse
355 4027 447 4107 juxta
475 4025 581 4090 datam
612 4026 713 4090 adeo
736 4027 796 4091 sibi
827 4024 1029 4107 prudentiam
1059 4024 1192 4090 nocivos
1215 4023 1339 4090 tribulos

151 4127 342 4193 auctoritate
372 4133 481 4191 nostra
509 4127 608 4191 sciret
641 4126 778 4191 evellere
806 4132 838 4191 et
861 4127 975 4191 uberes
998 4125 1120 4190 fructus
1143 4124 1269 4190 domino
1291 4122 1338 4189 ad·

150 4228 268 4293 ducere
297 4229 330 4291 in
353 4227 481 4292 eisdem.
525 4228 645 4292 Verum
674 4228 734 4292 boc
757 4246 852 4291 unum
884 4227 980 4291 silere
1004 4226 1181 4307 nequimus,
1204 4225 1341 4291 videlicet

151 4329 251 4412 quod,
285 4328 368 4393 sicut
395 4327 584 4410 frequenter
613 4328 805 4407 audiunto,
843 4328 945 4393 labem
976 4335 1009 4392 et
1040 4334 1161 4392 sectam
1183 4329 1340 4393 haeresum

151 4429 396 4495 Wicleiistarum
412 4435 476 4494 tam
499 4429 554 4494 diu
570 4429 780 4510 permiseritis
794 4430 825 4493 in
849 4429 961 4494 eodem
985 4446 1083 4510 regno
1107 4428 1339 4494 conniventibus

151 4530 251 4595 oculis
273 4529 453 4610 obdurare,
483 4530 569 4612 quod
592 4530 746 4596 clericalis
769 4530 932 4611 religionis
956 4538 1087 4595 nostrae
1109 4529 1294 4610 dignitatem
1313 4532 1339 4591 et

148 4648 282 4711 regnum
310 4631 415 4714 ipsum
446 4631 517 4696 labe
541 4632 622 4697 tanti
644 4630 813 4696 dedecoris
834 4617 1061 4695 damnabiliter
1082 4630 1243 4696 maculare
1263 4626 1339 4692 vide·
