2992 5258
365 439 406 492 23.
442 437 552 506 thnco
571 435 728 491 mandatum
746 433 895 489 Alexandri
912 433 937 486 V
955 432 1119 502 exsequitur.
1279 435 1341 502 379

145 644 302 712 Nonnulli
329 649 436 708 autern
464 659 542 706 suae
572 639 684 705 salutis
705 639 914 718 immemores
937 637 1099 703 scholares
1121 644 1156 703 et
1176 638 1343 704 studentes
1446 706 1449 710 A

133 745 248 812 dictae
280 740 499 809 universitatis
522 741 691 821 Pragcuais
720 757 755 805 se
784 746 975 818 asserentes
1004 747 1037 806 ct
1063 741 1228 822 signanter
1254 738 1343 804 Prai-

131 848 211 915 bieo
251 845 291 911 de
333 843 465 921 Hunua,
503 841 632 907 Hrocho
676 840 716 905 de
749 840 906 920 Podwek‚
941 840 1077 906 Michael
1113 840 1153 905 de
1185 840 1341 919 Dmouic‚

131 951 259 1015 Petrus
282 946 322 1010 de
345 942 505 1022 Valcneia,
528 943 670 1008 loannes
704 940 743 1006 de
773 941 959 1019 Landsteiu
996 960 1053 1025 pro
1091 961 1125 1007 se
1162 948 1195 1007 et
1213 942 1340 1007 nominc

131 1069 222 1130 suo,
260 1068 297 1115 ac
342 1047 387 1110 eis
430 1043 672 1109 adhaerentium
709 1049 742 1107 et
785 1041 960 1107 adhaerere.
997 1043 1168 1109 volentium
1206 1045 1342 1120 nomine,

131 1172 154 1218 a
180 1150 271 1216 dicta
292 1154 402 1213 nostra
425 1145 598 1209 monitione
622 1162 773 1226 processu
797 1146 864 1210 sive
881 1145 1030 1212 mandato
1046 1146 1085 1212 ad
1101 1145 1217 1212 dictam
1233 1146 1340 1209 sedem

131 1250 350 1336 apostolicam
373 1246 484 1313 frivole
506 1245 715 1328 appellantes,
732 1263 790 1309 nos
805 1245 846 1310 ad
862 1245 995 1311 eandem
1011 1247 1119 1312 sedern
1135 1246 1341 1330 apostolicam

131 1352 234 1419 citari
252 1354 514 1434 procuraverunt.
547 1346 802 1428 HuJusmodique
814 1366 910 1412 causa
921 1348 1145 1429 appellationis
1157 1348 1188 1413 iu
1201 1346 1343 1411 Romana

131 1454 233 1520 curma
260 1450 431 1534 pendente,
455 1447 492 1513 D.
521 1446 702 1511 Alexander
729 1446 836 1513 diviua
866 1449 1068 1530 providentia
1098 1467 1181 1530 papa
1203 1449 1342 1528 quintus,

131 1555 260 1621 dictam
291 1569 417 1618 causam
447 1557 619 1615 ct'eausas
648 1548 872 1630 appellationis
904 1557 937 1615 et
967 1548 1215 1631 appellationum
1245 1547 1341 1613 adse

131 1653 333 1731 revocando,
367 1652 459 1717 rrobis
486 1669 545 1732 per
574 1650 653 1715 certi
682 1650 730 1714 sui
761 1651 883 1714 tenoris
904 1650 1017 1715 literas
1046 1648 1136 1714 dedit
1165 1650 1287 1715 seriose
1308 1647 1342 1712 iu

131 1754 312 1834 mandatis,
336 1760 371 1817 ut
392 1751 432 1818 ad
448 1750 710 1833 exstirpationem
727 1750 831 1816 dictae
854 1751 996 1816 haeresis
1020 1755 1052 1815 et
1074 1751 1193 1815 erroris
1208 1749 1343 1815 ulterius

132 1855 365 1941 procedamus.
410 1853 458 1917 Dc
481 1870 543 1933 qua
572 1854 775 1918 revocatione
797 1853 840 1918 M.
864 1852 992 1918 Marcus
1014 1852 1054 1918 de
1077 1851 1178 1918 Grecz
1201 1852 1341 1933 reginae,

131 1961 302 2025 [lictorum
324 1954 552 2037 appellantium
573 1955 798 2035 magistrorum
822 1959 856 2020 et
878 1954 1074 2019 studentium
1095 1972 1132 2019 ac
1154 1953 1201 2019 eia
1225 1952 1342 2018 adhae-

131 2060 284 2126 rentium
307 2063 340 2122 et
362 2056 535 2122 adhaerere
558 2056 731 2121 volentium
765 2063 963 2139 procurator,
994 2056 1115 2122 hahens
1137 2056 1283 2121 notitiam
1304 2074 1342 2120 ac

131 2160 228 2225 clare
266 2158 463 2236 informatus,
500 2175 557 2220 suro
595 2165 628 2221 et
664 2157 885 2238 procuratorio
922 2158 1078 2224 dictorum
1115 2158 1341 2242 appellantium

131 2260 370 2342 magistrorum
403 2267 436 2324 et
469 2257 663 2323 studentium
692 2277 728 2323 ac
764 2260 810 2323 eis
848 2259 1089 2325 adhaerentium
1111 2266 1145 2325 et
1166 2258 1342 2324 adhaerere

132 2363 319 2428 volentium
352 2360 494 2438 nomine,
529 2376 634 2423 coram
667 2360 844 2424 reverendo
876 2366 969 2442 patre
1002 2359 1040 2424 D.
1063 2360 1212 2426 Mathaeo
1242 2361 1343 2427 electo

133 2463 312 2539 vabrensi,
346 2461 423 2526 dieti
455 2458 574 2525 domini
606 2479 708 2541 papae
746 2460 1021 2539 vicecancellario
1050 2462 1227 2543 hujusmodi
1257 2480 1344 2527 man·

134 2562 251 2628 datum
272 2562 481 2644 apostolicum
504 2559 711 2642 approbando
734 2567 767 2626 et
792 2559 989 2639 notificando,
1014 2563 1044 2626 in
1062 2580 1119 2627 nos
1136 2563 1343 2644 Sbynconem,

136 2665 418 2745 archiepiscopum
441 2663 634 2744 Pragensem
657 2662 862 2745 praedictum,
887 2670 1047 2743 tarnquam
1065 2663 1204 2745 judicem
1228 2683 1246 2728 a
1267 2664 1343 2728 sede

141 2765 319 2844 apostoliea
350 2763 544 2844 delegatum,
578 2763 670 2844 juxta
703 2763 833 2827 formam
868 2765 1099 2845 commissionis
1137 2765 1339 2846 apostolieae.

142 2872 255 2943 sponte
287 2872 320 2930 et
347 2865 450 2929 libere
484 2864 655 2935 corrseusit,
686 2882 720 2929 se
753 2871 787 2929 et
808 2862 952 2928 dominos
975 2882 1050 2929 suos
1071 2872 1182 2930 nostro
1206 2867 1341 2932 examini

150 2965 302 3043 etjndicio
315 2965 520 3046 subjiciendos
540 2965 621 3028 sicut
634 2962 752 3045 (patet)
763 2983 821 3045 per
837 2965 977 3045 legitima
986 2957 1342 3048 instrumentapuhlica.

152 3062 232 3138 Quae
248 3067 460 3130 instrumenta
483 3063 609 3145 publica
620 3082 657 3128 ac
668 3064 778 3128 literas
794 3064 985 3146 apostolicas
1001 3064 1077 3129 dicti
1094 3067 1210 3131 domini
1230 3087 1342 3149 papae,

151 3157 176 3226 in
212 3183 403 3248 pergameno
439 3165 595 3246 scriptas,
629 3165 697 3245 ejus
737 3182 813 3230 vera
841 3165 928 3229 hulla
960 3164 1108 3245 plumbea
1147 3169 1178 3231 in
1212 3166 1343 3233 cordula

146 3267 270 3347 canapis
285 3266 445 3350 pendente
460 3283 548 3329 more
565 3265 724 3329 Romanae
739 3266 846 3330 curiae
861 3265 1007 3343 bullatas,
1031 3283 1124 3331 sanas
1140 3274 1174 3332 et
1186 3269 1338 3347 integras,

141 3373 208 3428 nen
223 3373 396 3449 corruptas,
420 3384 482 3430 non
500 3364 700 3444 cancellatas
730 3365 786 3430 sed
809 3365 893 3430 omni
919 3384 1050 3447 prorsus
1073 3367 1151 3431 vitio
1182 3374 1215 3432 et
1238 3370 1340 3449 suspi-

135 3458 235 3530 cione
265 3470 421 3542 carentes,
456 3483 526 3529 cnm
558 3483 596 3529 ea
625 3484 687 3545 qua
719 3465 826 3531 decuit
856 3466 1036 3529 reverentia
1069 3469 1258 3550 recepimus,
1284 3488 1342 3550 per

131 3566 248 3632 omnia
268 3564 447 3650 hujusmodi
471 3565 529 3630 sub
552 3570 680 3629 tenore:
989 3647 991 3651 Α

244 3669 411 3729 Alexander
421 3669 578 3741 episcopus
592 3685 693 3727 servus
706 3685 743 3732 tc.
760 3670 846 3729 Sedis
859 3671 1040 3743 apostolieae
1053 3672 1207 3745 diligentia
1219 3672 1340 3732 circnm-

131 3774 361 3833 spectamina
376 3769 542 3829 haereticae
566 3771 719 3842 pravitatis
741 3769 790 3849 (sc.
812 3771 877 3830 side
902 3789 991 3844 supra
1013 3789 1081 3846 pag.
1108 3770 1192 3851 374.)
1234 3773 1338 3832 Ilatum

131 3857 265 3928 Pistorii
286 3868 358 3929 lilii
382 3869 448 3928 Kal.
470 3869 611 3940 ianuarii,
648 3868 835 3942 pontificatus
872 3873 967 3930 nostri
994 3888 1071 3931 anno
1094 3874 1196 3945 primo.

242 3968 317 4033 Post
353 3969 623 4049 praescriptarum
660 3969 823 4033 literarum
866 3971 1110 4052 apostolicarum
1152 3979 1337 4053 praesenta-

136 4054 261 4131 tionem
282 4076 315 4134 et
338 4069 564 4149 receptionem,
587 4069 628 4134 ad
651 4070 870 4135 executionem
893 4073 1065 4136 earundem
1084 4072 1222 4136 debitam
1245 4080 1278 4137 et
1300 4072 1340 4137 ad

142 4163 403 4250 exstirpationem
433 4168 577 4233 haeresis
607 4169 763 4252 praedicti
793 4171 927 4235 Joannis
949 4171 1066 4237 Wiclef
1095 4173 1338 4239 haeresiarchae

146 4248 276 4331 ulterius
303 4268 479 4350 procedere
507 4269 660 4348 volentes,
688 4271 779 4349 juxta
806 4277 949 4335 tenorem
982 4271 1146 4336 literarum
1181 4273 1334 4355 apostoli·

152 4369 254 4431 carum
279 4377 352 4435 ante
380 4369 546 4450 dictarum,
578 4378 714 4451 quatuor
743 4370 773 4434 in
803 4371 964 4453 theologia
997 4374 1167 4453 magistros
1198 4381 1230 4438 et
1256 4372 1360 4443 duos.

156 4450 345 4564 flfftretorum
367 4469 516 4535 doctores
538 4481 738 4536 assumentes
761 4478 795 4536 et
816 4472 979 4554 eligentes,
997 4474 1075 4555 ipsis
1091 4474 1189 4538 libros
1205 4483 1239 4539 et
1253 4475 1338 4540 dicta

160 4550 226 4625 nm
248 4562 376 4636 loannis
406 4569 524 4635 Wiclef
550 4572 793 4637 haeresiarchae
821 4574 1045 4639 examinandos
1076 4575 1168 4654 juxta
1197 4575 1337 4657 ipsorum

165 4667 365 4738 censcientiam
388 4672 607 4740 commisimus.
632 4671 690 4752 Qui
705 4674 847 4755 marapetri
875 4671 1088 4754 seductores,
1112 4674 1203 4742 libris
1219 4693 1335 4746 memo·
