2992 5258
155 418 218 489 114
373 414 514 488 Epistulae
532 416 648 485 scriptae
667 412 841 473 &mundae
857 411 1051 470 mauretania
1069 413 1134 468 1415

253 617 360 675 aits.
378 617 508 675 Mlnden.
523 634 555 688 p.
573 615 639 673 100.
673 616 760 673 MSS.
785 614 881 670 Vienn.
899 614 985 677 4524,
1003 614 1029 685 s.
1047 612 1144 669 89.-
1161 609 1249 676 4902,
1267 609 1353 680 {99

153 699 673 775 MsmeapitPraerddffdo

254 805 331 860 Edit.
349 803 579 874 indipistpiiss.
592 801 632 857 Η.
645 801 671 865 Ι,
697 801 779 872 ·.Opp
798 795 1351 864 Hm1‚70a90.13re0n,111‚281.

722 1167 785 1243 70.
880 1216 883 1223 -

543 1358 707 1444 Amicis
737 1356 953 1444 Bohemis.

380 1576 518 1644 Dercylo
535 1575 710 1646 Sipisnuundi
725 1574 919 1629 inconstantia
935 1575 1121 1642 wnqueritur.

600 1744 689 1811 (1415,
706 1748 769 1812 pest
784 1743 802 1796 8
818 1742 893 1810 iun.)

354 1943 525 2015 „Inrebendo
535 1950 629 1999 contra
638 1944 741 1999 salvum
750 1940 921 2012 conductum,
940 1941 1352 2010 commemorstdietaquorum·

418 2027 480 2083 darn
497 2028 644 2083 amicorum
661 2033 689 2081 et
706 2027 786 2082 Pilati
804 2027 909 2096 gesta!

253 2199 302 2265 Ds
323 2198 420 2264 Petro
443 2197 547 2281 placet
561 2197 638 2262 mihi
654 2198 750 2277 bene;
772 2197 883 2263 literas
902 2214 976 2263 suas
997 2215 1061 2263 non
1084 2213 1186 2276 servo,
1208 2194 1267 2261 sed
1289 2201 1356 2262 ste·

152 2299 209 2365 tim
229 2298 359 2366 annullo
380 2316 444 2364 ess.
487 2298 559 2364 Neu
574 2297 753 2379 dirigantur
773 2298 850 2364 mihi
872 2298 1031 2379 sextarii,
1054 2296 1127 2378 quia
1148 2297 1246 2362 timeo
1267 2296 1357 2379 peri·

152 2399 257 2466 aulum
267 2415 415 2482 magnum
425 2399 528 2464 nuntii
541 2403 575 2465 et
594 2397 728 2464 alierum
750 2414 966 2480 personarum.
990 2398 1078 2480 Rogo
1100 2397 1203 2464 adhue
1217 2403 1354 2480 propter

151 2498 262 2581 deum,
294 2497 380 2581 quod
400 2515 510 2565 omnes
537 2498 656 2564 domird
682 2498 868 2580 confflegsti
891 2504 1002 2581 petant
1035 2518 1143 2582 regem
1175 2517 1234 2582 pro
1265 2496 1354 2565 finali

152 2598 330 2679 audientia,
358 2599 432 2680 quia
454 2617 493 2664 ex
515 2616 576 2680 quo
600 2599 686 2664 solus
708 2598 789 2664 dixit
810 2599 844 2662 in
865 2599 1018 2679 coneilio,
1046 2599 1131 2680 quod
1152 2600 1185 2664 in
1207 2600 1353 2684 proximo

151 2698 316 2766 audientia
335 2697 464 2765 dabitur
485 2699 575 2779 mibi,
606 2705 642 2764 ut
663 2698 874 2782 respondeam
895 2700 928 2764 iu
951 2700 1070 2782 scripto
1091 2701 1247 2766 breviter:
1277 2717 1354 2766 con·

151 2799 232 2866 fusio
254 2817 312 2866 sua
332 2816 447 2880 magna
469 2799 540 2878 erit,
571 2800 598 2864 si
623 2799 702 2865 illud
729 2800 848 2865 dietum
872 2801 1070 2881 praeteribit.
1110 2800 1174 2867 Sed
1206 2800 1354 2882 aestimo,

152 2899 237 2984 qued
258 2917 349 2965 suum
375 2899 494 2967 dietum
517 2905 568 2965 est
589 2907 654 2965 tum
675 2900 801 2979 stabile,
832 2899 915 2965 sicut
941 2899 981 2965 de
1002 2903 1089 2967 selvo
1112 2899 1282 2982 conductu,
1312 2900 1355 2967 de

152 3018 215 3084 quo
243 3000 394 3067 dixerunt
414 3001 490 3066 mihi
520 3002 553 3065 in
574 2999 739 3080 Bohemis,
770 2999 855 3082 quod
877 3018 1024 3066 caverem
1045 3020 1064 3066 a
1086 3019 1144 3068 suo
1166 3003 1254 3067 salvo
1277 3019 1353 3067 eou-

151 3101 259 3168 ductu.
302 3102 345 3169 Et
381 3102 437 3168 alii
464 3101 630 3167 dixerunt:
656 3101 748 3183 „Ipse
770 3106 802 3166 te
825 3101 913 3167 dabit
935 3102 1099 3167 inimicis.“
1123 3103 1165 3169 Et
1187 3102 1225 3167 Ι).
1247 3103 1354 3169 Milies

150 3202 282 3286 Diwokpi
294 3202 375 3270 dixit
401 3203 479 3269 mihi
503 3220 609 3269 coram
630 3203 783 3283 magistro
805 3203 966 3269 Jesenicz:
985 3203 1170 3285 „Magisteri
1192 3204 1275 3269 scias
1291 3221 1352 3288 pro

152 3310 250 3383 ceno,
272 3303 661 3386 quodcondemrraberis.“
687 3303 838 3379 Aestima,
851 3304 935 3385 quod
949 3304 1003 3370 ille
1025 3304 1120 3370 scivit
1141 3303 1354 3371 intentionem
1374 3298 1378 3308 “

150 3405 246 3487 regis.
270 3405 493 3486 destimsbum,
514 3405 598 3486 quod
609 3409 740 3487 saperet
754 3404 815 3471 sibi
828 3405 880 3470 lex
895 3405 946 3469 dei
969 3411 1003 3470 et
1018 3405 1151 3483 veritas3
1171 3403 1266 3472 modo
1278 3422 1355 3471 ron·

153 3505 245 3588 cipio,
278 3505 362 3587 quod
383 3524 448 3571 non
469 3506 601 3572 multum
627 3505 689 3571 sibi
705 3507 803 3588 sspit;
826 3507 915 3588 prius
931 3524 981 3572 me
1003 3496 1233 3587 condemnavit,
1258 3525 1354 3589 quam

151 3605 270 3672 inimici
290 3605 362 3672 mei.
405 3605 439 3671 Si
461 3606 574 3672 saltem
595 3607 754 3672 tenuisset
774 3606 901 3671 modum
928 3606 1058 3688 gentilis
1081 3607 1191 3687 Pilati,
1221 3606 1276 3689 qui
1297 3626 1353 3673 au·

152 3705 230 3772 ditis
250 3705 515 3787 nauseantibus,
545 3707 638 3773 dixit:
675 3707 818 3788 „Nullam
847 3725 974 3774 causam
996 3708 1124 3774 invenio
1148 3708 1182 3774 in
1210 3708 1271 3774 boc
1296 3707 1353 3775 ha

152 3806 271 3882 mine,·“
300 3807 351 3874 vel
378 3807 492 3874 saltem
517 3809 544 3873 si
572 3808 718 3876 dixisset:
743 3809 844 3889 „Ecce
866 3826 926 3889 ego
948 3808 1023 3875 dedi
1045 3808 1105 3874 sibi
1135 3809 1256 3875 salvum
1277 3825 1352 3875 ean·

153 3906 297 3986 ductum3
319 3907 347 3973 si
373 3926 449 3990 erge
471 3908 541 3992 ipss
562 3928 626 3976 non
654 3910 810 3993 vultpati
833 3909 957 3976 concilii
980 3909 1188 3990 decisionem,
1219 3927 1280 3992 ego
1301 3926 1353 3975 re·

153 4008 276 4075 mittum
291 4028 363 4077 eum
379 4009 447 4092 regi
463 4010 634 4077 Bohemiae
650 4029 721 4076 curm
737 4012 899 4078 sententie
909 4016 1018 4078 vestre
1032 4015 1066 4076 et
1080 4009 1351 4089 attestationibus.

153 4109 280 4193 etipse
301 4129 372 4176 curn
393 4128 451 4175 suo
474 4111 560 4178 clero
583 4112 686 4194 ipsum
708 4112 894 4193 dijudicet‚“
927 4113 1002 4194 quia
1024 4113 1071 4178 sie
1095 4110 1172 4177 mihi
1194 4109 1352 4177 intimavit

152 4228 211 4294 pur
231 4210 405 4277 Hearicum
427 4210 493 4277 Led
516 4218 550 4279 et
571 4231 630 4295 per
659 4212 749 4292 alios,
772 4211 857 4293 quod
878 4211 975 4279 vellet
995 4211 1071 4278 mihi
1094 4210 1245 4278 ordinare
1266 4210 1355 4277 sulli-

158 4413 358 4430 —-·-——-0

270 4502 342 4564 idque
370 4501 479 4563 observa,
509 4507 537 4548 ut
566 4498 591 4548 in
619 4501 737 4549 laetitiam
763 4503 888 4551 eoelestem
915 4516 972 4550 mox
998 4502 1131 4562 pervenias.
1168 4498 1289 4549 dismanta
1314 4508 1351 4544 rue

270 4586 373 4633 umere:
404 4584 502 4647 ,Sparta
532 4586 603 4633 deum
631 4586 690 4634 mihi
718 4587 773 4649 plus
802 4588 941 4635 nuntiauit
966 4586 1130 4635 immissurum
1153 4583 1227 4632 Μ’.
1261 4580 1351 4643 80er

269 4669 352 4716 liturus
368 4668 488 4716 dominica
506 4674 562 4717 anta
578 4667 667 4717 lartum
684 4685 704 4720 r.
722 4669 784 4728 viu,
801 4674 900 4719 murtam
918 4675 1068 4732 exspectant.
