2992 5258
149 384 210 448 616
397 379 600 434 controversiae
619 377 652 432 de
670 375 799 443 religione
816 377 843 431 in
861 375 1004 431 Bohemia:
1023 377 1097 433 1416.

149 583 282 649 forsitan
305 582 439 663 videtur,
462 580 603 665 praecidi
625 588 658 647 et
679 580 773 664 abjici
796 580 912 646 debere
933 580 1095 647 mandavit
1115 598 1175 663 pro
1198 580 1331 663 ejusdem

151 684 292 766 eorporis
322 686 387 750 vita
421 691 454 749 et
483 691 661 750 ceterorum
689 681 899 748 membrorum
928 681 1146 748 incolumitate
1181 683 1332 750 salubrius

152 784 374 853 conservanda.
397 785 487 851 Licet
502 785 617 865 itaque,
633 784 755 849 nobiles
770 784 903 849 dominil
916 783 1078 850 fidelitatis
1094 790 1223 852 vestrae
1239 786 1333 852 zelum

150 905 227 969 erga
260 887 445 953 catholicam
483 884 575 950 fidem
605 885 747 968 plurimis
786 887 988 967 cognovimus
1020 885 1236 952 documentis:
1268 886 1335 968 quis

151 996 255 1054 tamen
289 1006 521 1069 nonnumquam
543 986 676 1069 profuit,
709 987 748 1052 ad
771 987 949 1068 vigilatiora
971 987 1122 1052 virtutum
1145 985 1254 1053 studia
1274 988 1334 1053 aui·

152 1106 219 1154 mos
235 1089 346 1170 vigiles
362 1089 515 1154 excitare:
539 1087 742 1170 quamobrem
757 1087 987 1153 Nobthatibus
1009 1088 1135 1153 Vestris
1149 1086 1335 1154 fiducialiter

151 1191 229 1257 haec
244 1189 389 1255 duximus
404 1190 586 1270 intimanda,
610 1208 690 1270 quae
712 1190 848 1270 benigne
871 1190 1033 1272 suscipere
1048 1209 1085 1256 ac
1099 1190 1133 1254 in
1156 1189 1336 1272 obsequium

154 1291 318 1357 militantis
350 1289 502 1355 eeclesiae
533 1310 570 1355 en
603 1291 732 1356 innatae
765 1291 854 1355 vobis
886 1290 1065 1356 devotionis
1093 1289 1213 1358 affectu
1234 1290 1337 1373 digne·

155 1392 230 1457 mini
252 1390 379 1457 debitae
401 1392 580 1456 executioni
603 1390 801 1457 demandare.

250 1491 391 1556 Noscant
412 1492 509 1573 igitur
532 1493 600 1556 V¹⁸⁰
632 1491 837 1571 Nobilitates,
866 1491 1021 1572 quomodo
1043 1490 1194 1573 Satanas,
1217 1492 1337 1557 humaui

152 1593 279 1675 generis
301 1592 402 1657 hostis
422 1594 585 1675 antiquus,
608 1594 661 1674 qui
683 1593 838 1657 circmens
861 1599 979 1658 terram
1001 1599 1097 1675 atque
1119 1593 1337 1674 perambulans

155 1712 308 1775 quaerere
330 1711 392 1758 non
420 1694 568 1775 quiescit,
602 1693 714 1774 quibus
744 1693 954 1759 damnationis
981 1710 1058 1759 suae
1079 1692 1168 1758 virus
1190 1693 1336 1774 infundat

157 1793 313 1875 quondam
335 1794 500 1861 damnatae
522 1794 691 1860 memoriae
706 1794 838 1860 Joannis
861 1793 976 1859 Wiclcl
995 1800 1028 1860 et
1049 1793 1164 1861 deinde
1188 1795 1337 1876 quondam

155 1895 287 1961 Joannis
308 1894 377 1960 Hus
400 1902 432 1960 et
447 1895 669 1960 nonnullorum
683 1895 816 1960 aliorum
842 1897 1034 1961 sectatorum
1055 1892 1152 1960 corde
1174 1893 1337 1979 Babylonis

155 1997 251 2062 calice
273 1996 442 2063 inebriavit
469 1997 563 2077 adeo,
597 2002 632 2062 ut
653 1997 714 2078 ipsi
744 1995 894 2062 inebriati
915 1995 1131 2076 magisterium
1154 2003 1336 2079 appetentes

155 2106 188 2163 et
219 2099 299 2179 legis
331 2098 448 2163 latores
477 2098 620 2164 novellae
653 2118 672 2162 a
698 2097 883 2178 quibusdam
915 2089 1122 2179 simplicibus
1143 2103 1335 2181 putarentur,

155 2217 249 2264 sanae
265 2199 427 2264 doctrinae
440 2200 553 2264 studiis
569 2197 631 2282 (et)
654 2197 879 2264 traditionibus
894 2206 1077 2264 sanctorum
1102 2205 1232 2281 patrum
1252 2198 1335 2265 mise·

154 2300 298 2365 rabiliter
331 2300 514 2380 contemtis,
547 2301 587 2365 ad
620 2301 777 2367 sanitates
800 2307 832 2366 et
854 2300 992 2368 insanias
1025 2300 1120 2366 lalsas
1147 2303 1335 2367 convertisse

156 2400 241 2481 (sic),
276 2417 314 2464 ex
337 2402 494 2483 susceptis
517 2401 555 2467 de
583 2421 675 2466 manu
697 2401 798 2483 ipsius
820 2401 956 2468 Satanae
979 2420 1122 2467 errorum
1144 2403 1269 2484 poculis
1289 2419 1334 2466 no·

155 2500 288 2566 xialibus
310 2500 521 2583 impleverunt
539 2519 637 2583 usque
659 2502 700 2568 ad
721 2520 875 2568 summum
890 2505 968 2586 ejus,
992 2507 1025 2567 et
1046 2502 1238 2568 dimiserunt
1252 2503 1343 2568 etiam·

156 2603 305 2683 reliquias
321 2602 460 2684 parvulis
475 2603 550 2667 suis.
574 2603 698 2686 Quippe
720 2604 799 2670 adeo
814 2605 1009 2686 perversitas
1032 2620 1176 2668 errorum
1199 2604 1233 2668 in
1249 2619 1334 2684 regno

155 2702 325 2768 Bohemiae
354 2709 386 2767 et
426 2705 640 2770 marchionatu
674 2705 849 2784 Moraviae,
876 2705 958 2786 qnod
991 2704 1136 2771 dolenter
1170 2705 1334 2780 referimus

156 2806 272 2887 passim
302 2805 489 2871 detestanda
519 2809 692 2881 succrevit,
728 2813 764 2871 ut
785 2807 880 2872 etiam
901 2807 1060 2885 nonnulli,
1093 2806 1148 2887 qui
1171 2805 1334 2871 nobilitatis

156 2907 328 2972 secundum
350 2926 477 2973 carnem
499 2909 591 2974 titulo
620 2908 691 2974 aliis
714 2908 946 2989 praeeminent,
979 2907 1172 2973 unanimiter
1194 2907 1334 2974 adversus

155 3010 264 3075 Jesmn
274 3008 432 3075 Christum
456 3014 489 3074 et
507 3008 803 3091 ipsam’catholicam
817 3006 909 3073 fidem
926 3007 1148 3073 damnabiliter
1163 3007 1335 3090 conspiras·

157 3117 215 3190 tes,
236 3111 277 3177 ad
295 3110 445 3176 tuendum
458 3115 490 3176 et
501 3109 726 3175 defensandum
742 3126 869 3174 errores
893 3114 926 3174 et
943 3108 1215 3191 pseudodoctores
1237 3109 1334 3189 hujus·

155 3212 240 3277 modi
255 3230 289 3277 se
305 3212 478 3294 impietatis
493 3211 639 3276 funiculis
652 3211 785 3275 invicem
808 3211 1033 3275 astrinxerunt.
1056 3210 1156 3274 Porro
1172 3210 1234 3291 ipsi
1246 3223 1335 3291 nuper

156 3311 303 3376 scelerati
327 3311 507 3376 eorumdem
521 3311 550 3376 J.
567 3309 683 3375 Wiclel
701 3318 734 3375 et
747 3311 776 3375 J.
798 3310 868 3375 Hus
890 3311 1128 3376 haereticorum
1149 3311 1182 3374 in
1206 3309 1334 3393 ipsorun

156 3429 254 3492 regno
267 3419 300 3477 et
311 3413 527 3478 marchionatu
550 3429 712 3493 sequaces,
734 3411 933 3492 iniquitatem
945 3427 1041 3493 super
1057 3409 1260 3493 iniquitatem
1274 3426 1336 3475 con·

156 3512 245 3577 tinne
268 3519 473 3595 apponentes,
498 3517 531 3576 et
545 3512 889 3578 contraanctoritatem
911 3513 1004 3594 hujus
1016 3512 1098 3578 sacri
1120 3511 1249 3578 concilii
1269 3508 1336 3577 cola

159 3613 340 3678 eorumdem
371 3614 543 3679 extendere
572 3613 713 3694 quamvis
743 3620 863 3678 temere
893 3630 955 3677 non
983 3618 1131 3677 verentes
1161 3611 1253 3678 acin
1274 3626 1335 3694 pro·

157 3714 286 3779 lsrndum
310 3714 447 3779 malitiae
470 3713 715 3791 descendentes,
749 3713 899 3794 quosdam
922 3713 1044 3779 libellos
1066 3712 1225 3793 famosos,
1247 3711 1334 3795 pelles

158 3816 223 3880 scil.
247 3815 384 3895 grandes
407 3815 473 3879 suis
486 3813 648 3879 calumniis
662 3813 838 3895 jurgiisque
861 3813 998 3895 plena(s)
1022 3815 1161 3896 turpiter
1180 3809 1335 3878 transscri-

158 3920 306 3998 pserunt,
339 3933 416 3996 quas
438 3916 470 3979 in
493 3914 739 3994 congregatione
761 3921 872 3980 nostra
892 3914 944 3980 hic
965 3915 996 3979 in
1019 3913 1135 3997 spiritu
1157 3920 1269 3979 sancto
1289 3926 1335 3994 pro

159 4017 384 4083 reformatione
414 4016 601 4081 universalis
632 4015 785 4081 ecclesiae
811 4016 842 4079 in
876 4016 979 4098 capite
1002 4015 1088 4081 etin
1111 4010 1335 4080 membrisleli·

71 4149 75 4156 ·
160 4119 240 4184 citer
261 4118 409 4183 inchoata
430 4122 460 4182 et
492 4121 557 4182 tam
579 4116 632 4181 diu
655 4116 839 4183 continuata
860 4134 922 4181 non
947 4116 1144 4180 erubuerunt
1165 4113 1270 4182 lacere
1289 4128 1336 4195 pn·

159 4219 239 4284 bliee
269 4217 484 4300 praesentari,
517 4222 549 4282 et
576 4236 682 4283 earum
704 4217 833 4300 pellium
863 4217 1021 4297 margines
1044 4215 1076 4279 in
1098 4231 1211 4296 gyrum
1233 4215 1335 4280 circum

158 4320 242 4385 circa
265 4336 392 4383 suorum
420 4335 633 4400 appensorum
655 4318 837 4399 sigillorum,
860 4318 893 4381 in
919 4315 1096 4381 evidentius
1119 4333 1198 4380 suae
1219 4330 1335 4398 praesa·

159 4420 320 4485 nicationis
344 4419 567 4498 testimonium,
590 4418 748 4499 stupenda
770 4424 803 4482 et
816 4416 986 4482 ridiculosa
1007 4421 1223 4499 praeoccupat
1243 4411 1334 4480 mulli·

159 4519 252 4599 tudo,
290 4537 370 4602 quae
393 4519 506 4584 nedum
528 4519 737 4599 horrendum,
775 4517 832 4582 sed
855 4523 887 4581 et
910 4516 1113 4582 ridiculosum
1134 4514 1336 4598 spectaculum

159 4619 356 4689 intuentibus
379 4625 552 4706 praestant.
595 4619 637 4687 st
660 4619 735 4687 licet
757 4636 815 4705 per
845 4619 923 4684 haec
945 4624 978 4684 et
999 4617 1095 4685 edam
1115 4617 1178 4688 alia
1193 4612 1336 4684 horrenda
