2992 5258
209 412 269 480 196
362 408 367 417 ’
443 402 637 462 decusationes
653 404 692 459 Μ.
708 405 734 459 J.
753 400 812 460 iius
829 404 943 474 ejusque
961 411 1100 474 responsa.
1133 406 1158 461 7.

210 669 214 679 .
304 599 444 693 Septimo
457 609 541 675 circa
554 606 720 672 ecclesiam
733 612 829 685 errat,
852 606 936 688 quod
958 625 1021 672 non
1033 612 1122 673 tenet
1134 606 1354 674 institutiones
1366 614 1401 674 et

205 712 427 787 investituras,
450 709 507 774 sed
529 714 627 787 tenet,
650 707 825 789 quemlibet
838 706 955 772 habere
970 706 1193 772 auctoritatem
1207 707 1401 773 investiendi

206 817 240 877 et
267 807 454 876 instituendi
475 808 515 873 ad
537 824 630 872 curas
651 806 834 872 animarum.
874 807 968 870 Patet
990 824 1029 869 ex
1050 806 1134 872 lacto
1156 825 1237 884 suo,
1270 808 1345 888 quia
1365 808 1402 872 in

203 931 304 995 regno
325 909 493 975 Bohemiae
525 907 634 989 plures
663 925 721 988 per
743 904 929 971 defensores
962 913 995 971 et
1026 907 1170 972 fautores
1201 925 1296 987 suos,
1330 908 1401 972 sire

202 1013 303 1094 magis
330 1029 389 1093 per
414 1010 533 1092 ipsum,
557 1008 673 1072 intrusi
694 1007 736 1072 ad
758 1007 908 1072 ecclesias
930 1007 1143 1089 parochiales,
1172 1026 1250 1088 quas
1273 1007 1400 1072 demum

202 1115 356 1176 rexerunt
388 1110 457 1174 sine
488 1107 691 1173 institutione
723 1106 809 1172 sedis
840 1106 1033 1189 apostolicae
1066 1113 1100 1172 et
1126 1108 1224 1173 etiarn
1244 1107 1401 1173 ordinarii

202 1211 340 1278 civitatis
362 1209 541 1290 Pragensis.

300 1312 421 1377 Octavo
444 1307 560 1390 (errat)
583 1308 668 1374 circa
689 1308 864 1381 ecclesiam,
888 1308 962 1389 quia
978 1313 1076 1388 tenet,
1100 1307 1184 1389 quod
1199 1309 1297 1374 semel
1311 1307 1402 1374 ordi-

200 1417 295 1479 natus
315 1412 349 1476 in
370 1409 593 1492 presbyterum
608 1427 665 1496 seu
687 1409 853 1473 diaconum
874 1427 938 1473 non
959 1410 1062 1490 possit
1082 1410 1122 1473 ab
1144 1406 1247 1474 officio
1263 1408 1398 1490 praedi·

200 1513 334 1579 cationis
359 1528 418 1593 per
443 1526 671 1591 quemcumque
692 1509 889 1590 superiorem
912 1508 1083 1589 prohiberi.
1132 1509 1225 1574 Patet
1247 1507 1399 1573 similiter

200 1633 240 1679 ex
270 1613 354 1679 facto
376 1628 458 1690 suo,
490 1610 564 1691 quia
589 1628 758 1690 numquam
784 1628 843 1691 pur
875 1609 984 1675 sedem
1014 1610 1221 1691 apostolicam
1253 1626 1314 1673 nec
1335 1626 1399 1689 por

199 1713 472 1796 arehiepiscopum
504 1712 697 1792 Pragensem
725 1710 831 1793 potuit
860 1710 901 1776 ab
928 1709 990 1774 isto
1016 1708 1263 1791 praedicationis
1288 1706 1399 1773 officio

200 1813 372 1898 prohiberi.
532 1830 535 1835 ¹

298 1912 502 1994 Deputcntur
532 1910 631 1992 igitur
663 1928 722 1992 per
755 1909 915 1974 dominum
942 1916 1085 1975 nostrum
1108 1917 1142 1975 et
1163 1927 1287 1974 sacrum
1308 1908 1402 1974 istud

198 2013 364 2080 concilium
385 2011 425 2075 ad
446 2010 508 2075 hoc
528 2009 744 2090 commissarii,
766 2010 820 2090 qui
834 2010 1058 2091 praesentibus
1081 2009 1137 2088 eie,
1160 2010 1214 2090 qui
1235 2014 1399 2074 noverunt

197 2113 323 2193 lactum,
350 2111 552 2192 interrogent
573 2116 607 2175 et
627 2110 808 2174 examinent
829 2109 948 2176 dictum
970 2110 1040 2174 Has
1062 2127 1160 2192 super
1182 2110 1394 2192 praescriptis

197 2219 232 2279 et
252 2212 323 2278 aliis
355 2209 498 2275 articulis
519 2209 652 2276 loannis
675 2208 808 2288 Wiklei,
835 2228 914 2290 quos
935 2211 1004 2291 ipse
1026 2209 1154 2274 videtur
1175 2227 1331 2289 asserere,
1362 2218 1400 2276 et

197 2310 276 2377 fiant
290 2311 538 2390 interrogatoria
549 2309 722 2376 secundum
733 2309 959 2376 discretionem
981 2310 1268 2377 commissariorum
1281 2311 1398 2394 hujus·

196 2411 281 2479 modi
303 2429 342 2478 ar.

295 2511 376 2576 Item
390 2509 585 2593 deputentur
595 2509 691 2575 etiarn
706 2509 786 2575 certi
802 2508 950 2574 doctores
967 2516 1000 2575 et
1013 2509 1155 2590 magistri
1165 2508 1210 2574 ad
1220 2509 1395 2578 videndum

195 2611 295 2677 libros
317 2608 400 2691 ejus,
423 2628 502 2691 quos
523 2610 665 2692 scripsit3
688 2628 821 2690 quorum
838 2610 899 2675 duo
922 2612 1043 2677 suntin
1060 2611 1202 2676 curiade
1217 2612 1395 2694 praesenti,

196 2711 263 2777 scil.
286 2714 441 2775 tractatus
462 2709 502 2775 de
524 2710 668 2775 Ecclesia
681 2717 715 2774 et
736 2709 818 2775 alius
829 2710 911 2775 liber
932 2710 1043 2793 ipsius
1066 2713 1119 2793 qui
1141 2712 1257 2779 dicitur
1274 2712 1395 2791 Quida-

193 2827 268 2874 mon
291 2809 344 2892 (l),
373 2828 467 2891 quem
494 2809 625 2892 scripsit
646 2817 758 2874 contra
779 2808 822 2872 M.
845 2809 1040 2892 Stephanum
1062 2812 1101 2877 de
1123 2812 1252 2891 Paleou,
1278 2829 1393 2879 sacrae

196 2908 376 2990 theologiae
410 2909 626 2992 professorem
657 2909 691 2973 in
724 2908 813 2974 curia
840 2927 925 2974 nunc
956 2918 1173 2995 praesentem,
1205 2912 1393 2997 replicando

196 3016 308 3078 contra
332 3008 447 3093 ipsum.

691 3124 889 3141 *nn—n—

290 3293 565 3359 Reverendissime
598 3293 705 3375 paterl
734 3292 784 3359 hd
815 3292 1046 3360 informandum
1078 3297 1145 3361 Pat
1180 3296 1274 3378 Vm,
1304 3296 1391 3379 quod

191 3392 332 3457 Joannes
354 3393 423 3458 Hus
444 3391 487 3458 sit
508 3393 644 3457 vestitus
666 3393 872 3460 aestimantes
895 3396 1009 3475 ovium,
1032 3404 1065 3460 et
1086 3397 1279 3464 intrinsecus
1292 3397 1389 3481 lupus

190 3508 298 3572 rapax,
312 3498 476 3573 ponuntur
490 3491 702 3575 infrascripta,
717 3500 753 3558 ut
767 3493 952 3560 atructihus
963 3495 1030 3560 suis
1045 3504 1256 3577 cognoscatur
1270 3515 1389 3564 secun-

190 3588 265 3654 dum
286 3591 477 3657 sententiam
504 3592 682 3659 salvatoris.

206 3726 209 3733 =
289 3690 396 3755 Primo
418 3691 547 3772 quidem
569 3693 672 3758 dictum
695 3693 764 3758 Hus
785 3693 907 3760 habens
928 3696 1127 3778 propositum
1149 3713 1277 3762 errores
1291 3698 1388 3763 semi·

189 3788 296 3869 nandi,
319 3790 402 3856 sicut
422 3790 498 3856 iecit
520 3798 641 3874 postea,
664 3793 768 3858 sciens
791 3812 826 3859 se
840 3795 960 3861 habere
982 3798 1197 3863 resistentiam
1211 3804 1246 3864 et
1260 3806 1388 3866 contra·

190 3887 361 3955 dictionem
383 3891 600 3958 aTcutonicis
620 3893 782 3974 magistris
797 3893 837 3961 de
859 3896 1069 3962 universitate
1090 3899 1253 3981 Prageusi,
1278 3906 1312 3965 et
1327 3919 1386 3983 pro

189 4005 249 4070 eo,
284 3994 319 4055 ut
350 4008 414 4055 non
436 3997 569 4073 possent
601 3998 713 4060 contra
743 3995 848 4076 ipsum
871 4002 904 4062 et
923 4004 1048 4079 purtem
1070 4015 1160 4063 suam
1180 4000 1384 4082 concludere,

189 4089 264 4170 quia
291 4094 358 4156 tres
390 4089 552 4158 habebant
580 4110 698 4176 voces,
724 4093 794 4176 ipse
815 4112 892 4161 vero
914 4101 948 4162 et
969 4115 1044 4179 pars
1072 4114 1131 4164 sua
1155 4099 1257 4165 solum
1279 4118 1387 4184 unam,

188 4189 400 4255 machinatum
430 4199 480 4257 est
506 4208 565 4274 per
593 4212 673 4274 eum,
696 4194 781 4276 quod
801 4195 968 4262 Teutonici
988 4197 1091 4264 sulum
1112 4218 1207 4265 unam
1228 4200 1388 4269 haberent

190 4305 298 4354 vocem
320 4291 444 4373 etipse
466 4296 499 4357 et
520 4310 595 4374 pars
608 4293 676 4376 ejus
699 4300 775 4359 tres.
799 4294 838 4360 In
860 4296 950 4377 cuius
972 4304 1077 4363 tamen
1100 4300 1295 4367 contrarium
1310 4320 1390 4368 eon·

190 4388 313 4454 cordati
344 4388 463 4456 dudum
493 4390 624 4458 luerunt
655 4394 802 4460 nationes
828 4397 1047 4463 universitatis
1068 4400 1258 4480 Progensis,
1291 4404 1389 4471 videl.

189 4486 274 4567 quod
302 4494 369 4554 tres
389 4491 535 4557 nationes
557 4493 804 4560 Teutonicorum
826 4498 1060 4564 treshaborent
1080 4516 1174 4565 voces
1197 4507 1231 4566 et
1251 4501 1385 4569 Bohemi

189 4604 302 4670 urnam,
333 4596 365 4655 et
382 4589 524 4670 juratum
545 4600 598 4661 est
618 4612 677 4676 per
699 4613 809 4662 omnes
831 4597 872 4663 ad
893 4597 1008 4664 dictam
1031 4599 1273 4669 universitatem
1294 4603 1384 4670 veni·
