2992 5258
423 410 565 452 eeareere
582 395 655 463 apud
673 396 772 450 iratres
790 395 917 450 Minores.
951 397 992 448 83.
1010 396 1052 448 84.
1120 409 1121 414 ¹
1277 397 1335 461 135

149 603 247 652 tenete
264 596 408 652 mamleuto
426 595 649 651 condemnantur!
679 594 706 648 S.
724 595 822 649 Petrus
846 593 1032 649 condemnavit
1058 602 1086 649 et
1112 600 1269 649 exsecratus
1295 598 1337 647 est

149 680 294 749 Simonem,
311 678 382 749 quod
399 677 524 731 virtutem
542 678 652 746 spiritus
670 677 756 731 sancti
773 677 888 745 pecunia
905 693 994 732 emere
1011 677 1148 732 voluerat:
1170 676 1199 730 hi
1215 676 1337 730 vendito-

149 779 205 817 rem
222 762 331 831 quidem
348 760 560 817 condemnarunt
577 767 606 815 et
622 761 754 815 exsecrati
772 767 843 827 aunt,
860 759 911 828 ipsi
924 775 987 815 vero
999 766 1116 820 emtores
1129 766 1157 814 et
1173 759 1270 813 arrhae
1288 757 1336 812 da·

149 853 224 900 tores
241 847 400 915 impunitate
417 845 545 900 fruuntur
568 843 693 911 domique
718 843 845 897 vendunt
875 843 1047 898 Constantine
1064 850 1107 898 est
1123 843 1273 912 episcopus,
1291 843 1337 911 qni

149 929 259 990 emit-et
275 930 353 996 alter,
371 929 417 997 qui
433 927 562 994 vendidit,
579 934 608 982 et
624 942 696 996 papa
711 943 761 995 pro
778 929 857 982 venia
874 926 938 982 data
954 928 1096 996 pecuniam
1113 926 1226 996 accepit.
1261 925 1336 980 ldcm
1367 955 1373 961 ·

149 1013 180 1068 lit
195 1013 224 1068 in
241 1013 373 1068 Bobemia
390 1018 429 1079 (et
444 1011 587 1079 bloravia),
613 1012 682 1066 sicut
698 1011 774 1066 vobis
796 1017 888 1065 notum
905 1017 955 1065 est
988 1009 1012 1064 0
1029 1011 1052 1065 si
1069 1010 1194 1064 dominns
1210 1010 1292 1065 Jesus
1308 1010 1336 1064 in

152 1097 267 1151 concilio
295 1096 423 1151 dixisset:
450 1096 519 1164 ,Qui
547 1102 664 1149 vestrum
687 1101 798 1164 peccato
824 1095 953 1149 simoniae
982 1094 1052 1149 liber
1079 1101 1131 1162 est,
1159 1095 1182 1147 is
1205 1094 1339 1150 loannem

150 1196 248 1250 papam
280 1177 489 1234 condemnato:“
533 1192 626 1232 omnes
659 1178 754 1246 opinor
786 1177 857 1232 alius
890 1185 953 1246 post
985 1177 1069 1231 alium
1102 1178 1175 1232 foras
1209 1177 1336 1233 exissent.

149 1263 202 1318 Cur
219 1279 279 1317 eum
298 1262 376 1318 flexis
391 1262 505 1330 genibus
521 1260 677 1328 adorabant,
694 1261 779 1329 pedes
795 1260 995 1329 osculabantur,
1018 1260 1215 1315 sanctissimum
1231 1266 1337 1329 patrem

149 1347 289 1414 vocabant,
312 1362 394 1414 quum
411 1346 511 1400 scirent
528 1359 588 1398 esse
605 1359 667 1398 eum
684 1345 858 1412 haereticum,
876 1344 1044 1412 homicidam,
1067 1342 1240 1412 Sodomitam,
1267 1358 1337 1411 qnae

150 1431 208 1500 ejus
225 1436 339 1498 peecata
349 1435 445 1498 postea
457 1427 663 1497 patefecerunt?
679 1427 732 1482 Cur
744 1443 805 1483 eum
816 1427 968 1482 nundinales
979 1442 1077 1496 papam
1090 1426 1238 1495 elegemnt,
1255 1443 1337 1495 quum

150 1515 259 1582 scirent,
285 1512 355 1568 adeo
372 1520 479 1581 turpem
495 1511 657 1566 homicidam
674 1527 736 1566 eum
753 1525 822 1579 esse,
843 1517 875 1565 ut
891 1518 996 1579 patrem
1013 1511 1209 1565 sanctissimum
1226 1508 1337 1565 interis*

150 1598 234 1652 ueriti
251 1596 307 1652 Cur
318 1611 379 1650 eum
392 1596 530 1650 simoniam
542 1609 669 1649 exercere
683 1594 756 1663 passi
774 1600 844 1661 suut,
868 1610 950 1662 quum
966 1608 1053 1662 papae
1070 1609 1167 1647 munus
1183 1594 1337 1660 sustineret,

151 1681 251 1750 qnippe
276 1681 323 1749 qui
339 1679 439 1734 idcirco
455 1678 601 1734 consiliarii
617 1678 733 1732 instituti
750 1678 821 1746 sint,
846 1686 877 1731 ut
893 1678 993 1732 bonum
1013 1677 1153 1732 eonsilium
1170 1677 1338 1731 exhibeant?

150 1763 245 1820 Nonne
262 1764 344 1833 igitur
360 1764 380 1818 ii
396 1764 424 1817 in
442 1763 522 1831 culpa
539 1768 610 1830 sunt,
628 1762 673 1830 qni
690 1760 742 1829 ipsi
762 1777 868 1829 qnoque
888 1777 948 1816 cum
960 1776 993 1815 eo
1005 1760 1144 1815 simoniam
1156 1759 1338 1815 exercebant?

149 1847 201 1904 Cur
216 1853 281 1902 ante
299 1862 379 1915 quam
397 1846 554 1901 Constantia
571 1845 674 1913 effugit,
692 1860 770 1898 nemo
788 1844 907 1899 audebat
923 1845 1023 1912 alloqui
1041 1860 1111 1913 eum,
1129 1845 1179 1898 nisi
1192 1851 1222 1898 nt
1233 1851 1337 1913 patrem

150 1931 367 1986 arctissimum?
396 1930 500 1996 Nempe
521 1935 585 1983 tunc
602 1928 736 1984 timebant
756 1944 831 1983 enm:
852 1928 900 1982 sed
918 1929 964 1982 ubi
986 1929 1115 1984 secularis
1138 1936 1258 1997 potestas
1275 1943 1337 1982 eum

151 2014 201 2070 deo
215 2013 382 2070 eoncedente
399 2013 442 2066 vel
456 2013 563 2067 volente
580 2012 791 2081 comprehendit,
818 2019 874 2066 tum
892 2013 983 2066 statim
1003 2013 1198 2080 conspirarunt,
1216 2027 1251 2066 ne
1268 2011 1338 2066 liber

151 2096 339 2152 dimitteretur.
373 2095 498 2149 Proiecto
513 2096 570 2162 Jam
587 2095 698 2164 malitia,
716 2096 836 2164 nequitia
852 2110 885 2149 ac
901 2095 1039 2164 turpitudo
1050 2096 1208 2150 Antichristi
1219 2096 1248 2148 in
1264 2109 1337 2163 papa

151 2181 264 2250 aliisque
282 2180 387 2235 concilii
404 2180 581 2248 participibus
603 2179 739 2247 patefacta
756 2187 813 2248 sst;
836 2179 894 2248 jam
912 2178 1007 2233 fideles
1035 2178 1079 2233 dei
1096 2180 1167 2233 servi
1184 2178 1336 2246 intelligere

150 2270 270 2335 possunt,
289 2263 354 2331 qnid
366 2265 417 2317 sibi
428 2264 511 2317 velint
523 2263 605 2317 verba
616 2264 756 2317 salvatoris
769 2263 892 2317 dicentis:
911 2263 1015 2330 „Quum
1025 2261 1146 2317 videritis
1162 2262 1336 2317 abominatio·

150 2364 209 2403 nem
226 2348 412 2415 desolationis,
429 2363 498 2416 qnae
516 2347 588 2402 dicta
605 2354 648 2402 est
664 2362 681 2401 a
698 2348 825 2401 Daniele:
844 2347 888 2415 qni
906 2346 980 2415 legit,
997 2346 1156 2413 intelligat“
1175 2346 1254 2400 Certe
1273 2345 1336 2414 ,ab

149 2432 275 2487 ominatio
298 2431 410 2498 maqna“
433 2439 476 2484 est
495 2430 631 2498 snperbia,
654 2431 775 2497 avaritia,
798 2430 923 2496 simonia3
952 2430 996 2494 ,in
1013 2429 1073 2484 loeo
1089 2428 1222 2498 deserto“,
1249 2428 1337 2483 idest

150 2516 273 2584 dignitas,
291 2530 361 2582 quae
378 2519 453 2569 caret
469 2513 608 2582 modestia,
632 2529 724 2568 amore
741 2514 854 2582 aliisque
871 2514 1030 2581 virtutibns3
1054 2512 1082 2568 id
1099 2512 1171 2581 qnod
1188 2512 1334 2567 manifesto

149 2597 374 2668 deprehendimus
390 2598 418 2651 in
435 2597 479 2665 iis,
496 2598 542 2665 qui
559 2592 744 2665 magistrabim
761 2605 789 2651 et
806 2598 963 2665 dignitatem
980 2597 1110 2653 obtinent
1144 2597 1253 2652 Utinam
1270 2610 1336 2650 vero

150 2681 242 2737 liceret
258 2680 412 2736 describere
429 2681 567 2748 malitiam,
593 2687 623 2734 ut
640 2679 734 2734 fideles
751 2679 796 2734 dei
813 2681 883 2735 servi
900 2682 935 2735 ab
947 2682 981 2735 iis
992 2683 1132 2736 caverentl
1149 2681 1257 2737 Vellem
1273 2697 1335 2751 pro·

151 2763 231 2833 lecto3
257 2764 307 2820 sed
324 2764 429 2818 conlido
451 2763 530 2818 deum
547 2763 615 2817 alius
640 2769 702 2831 post
722 2779 765 2816 me
783 2762 908 2818 fortiores
927 2764 1052 2818 daturum
1070 2780 1138 2829 esse,
1164 2781 1244 2834 qnam
1261 2779 1333 2819 nune

151 2854 217 2918 snut,
241 2849 288 2916 qni
305 2847 402 2902 melins
418 2847 547 2901 malitiam
568 2846 727 2900 antichristi
743 2846 908 2915 patefacient
933 2854 961 2901 et
975 2848 1056 2902 vitam
1078 2863 1155 2903 snam
1172 2846 1337 2916 profundent

150 2946 196 3000 pro
220 2933 336 2987 reduto
361 2931 462 2986 domini
478 2932 545 2986 Jesu
563 2930 673 2997 Christi,
697 2929 744 2997 qni
768 2936 796 2984 et
818 2930 894 2985 vobis
915 2937 944 2986 et
966 2931 1031 2985 mihi
1048 2938 1186 2986 aeternam
1203 2931 1335 2985 laetitiam

151 3014 287 3083 largietur.
304 3018 400 3070 Amen.
423 3015 525 3082 Scripsi
541 3015 591 3067 has
608 3013 702 3066 literas
720 3012 763 3067 die
781 3029 803 3068 s.
820 3014 933 3068 «loannis
950 3015 1090 3082 Baptistae
1107 3015 1135 3068 in
1152 3028 1260 3068 carcere
1276 3014 1335 3068 vin·

152 3096 215 3152 tulis
239 3098 412 3161 constrictus,
424 3133 426 3136 v
439 3095 599 3164 recordans,
621 3097 754 3151 ioannem
771 3114 877 3167 quoqne
895 3099 923 3154 in
940 3114 1049 3154 waere
1067 3105 1177 3168 propter
1194 3098 1334 3152 veritatem

153 3178 263 3235 divinam
281 3182 370 3236 securi
387 3197 542 3250 percussum
560 3196 629 3234 esse.
853 3188 854 3191 ’

645 3323 841 3333 ..ο--ι--ι

705 3515 767 3588 84·
854 3535 856 3539 ,

437 3701 680 3787 Amicis
727 3703 1039 3791 Bohenris·

159 3910 195 3965 De
210 3923 310 3968 emata
327 3933 429 3978 cerasa,
446 3919 494 3983 qai
510 3916 648 3970 Joauuem
667 3918 730 3971 Hier
748 3921 787 3972 ud
804 3921 994 3989 abjurandam
1007 3921 1151 3974 adducere
1168 3923 1332 3975 studuerunt

394 4001 427 4053 de
445 4003 502 4072 ejus
519 4001 686 4071 confessione
704 4011 729 4055 et
746 4005 881 4071 colloquio
899 4021 960 4058 mm
976 4004 1101 4060 Palatio.

345 4167 469 4233 „intimat
481 4166 515 4221 de
527 4167 725 4236 multiplicitate
735 4169 945 4239 exhortatorum,
963 4170 1141 4236 suadentium,
1163 4177 1193 4224 nt
1215 4169 1331 4238 abjuret,

410 4256 438 4303 et
454 4250 571 4317 qualiter
581 4252 763 4306 consessorem
780 4254 816 4307 ad
834 4255 876 4308 sui
887 4254 1096 4322 postulationem
1113 4255 1163 4309 sibi
1177 4253 1252 4309 dedit
1268 4269 1330 4308 oon·

410 4334 509 4403 cilium,
528 4341 556 4388 et
572 4335 606 4390 ds
623 4337 802 4392 collocutione
819 4354 880 4392 cnm
896 4338 1017 4393 Palecz.‘⁴

244 4499 262 4563 J
266 4518 314 4563 am
325 4500 513 4582 multiplices
524 4501 652 4568 fuerunt
663 4505 892 4585 exhortatores
905 4506 1076 4571 suadentes
1090 4506 1197 4570 multis
1211 4510 1327 4588 verbis,

161 4596 232 4671 quod
242 4598 341 4664 debeo
354 4607 387 4665 et
399 4619 526 4683 possum
538 4604 623 4670 licite
636 4605 791 4687 abjurare,
804 4605 1011 4690 supponendo
1023 4606 1219 4672 voluntatem
1229 4627 1330 4673 meam
