2992 5258
192 424 255 486 400
435 414 640 470 conuoveraiaa
657 411 691 468 de
707 414 838 482 religiono
855 415 883 468 in
900 415 1044 470 Bohemia:
1060 419 1134 474 1410.
1236 412 1239 417 '

293 620 335 685 Μ.
356 617 494 684 lacobus
509 618 549 682 de
564 617 655 696 Mina,
678 635 787 682 sacrae
803 617 898 681 theol.
914 617 1149 699 baccalaureus,
1172 619 1229 685 ier.
1251 621 1298 686 11·
1312 640 1387 704 pro·

193 720 354 799 xima·(28
374 718 451 801 Jul.)
474 719 553 782 hora
574 716 739 781 undecima
766 717 863 781 stabit
885 718 917 780 in
930 719 1081 783 cathedra
1102 720 1142 784 ad
1153 720 1386 790 defendendum

194 820 376 901 decalogum
402 817 443 881 M.
469 818 602 882 loannis
625 817 740 882 Wiclei
758 826 869 881 contra
894 818 1163 899 condemnatorcs,
1199 829 1385 889 asserentes

192 919 390 1003 praedictum
410 919 525 981 librum
548 918 580 982 in
610 934 644 982 se
667 916 849 981 maniiestas
873 919 1022 983 haereses
1045 921 1218 984 continere.

291 1021 334 1084 111.
362 1020 536 1100 Procopius
565 1018 605 1082 de
635 1019 731 1082 Plana
770 1018 826 1082 ier.
860 1018 903 1081 V³
937 1023 988 1095 (31
1022 1020 1099 1098 lul.)
1136 1022 1234 1087 stabit
1266 1023 1300 1087 in
1332 1042 1386 1088 ca·

193 1120 306 1186 thodra
345 1120 385 1184 ad
418 1119 650 1184 defendendum
677 1119 881 1189 scholastice.
917 1119 1001 1199 quod
1037 1126 1192 1195 tractatus
1228 1122 1268 1187 de
1302 1124 1385 1188 ideis

192 1218 234 1285 Μ.
254 1221 387 1307 loannis
402 1220 522 1284 Wiclei
540 1221 656 1284 nullam
678 1221 835 1285 haeresim
856 1218 991 1284 firmiter
1012 1222 1136 1300 asserit,
1159 1240 1219 1288 nec
1240 1241 1383 1289 emonem

192 1317 285 1384 iidcrn
308 1320 493 1385 catholicam
519 1320 765 1399 impugnantem.

195 1470 198 1475 .
291 1421 435 1486 Zdislaus
448 1419 487 1482 de
498 1416 712 1481 Wartenbcrk
726 1418 803 1482 alias
820 1417 859 1481 de
873 1419 1085 1498 Zwierzetica,
1100 1420 1253 1500 magister
1266 1424 1383 1489 artium

191 1522 370 1587 liberalium
403 1519 499 1584 studii
531 1518 749 1583 universitatis
776 1521 960 1599 pragensis,
993 1521 1136 1602 proxima
1158 1521 1214 1586 ier.
1240 1523 1312 1587 Ι1111
1344 1524 1385 1588 ad

193 1630 265 1687 octo
280 1621 349 1685 dies
363 1621 395 1698 (6
416 1624 509 1700 Aug.)
532 1619 610 1684 hora
631 1618 676 1682 XI
700 1618 797 1684 stabit
818 1621 850 1682 iu
873 1619 1033 1699 cathedra,
1056 1626 1189 1702 paratus
1211 1622 1251 1686 ad
1274 1622 1384 1687 deien-

192 1721 329 1787 dendnm
356 1721 471 1786 librum
500 1720 541 1783 Μ.
570 1718 702 1783 loannis
731 1719 847 1784 Wiclci
870 1721 902 1784 in
928 1720 1062 1785 materia
1084 1721 1123 1785 de
1146 1722 1381 1787 universalibus

192 1827 304 1886 contra
318 1818 466 1885 venerab.
489 1818 527 1882 Ι).
550 1817 749 1899 Sbynconem
767 1816 908 1899 archiep.
930 1819 1023 1900 Prag.
1046 1826 1080 1884 ot
1101 1820 1172 1900 eJus
1193 1823 1387 1887 senteutiam

190 1921 295 1985 minus
321 1921 408 2001 juste
432 1919 542 1998 latam,
570 1925 604 1983 et
625 1925 736 1983 contra
762 1936 871 1983 omues
898 1920 977 1984 alios
1004 1921 1241 2001 quomodolibet
1266 1921 1385 1988 dictam

191 2019 383 2089 sententiam
403 2019 636 2101 impugnantes.

290 2120 333 2184 Μ.
356 2119 463 2184 Simon
484 2120 524 2183 de
543 2119 699 2197 Timauo,
727 2137 837 2185 sacrae
858 2122 954 2186 theol.
976 2123 1217 2202 baccalaureus,
1239 2124 1386 2205 proxima

191 2218 249 2283 ier.
277 2217 324 2282 III
347 2217 400 2300 (29
422 2217 502 2301 Jul.)
530 2224 679 2295 ventura,
709 2218 788 2283 hora
817 2219 996 2299 undecima,
1019 2223 1254 2302 praemittendo
1276 2229 1385 2307 prote·

191 2318 362 2383 stationem
376 2316 510 2399 fidelem,
532 2320 600 2384 rult
615 2318 785 2384 defendere
802 2325 972 2385 tractatum
998 2321 1037 2385 de
1051 2322 1295 2404 probationibus
1310 2343 1389 2407 pro·

191 2419 384 2501 positionum
396 2419 438 2483 Μ.
447 2420 467 2484 J
470 2420 579 2485 oannis
591 2419 708 2485 Wiclei
719 2426 830 2485 contra
838 2421 1099 2486 condemnatores
1111 2422 1252 2504 ejnsdem
1267 2430 1389 2491 tractar-

191 2523 258 2599 tus‚
292 2525 324 2583 et
346 2520 531 2594 sustinebit,
565 2522 649 2601 quod
680 2523 766 2587 nulla
795 2524 955 2602 haeresis,
977 2541 1037 2589 nec
1059 2524 1172 2605 aliquis
1194 2525 1386 2592 manifestus

193 2636 284 2685 error
305 2619 337 2683 in
360 2620 471 2685 eodem
498 2623 705 2687 continetur.“
