2992 5258
1270 412 1329 477 Vll
1443 408 1448 417 '

236 610 455 693 Defectione,
489 634 528 676 ex
565 614 683 696 quihus
709 615 791 681 haec
825 615 976 680 collectio
1007 614 1126 678 hausta
1154 618 1217 690 est,
1254 610 1329 676 nolo

136 711 254 791 longus
288 732 375 791 esse,
407 734 506 797 quum
540 734 596 778 eos
625 714 659 778 in
689 736 887 799 unoquoque
919 715 1113 779 documento
1145 710 1328 778 exhibendo

135 820 290 878 accurate
319 813 516 891 notaverim
549 813 630 879 illud
664 822 790 882 tantum
821 816 854 880 in
886 817 1069 880 universum
1099 831 1329 889 commemoro,

135 912 233 996 longe
254 914 426 979 maximam
448 920 575 997 partem
597 935 716 993 eorum,
740 937 824 998 quae
845 916 907 981 hac
929 915 1071 980 editione
1093 913 1329 989 contineantur,

136 1036 187 1076 rne
218 1013 323 1095 ipsum
347 1035 386 1078 ex
413 1013 579 1078 codicibus
609 1014 833 1100 descripsisse,
856 1015 1012 1081 nonnulla
1035 1016 1103 1099 jam
1134 1013 1225 1077 annis
1251 1002 1339 1075 1823Ι

136 1122 171 1177 et
195 1117 275 1177 1824
296 1112 408 1196 (idque
429 1114 462 1178 in
487 1135 595 1180 meum
617 1115 718 1198 ipsius
740 1116 857 1195 usum),
880 1116 1036 1199 majorem
1057 1119 1183 1198 partem
1205 1116 1330 1195 postea,

135 1212 293 1278 nonnulla
314 1233 399 1278 1110
421 1213 549 1279 demum
574 1217 663 1280 1868.
685 1215 800 1298 Neque
821 1237 896 1281 vero
918 1215 951 1280 id
974 1215 1025 1297 egi
1045 1213 1096 1278 vel
1118 1234 1214 1295 agere
1235 1211 1330 1288 volui,

136 1320 174 1376 ut
195 1313 462 1396 orthographiam
483 1315 611 1380 mediae
633 1317 759 1394 aetatis,
783 1337 1024 1400 saepenumero,
1048 1322 1085 1379 ut
1105 1313 1201 1395 vulgo
1216 1317 1329 1376 notum

136 1420 196 1485 est
218 1413 407 1478 mendosam
429 1414 479 1480 vel
500 1416 563 1480 sibi
585 1437 648 1481 nou
672 1424 883 1493 constantem,
905 1424 1059 1494 tenerem,
1081 1414 1138 1479 sed
1161 1414 1270 1497 potius
1292 1417 1330 1474 ut

137 1513 343 1578 emendatam
370 1514 549 1594 verborum,
581 1516 729 1600 inprimis
749 1517 1001 1593 bohemicorum,
1034 1515 1170 1579 fonnem
1198 1512 1329 1579 exhibe·

137 1634 215 1678 rem.
258 1613 300 1677 M.
322 1614 466 1681 loannes
488 1615 557 1680 Hus
581 1617 770 1682 emendator
797 1616 1048 1700 orthographiae
1076 1635 1207 1698 quoque
1230 1612 1329 1678 bohe·
1396 1620 1399 1625 '

134 1715 238 1779 micae
260 1716 395 1787 exstitit,
417 1715 603 1800 multaeque
632 1718 779 1801 regulae,
812 1736 949 1802 quarum
971 1716 1025 1782 ille
1053 1714 1262 1791 1101011111,
1293 1713 1327 1776 11

137 1813 304 1897 vulgarem
315 1837 408 1880 usum
423 1816 573 1882 abierunt
594 1818 649 1895 ita,
665 1825 702 1882 ut
723 1818 820 1883 hodie
844 1839 974 1901 quoque
997 1816 1172 1901 scriptores
1194 1813 1331 1878 Bohemi

137 1914 178 1978 iis
195 1922 340 1979 utantur:
364 1938 429 2000 quo
451 1918 554 2000 magis
574 1918 609 1982 in
630 1919 694 1983 hoc
717 1940 814 2002 opere
837 1938 966 2002 caspar
988 1923 1060 1982 erat
1073 1917 1224 1981 retinere.
1246 1912 1331 1978 Illud

139 2035 272 2097 quoque
304 2017 620 2083 commemorandum
657 2024 722 2096 est,
744 2018 895 2083 librarios
924 2017 982 2081 XV
1011 2017 1112 2083 seculi
1140 2016 1330 2101 plerumque

138 2115 239 2179 fuisse
260 2116 407 2183 homines
428 2118 629 2200 negligentes
651 2124 684 2182 et
704 2140 821 2202 parum
843 2117 1004 2197 eruditos,
1028 2138 1109 2201 quos
1131 2116 1210 2180 vitia
1230 2113 1330 2198 pluri·

139 2236 193 2280 ma
222 2223 337 2282 contra
364 2218 569 2283 emendatam
598 2218 755 2283 senncnis
783 2217 943 2283 rationem
971 2225 1070 2301 atque
1106 2215 1188 2281 adeo
1218 2220 1332 2279 centra

13 2315 16 2319 ’
138 2335 268 2380 sensum
291 2318 489 2384 commisisse
505 2341 569 2384 non
591 2326 642 2382 est
664 2318 751 2401 quod
765 2319 928 2383 miremur.
951 2318 1095 2396 Quorum
1109 2316 1283 2382 manifesta
1292 2335 1331 2379 ac

139 2416 207 2481 fere
229 2417 398 2484 innumera
418 2420 497 2484 vitia
518 2418 706 2502 singillatim
735 2418 857 2484 referre
879 2418 977 2495 nolui,
1000 2420 1121 2503 quippe
1144 2438 1243 2500 quum
1264 2413 1331 2479 tale

139 2517 307 2599 negotium
328 2540 392 2583 101
413 2519 511 2584 modo
533 2519 705 2584 molestum
729 2519 906 2584 sedetiam
927 2518 1041 2583 inutile
1058 2516 1135 2581 mihi
1150 2515 1330 2590 videretur3

139 2619 251 2699 itaque
272 2618 468 2702 ubicumque
492 2618 648 2683 librorum
673 2618 968 2702 manuscriptorum
989 2617 1227 2701 discrepantiae
1253 2614 1330 2679 offe·

139 2717 306 2795 rebantur,
327 2720 499 2800 genuinam
522 2717 694 2785 lectionem
715 2719 869 2801 recipere,
891 2719 1065 2785 manifesto
1087 2739 1220 2803 pravam
1237 2715 1330 2781 omit-

139 2823 209 2882 tere
231 2819 311 2882 satis
332 2818 503 2884 habebam.
526 2817 762 2884 Tantummodo
784 2818 840 2884 ubi
861 2821 975 2885 unicus
996 2819 1088 2897 liber,
1112 2840 1176 2902 quo
1192 2817 1240 2881 uti
1255 2815 1331 2880 lice·

139 2917 207 2993 bat,
228 2917 401 2984 lectionem
422 2920 596 2984 manifeste
619 2926 805 3003 corruptam
825 2921 1010 3000 exhibebat,
1032 2920 1164 2987 lectoris
1179 2916 1332 2982 monendi
1407 2932 1415 2949 ‘

142 3039 241 3083 causa
265 3020 375 3100 „(sio)“
400 3020 521 3099 addidi,
544 3021 594 3085 vel
606 3022 633 3084 si
645 3023 833 3106 conjectura
848 3042 990 3088 errorem
1011 3020 1137 3087 librarii
1153 3016 1330 3093 emendavi,

140 3117 312 3183 lectionem
349 3120 382 3183 in
397 3120 481 3186 libro
517 3120 672 3185 traditam
705 3123 765 3188 sub
801 3121 923 3187 lineola
958 3119 1213 3187 commemorari.

239 3218 412 3286 Maximam
440 3227 566 3306 partem
587 3229 866 3288 monumentorum
889 3223 931 3288 ad
953 3222 995 3287 M.
1017 3221 1046 3286 J.
1067 3220 1210 3285 Hussum
1231 3218 1331 3302 perti-

139 3320 294 3399 nentium,
316 3342 400 3403 quae
416 3322 458 3386 ad
473 3329 617 3387 nostram
631 3329 773 3388 aetatem
784 3328 1007 3407 pervenerunt,
1023 3323 1070 3385 M.
1084 3323 1179 3384 Petro
1191 3321 1229 3381 de
1243 3319 1330 3382 Mlu-

140 3424 266 3485 ‹lenccic
294 3421 344 3487 vel
372 3424 572 3486 Mlcdcatoric
608 3423 777 3501 debemus,
813 3445 877 3506 quo
903 3423 1046 3487 Joannes
1083 3422 1123 3487 de
1153 3419 1270 3486 Chlum
1299 3424 1333 3483 et
1423 3436 1430 3457 ·

139 3521 340 3603 Kosamberg
368 3523 460 3587 annis
493 3527 570 3587 1414
592 3530 626 3588 et
648 3526 728 3587 1415
750 3523 859 3589 scriba
887 3523 937 3588 vel
966 3523 1141 3588 secretario
1169 3520 1332 3585 utebatur.

139 3622 218 3686 lnde
240 3623 282 3688 ab
311 3644 396 3688 anno
420 3626 500 3687 141111
528 3622 760 3687 baccalaureus
783 3625 815 3688 in
837 3624 1048 3688 universitate
1073 3620 1230 3706 Pragensi
1252 3625 1331 3698 erat,

141 3722 287 3805 magistri
320 3722 454 3804 gradum
487 3744 596 3788 mense
625 3722 782 3788 Januario
815 3724 891 3789 anni
925 3727 1004 3790 1416
1031 3723 1185 3800 01111111,
1215 3719 1332 3785 deinde

138 3823 198 3900 bis,
214 3844 300 3887 anno
325 3826 460 3888 1421101
484 3827 559 3888 1441
586 3823 699 3888 decani
728 3824 894 3890 facultatis
916 3824 1161 3908 philosophicae
1189 3842 1330 3899 munere,

142 3945 228 3987 anno
253 3925 333 3988 1439
354 3924 491 3988 rectoris
513 3946 646 3989 munere
666 3924 873 4006 fungebatur.
898 3925 972 3990 Una
992 3948 1064 3991 cum
1080 3924 1121 3988 M.
1137 3923 1332 3988 Christanno

141 4024 181 4088 de
197 4023 387 4100 Prachatic‚
404 4022 530 4089 Joanne
545 4024 714 4090 Pissrramo
729 4024 867 4108 aliisque
881 4027 914 4089 in
936 4048 1069 4092 numero
1092 4025 1333 4090 moderatorum

143 4124 408 4198 ,calixtinorum“
443 4131 527 4202 erat,
557 4125 768 4208 quamohrem
801 4147 829 4191 a.
862 4129 940 4191 1427
967 4148 1039 4190 cum
1067 4124 1232 4189 nonnullis
1258 4124 1332 4189 aliis

141 4226 247 4307 l‘raga
267 4223 430 4307 relegatus
452 4233 510 4303 est,
531 4233 647 4309 postea
666 4233 785 4305 autem,
808 4249 908 4310 quum
923 4248 1029 4292 rerum
1045 4226 1226 4291 mutatione
1246 4224 1333 4291 lacta

139 4327 316 4391 securitate
331 4326 393 4389 frui
408 4325 530 4405 liceret,
545 4329 688 4393 revertit.
710 4330 803 4394 Anno
828 4331 916 4406 1439,
940 4348 1038 4413 quum
1061 4325 1103 4390 111.
1119 4325 1333 4391 Christannus

139 4428 207 4490 vita
225 4426 426 4504 decessisset,
449 4427 607 4511 plebanus
622 4430 798 4512 parochiae
812 4429 899 4512 apud
922 4449 947 4491 s.
962 4426 1152 4492 Michaelem
1174 4427 1207 4491 in
1223 4432 1331 4491 vetere

141 4528 273 4590 civitate
288 4525 442 4610 Pragensi
464 4528 569 4593 factus
592 4535 652 4603 est,
674 4549 738 4613 quo
760 4549 892 4594 munere
915 4528 1013 4592 etiam
1034 4547 1119 4592 anno
1142 4534 1231 4592 certe
1253 4529 1331 4591 1447

139 4627 353 4710 fungebatur,
376 4647 440 4712 quo
469 4651 534 4695 una
563 4651 635 4693 curn
664 4629 736 4695 aliis
764 4629 958 4714 quibusdam
987 4629 1062 4692 viris
1084 4629 1174 4711 regni
1204 4628 1330 4710 legatus
