2992 5258
150 405 211 470 150
366 399 508 470 Epistolse
525 399 641 469 scriptae
660 401 835 458 Constantius
852 414 945 456 meuse
962 399 1044 456 iunio
1063 400 1135 455 tcto.

151 622 218 667 sese
240 605 406 666 occultabit.
434 605 612 667 iuvenculas
633 605 772 667 mulieres
793 606 958 666 omnimodo
981 604 1064 681 iuge,
1092 622 1129 666 uo
1151 607 1257 667 crodos
1276 606 1345 666 reli-

149 706 230 781 gioni
252 722 364 778 earum
392 721 459 764 uam
480 705 551 767 dicit
572 724 595 765 s.
619 695 819 782 Augustinus:
853 705 917 779 Quo
938 706 1116 783 religiosior,
1138 722 1174 766 eo
1196 706 1235 766 ed
1257 707 1346 766 luxu-

148 805 223 865 rium
244 806 410 879 proclivior,
441 811 471 866 et
492 807 546 866 sub
569 812 722 879 praetextu
747 806 900 881 religionis
928 807 1001 867 letst
1023 806 1107 866 dolus
1129 813 1180 868 sut
1200 823 1346 868 venenum

150 905 364 968 fornicationis.
406 907 471 967 Hoc
493 907 594 979 etism,
634 909 794 979 carissime,
824 908 913 979 scito,
936 908 1012 982 quod
1035 923 1136 967 eorum
1158 907 1346 968 conversatio

150 1008 256 1068 multos
279 1008 429 1080 subvertit,
451 1024 524 1082 quos
547 1025 605 1069 nou
628 1009 769 1069 secularis
791 1009 976 1069 conversatio
999 1007 1102 1068 fellere
1123 1008 1227 1082 potuit,
1248 1023 1345 1081 neque

149 1106 349 1182 coinquinare.
390 1107 425 1168 Iu
447 1088 563 1168 domum
592 1124 708 1184 quoque
740 1115 818 1169 tusru
845 1124 935 1169 ceum
961 1109 1118 1183 cujuslibet
1142 1109 1186 1168 rei
1208 1108 1347 1169 mulieres

151 1224 188 1268 uo
210 1207 395 1282 intromitms,
418 1226 513 1284 neque
536 1209 688 1270 crebriora
702 1227 766 1270 cum
787 1209 846 1270 illis
869 1209 979 1269 habeas
1002 1208 1156 1284 colloquio,
1178 1216 1210 1270 ut
1231 1210 1348 1269 videtur

151 1306 365 1371 offendiculum.
408 1311 524 1372 Deiudo
547 1310 685 1385 quidquid
706 1310 785 1384 ogis,
818 1311 903 1371 deum
933 1312 1002 1371 time
1036 1317 1067 1371 ot
1094 1317 1256 1385 praecepto
1283 1311 1348 1384 ejus

152 1412 282 1486 custodi3
303 1413 346 1473 ite
366 1417 446 1472 reete
470 1413 614 1485 procedes
630 1417 661 1472 ct
675 1428 734 1471 uou
749 1411 868 1484 peribis¹
891 1428 1008 1472 coruom
1023 1410 1187 1486 coercebis
1208 1412 1348 1471 mundum

152 1518 329 1584 contemnes,
352 1519 482 1575 mteuouu
504 1514 611 1585 vinces¹
634 1514 718 1574 deum
740 1515 854 1584 indues,
877 1512 964 1572 vitam
978 1513 1120 1585 reperies,
1142 1512 1217 1572 ulios
1239 1510 1346 1572 confir·

151 1613 253 1683 meluis,
281 1618 371 1689 coquo
392 1615 550 1676 coronabis
572 1630 681 1675 corono
700 1615 821 1689 gloriae,
844 1630 928 1688 quem
950 1613 1004 1674 tibi
1025 1613 1110 1673 debit
1127 1615 1225 1686 iustus
1245 1612 1347 1684 judex.

151 1714 255 1775 Ameu

251 1828 329 1883 Ede.
347 1830 378 1882 irs
391 1830 463 1900 Opp.
482 1829 556 1892 Hos,
575 1826 600 1890 I,
617 1825 657 1881 59
670 1836 699 1922 ‘ct
718 1825 762 1881 76.
779 1824 944 1895 (Bolscmicc
962 1830 993 1881 iot
1002 1827 1125 1881 Postilla
1134 1823 1219 1887 1564,
1226 1825 1252 1896 f.
1262 1824 1347 1892 220).

659 2299 844 2404 *copisa--
