<?xml version="1.0" encoding="UTF-8"?>
<!DOCTYPE html PUBLIC "-//W3C//DTD XHTML 1.0 Transitional//EN"
    "http://www.w3.org/TR/xhtml1/DTD/xhtml1-transitional.dtd">
<html xmlns="http://www.w3.org/1999/xhtml" xml:lang="en" lang="en">
 <head>
  <title>
</title>
<meta http-equiv="Content-Type" content="text/html;charset=utf-8" />
  <meta name='ocr-system' content='tesseract 3.04.00' />
  <meta name='ocr-capabilities' content='ocr_page ocr_carea ocr_par ocr_line ocrx_word'/>
</head>
<body>
  <div class='ocr_page' id='page_1' title='image "./documentamagjoa00palagoog_0242.png"; bbox 0 0 2992 5258; ppageno 0'>
   <div class='ocr_carea' id='block_1_1' title="bbox 362 416 1333 489">
    <p class='ocr_par' dir='ltr' id='par_1_1' title="bbox 362 416 1333 489">
     <span class='ocr_line' id='line_1_1' title="bbox 362 416 1333 489; baseline -0.003 -13"><span class='ocrx_word' id='word_1_1' title='bbox 362 419 533 489; x_wconf 77' lang='lat' dir='ltr'>Responsum</span> <span class='ocrx_word' id='word_1_2' title='bbox 549 417 586 473; x_wconf 87' lang='lat' dir='ltr'><strong>M.</strong></span> <span class='ocrx_word' id='word_1_3' title='bbox 604 417 630 473; x_wconf 87' lang='lat' dir='ltr'><strong>J.</strong></span> <span class='ocrx_word' id='word_1_4' title='bbox 647 416 707 473; x_wconf 90' lang='lat' dir='ltr'><strong>Hus</strong></span> <span class='ocrx_word' id='word_1_5' title='bbox 725 417 761 473; x_wconf 87' lang='lat' dir='ltr'><strong>od</strong></span> <span class='ocrx_word' id='word_1_6' title='bbox 777 416 906 474; x_wconf 70' lang='lat' dir='ltr'><strong>articulos</strong></span> <span class='ocrx_word' id='word_1_7' title='bbox 923 418 1011 474; x_wconf 78' lang='lat' dir='ltr'><strong>Patet</strong></span> <span class='ocrx_word' id='word_1_8' title='bbox 1031 420 1105 475; x_wconf 79' lang='grc'>1416.</span> <span class='ocrx_word' id='word_1_9' title='bbox 1275 427 1333 489; x_wconf 77' lang='lat'><strong>221</strong></span> 
     </span>
    </p>
   </div>
   <div class='ocr_carea' id='block_1_2' title="bbox 148 623 1401 4694">
    <p class='ocr_par' dir='ltr' id='par_1_2' title="bbox 151 623 1336 797">
     <span class='ocr_line' id='line_1_2' title="bbox 151 623 1336 695; baseline -0.002 -9"><span class='ocrx_word' id='word_1_10' title='bbox 151 625 281 695; x_wconf 87' lang='lat' dir='ltr'><strong>Domine,</strong></span> <span class='ocrx_word' id='word_1_11' title='bbox 303 639 363 684; x_wconf 91' lang='lat' dir='ltr'><strong>nou</strong></span> <span class='ocrx_word' id='word_1_12' title='bbox 384 624 514 685; x_wconf 83' lang='lat' dir='ltr'><strong>declines</strong></span> <span class='ocrx_word' id='word_1_13' title='bbox 536 638 589 682; x_wconf 89' lang='lat' dir='ltr'><strong>cor</strong></span> <span class='ocrx_word' id='word_1_14' title='bbox 609 639 704 682; x_wconf 89' lang='lat' dir='ltr'><strong>meum</strong></span> <span class='ocrx_word' id='word_1_15' title='bbox 724 623 754 681; x_wconf 94' lang='lat' dir='ltr'><strong>iu</strong></span> <span class='ocrx_word' id='word_1_16' title='bbox 776 623 866 683; x_wconf 84' lang='lat' dir='ltr'><strong>verba</strong></span> <span class='ocrx_word' id='word_1_17' title='bbox 885 623 1011 683; x_wconf 78' lang='lat' dir='ltr'><strong>malitiae</strong></span> <span class='ocrx_word' id='word_1_18' title='bbox 1027 623 1064 682; x_wconf 85' lang='lat' dir='ltr'><strong>ed</strong></span> <span class='ocrx_word' id='word_1_19' title='bbox 1089 625 1270 684; x_wconf 85' lang='lat' dir='ltr'><strong>excusandas</strong></span> <span class='ocrx_word' id='word_1_20' title='bbox 1286 643 1336 684; x_wconf 88' lang='lat' dir='ltr'><strong>ex·</strong></span> 
     </span>
     <span class='ocr_line' id='line_1_3' title="bbox 151 723 528 797; baseline -0.013 -11"><span class='ocrx_word' id='word_1_21' title='bbox 151 727 316 787; x_wconf 85' lang='lat' dir='ltr'><strong>cosotiones</strong></span> <span class='ocrx_word' id='word_1_22' title='bbox 337 726 368 784; x_wconf 94' lang='lat' dir='ltr'><strong>in</strong></span> <span class='ocrx_word' id='word_1_23' title='bbox 390 723 528 797; x_wconf 84' lang='lat' dir='ltr'><strong>peccetis.</strong></span> 
     </span>
    </p>

    <p class='ocr_par' dir='ltr' id='par_1_3' title="bbox 148 818 1401 3392">
     <span class='ocr_line' id='line_1_4' title="bbox 247 818 1338 897; baseline 0.001 -13"><span class='ocrx_word' id='word_1_24' title='bbox 247 826 294 884; x_wconf 84' lang='lat' dir='ltr'><strong>Ex</strong></span> <span class='ocrx_word' id='word_1_25' title='bbox 314 826 371 884; x_wconf 91' lang='lat' dir='ltr'><strong>hiis</strong></span> <span class='ocrx_word' id='word_1_26' title='bbox 392 822 558 882; x_wconf 81' lang='lat' dir='ltr'><strong>verificetur</strong></span> <span class='ocrx_word' id='word_1_27' title='bbox 579 830 682 896; x_wconf 86' lang='lat' dir='ltr'><strong>quarta</strong></span> <span class='ocrx_word' id='word_1_28' title='bbox 702 841 771 897; x_wconf 87' lang='lat' dir='ltr'><strong>pars</strong></span> <span class='ocrx_word' id='word_1_29' title='bbox 800 825 922 894; x_wconf 78' lang='lat' dir='ltr'>articuli,</span> <span class='ocrx_word' id='word_1_30' title='bbox 944 831 1015 897; x_wconf 87' lang='lat' dir='ltr'><strong>puta</strong></span> <span class='ocrx_word' id='word_1_31' title='bbox 1034 818 1105 883; x_wconf 72' lang='lat' dir='ltr'><strong>ister</strong></span> <span class='ocrx_word' id='word_1_32' title='bbox 1138 824 1241 884; x_wconf 80' lang='lat' dir='ltr'><strong>clerus</strong></span> <span class='ocrx_word' id='word_1_33' title='bbox 1263 827 1338 885; x_wconf 89' lang='lat' dir='ltr'><strong>viam</strong></span> 
     </span>
     <span class='ocr_line' id='line_1_5' title="bbox 151 924 1337 999; baseline 0.001 -15"><span class='ocrx_word' id='word_1_34' title='bbox 151 932 308 998; x_wconf 84' lang='lat' dir='ltr'><strong>praeparat</strong></span> <span class='ocrx_word' id='word_1_35' title='bbox 333 925 523 983; x_wconf 81' lang='lat' dir='ltr'><strong>Antichristo.</strong></span> <span class='ocrx_word' id='word_1_36' title='bbox 574 924 631 982; x_wconf 83' lang='lat' dir='ltr'><strong>Via</strong></span> <span class='ocrx_word' id='word_1_37' title='bbox 657 924 732 982; x_wconf 92' lang='lat' dir='ltr'><strong>enim</strong></span> <span class='ocrx_word' id='word_1_38' title='bbox 761 925 934 984; x_wconf 86' lang='lat' dir='ltr'><strong>Antichristi</strong></span> <span class='ocrx_word' id='word_1_39' title='bbox 961 931 1008 984; x_wconf 91' lang='lat' dir='ltr'><strong>est</strong></span> <span class='ocrx_word' id='word_1_40' title='bbox 1038 926 1184 998; x_wconf 89' lang='lat' dir='ltr'><strong>iniquitas,</strong></span> <span class='ocrx_word' id='word_1_41' title='bbox 1217 926 1253 985; x_wconf 90' lang='lat' dir='ltr'><strong>de</strong></span> <span class='ocrx_word' id='word_1_42' title='bbox 1281 943 1337 999; x_wconf 93' lang='lat' dir='ltr'><strong>quo</strong></span> 
     </span>
     <span class='ocr_line' id='line_1_6' title="bbox 151 1022 1337 1098; baseline 0.002 -16"><span class='ocrx_word' id='word_1_43' title='bbox 151 1025 302 1096; x_wconf 84' lang='lat' dir='ltr'><strong>apostolus</strong></span> <span class='ocrx_word' id='word_1_44' title='bbox 324 1024 396 1082; x_wconf 92' lang='lat' dir='ltr'><strong>dicit</strong></span> <span class='ocrx_word' id='word_1_45' title='bbox 416 1023 453 1081; x_wconf 88' lang='lat' dir='ltr'><strong>nd</strong></span> <span class='ocrx_word' id='word_1_46' title='bbox 476 1022 676 1082; x_wconf 85' lang='lat' dir='ltr'><strong>Thessalonic</strong></span> <span class='ocrx_word' id='word_1_47' title='bbox 698 1024 777 1096; x_wconf 91' lang='lat' dir='ltr'><strong>quod</strong></span> <span class='ocrx_word' id='word_1_48' title='bbox 795 1026 855 1095; x_wconf 88' lang='lat' dir='ltr'><strong>jam</strong></span> <span class='ocrx_word' id='word_1_49' title='bbox 870 1024 1061 1083; x_wconf 89' lang='lat' dir='ltr'><strong>ministerium</strong></span> <span class='ocrx_word' id='word_1_50' title='bbox 1081 1032 1219 1097; x_wconf 77' lang='lat' dir='ltr'><strong>operatur</strong></span> <span class='ocrx_word' id='word_1_51' title='bbox 1232 1026 1337 1098; x_wconf 92' lang='lat' dir='ltr'><strong>iniqui-</strong></span> 
     </span>
     <span class='ocr_line' id='line_1_7' title="bbox 151 1121 1339 1199; baseline 0.001 -16"><span class='ocrx_word' id='word_1_52' title='bbox 151 1126 228 1194; x_wconf 85' lang='lat' dir='ltr'><strong>tatis,</strong></span> <span class='ocrx_word' id='word_1_53' title='bbox 251 1124 313 1183; x_wconf 87' lang='lat' dir='ltr'><strong>scil.</strong></span> <span class='ocrx_word' id='word_1_54' title='bbox 335 1123 386 1182; x_wconf 89' lang='lat' dir='ltr'><strong>ille</strong></span> <span class='ocrx_word' id='word_1_55' title='bbox 408 1121 484 1181; x_wconf 90' lang='lat' dir='ltr'><strong>filius</strong></span> <span class='ocrx_word' id='word_1_56' title='bbox 507 1123 691 1194; x_wconf 81' lang='lat' dir='ltr'><strong>perditionis.</strong></span> <span class='ocrx_word' id='word_1_57' title='bbox 735 1121 794 1181; x_wconf 84' lang='lat' dir='ltr'><strong>Sed</strong></span> <span class='ocrx_word' id='word_1_58' title='bbox 816 1139 870 1194; x_wconf 85' lang='lat' dir='ltr'><strong>per·</strong></span> <span class='ocrx_word' id='word_1_59' title='bbox 897 1140 980 1196; x_wconf 91' lang='lat' dir='ltr'><strong>quem</strong></span> <span class='ocrx_word' id='word_1_60' title='bbox 1011 1131 1166 1199; x_wconf 84' lang='lat' dir='ltr'><strong>operetur,</strong></span> <span class='ocrx_word' id='word_1_61' title='bbox 1199 1125 1257 1184; x_wconf 90' lang='lat' dir='ltr'><strong>nisi</strong></span> <span class='ocrx_word' id='word_1_62' title='bbox 1284 1141 1339 1197; x_wconf 89' lang='lat' dir='ltr'><strong>per</strong></span> 
     </span>
     <span class='ocr_line' id='line_1_8' title="bbox 148 1220 1337 1298; baseline 0.003 -18"><span class='ocrx_word' id='word_1_63' title='bbox 148 1224 224 1293; x_wconf 89' lang='lat' dir='ltr'><strong>illos,</strong></span> <span class='ocrx_word' id='word_1_64' title='bbox 253 1224 303 1296; x_wconf 89' lang='lat' dir='ltr'><strong>qui</strong></span> <span class='ocrx_word' id='word_1_65' title='bbox 324 1230 484 1295; x_wconf 86' lang='lat' dir='ltr'><strong>operantur</strong></span> <span class='ocrx_word' id='word_1_66' title='bbox 505 1221 707 1294; x_wconf 81' lang='lat' dir='ltr'><strong>iniquitatem?</strong></span> <span class='ocrx_word' id='word_1_67' title='bbox 734 1220 820 1281; x_wconf 88' lang='lat' dir='ltr'><strong>Unde</strong></span> <span class='ocrx_word' id='word_1_68' title='bbox 843 1222 946 1280; x_wconf 88' lang='lat' dir='ltr'><strong>beatus</strong></span> <span class='ocrx_word' id='word_1_69' title='bbox 970 1222 1129 1296; x_wconf 80' lang='lat' dir='ltr'><strong>Gregorius</strong></span> <span class='ocrx_word' id='word_1_70' title='bbox 1158 1225 1189 1282; x_wconf 91' lang='lat' dir='ltr'><strong>in</strong></span> <span class='ocrx_word' id='word_1_71' title='bbox 1210 1226 1337 1298; x_wconf 86' lang='lat' dir='ltr'><strong>registro</strong></span> 
     </span>
     <span class='ocr_line' id='line_1_9' title="bbox 149 1320 1337 1394; baseline 0.003 -14"><span class='ocrx_word' id='word_1_72' title='bbox 149 1323 233 1382; x_wconf 91' lang='lat' dir='ltr'><strong>dicit:</strong></span> <span class='ocrx_word' id='word_1_73' title='bbox 255 1323 320 1382; x_wconf 88' lang='lat' dir='ltr'><strong>Rex</strong></span> <span class='ocrx_word' id='word_1_74' title='bbox 331 1323 487 1394; x_wconf 88' lang='lat' dir='ltr'><strong>superbiae</strong></span> <span class='ocrx_word' id='word_1_75' title='bbox 500 1337 592 1393; x_wconf 91' lang='lat' dir='ltr'><strong>prope</strong></span> <span class='ocrx_word' id='word_1_76' title='bbox 615 1327 668 1391; x_wconf 88' lang='lat' dir='ltr'><strong>cst,</strong></span> <span class='ocrx_word' id='word_1_77' title='bbox 691 1327 721 1380; x_wconf 91' lang='lat' dir='ltr'><strong>et</strong></span> <span class='ocrx_word' id='word_1_78' title='bbox 747 1323 824 1394; x_wconf 91' lang='lat' dir='ltr'><strong>quod</strong></span> <span class='ocrx_word' id='word_1_79' title='bbox 845 1320 928 1381; x_wconf 88' lang='lat' dir='ltr'><strong>nelos</strong></span> <span class='ocrx_word' id='word_1_80' title='bbox 951 1328 997 1381; x_wconf 88' lang='lat' dir='ltr'><strong>est</strong></span> <span class='ocrx_word' id='word_1_81' title='bbox 1018 1324 1131 1393; x_wconf 90' lang='lat' dir='ltr'><strong>dicere,</strong></span> <span class='ocrx_word' id='word_1_82' title='bbox 1152 1326 1337 1385; x_wconf 87' lang='lat' dir='ltr'><strong>sacerdotum</strong></span> 
     </span>
     <span class='ocr_line' id='line_1_10' title="bbox 150 1421 1338 1497; baseline 0.003 -16"><span class='ocrx_word' id='word_1_83' title='bbox 150 1423 175 1482; x_wconf 88' lang='lat' dir='ltr'><strong>ei</strong></span> <span class='ocrx_word' id='word_1_84' title='bbox 196 1430 391 1494; x_wconf 83' lang='lat' dir='ltr'><strong>praeparatur</strong></span> <span class='ocrx_word' id='word_1_85' title='bbox 419 1421 579 1490; x_wconf 81' lang='lat' dir='ltr'><strong>exercitus,</strong></span> <span class='ocrx_word' id='word_1_86' title='bbox 609 1421 675 1493; x_wconf 86' lang='lat' dir='ltr'><strong>quia</strong></span> <span class='ocrx_word' id='word_1_87' title='bbox 697 1421 805 1479; x_wconf 84' lang='lat' dir='ltr'><strong>ceruici</strong></span> <span class='ocrx_word' id='word_1_88' title='bbox 837 1422 962 1481; x_wconf 88' lang='lat' dir='ltr'><strong>militant</strong></span> <span class='ocrx_word' id='word_1_89' title='bbox 984 1421 1141 1497; x_wconf 85' lang='lat' dir='ltr'><strong>elationis,</strong></span> <span class='ocrx_word' id='word_1_90' title='bbox 1174 1424 1222 1497; x_wconf 90' lang='lat' dir='ltr'><strong>qni</strong></span> <span class='ocrx_word' id='word_1_91' title='bbox 1249 1427 1338 1496; x_wconf 88' lang='lat' dir='ltr'><strong>positi</strong></span> 
     </span>
     <span class='ocr_line' id='line_1_11' title="bbox 150 1520 1401 1595; baseline 0.004 -15"><span class='ocrx_word' id='word_1_92' title='bbox 150 1522 272 1593; x_wconf 87' lang='lat' dir='ltr'><strong>lucrant,</strong></span> <span class='ocrx_word' id='word_1_93' title='bbox 287 1528 319 1580; x_wconf 90' lang='lat' dir='ltr'><strong>ut</strong></span> <span class='ocrx_word' id='word_1_94' title='bbox 329 1522 463 1580; x_wconf 87' lang='lat' dir='ltr'><strong>ducatum</strong></span> <span class='ocrx_word' id='word_1_95' title='bbox 475 1520 653 1592; x_wconf 83' lang='lat' dir='ltr'><strong>praeberent</strong></span> <span class='ocrx_word' id='word_1_96' title='bbox 663 1520 841 1580; x_wconf 83' lang='lat' dir='ltr'><strong>humilitutis.</strong></span> <span class='ocrx_word' id='word_1_97' title='bbox 863 1522 943 1581; x_wconf 87' lang='lat' dir='ltr'><strong>Haec</strong></span> <span class='ocrx_word' id='word_1_98' title='bbox 958 1521 1117 1595; x_wconf 79' lang='lat' dir='ltr'><strong>Gregorius</strong></span> <span class='ocrx_word' id='word_1_99' title='bbox 1130 1530 1160 1582; x_wconf 91' lang='lat' dir='ltr'><strong>et</strong></span> <span class='ocrx_word' id='word_1_100' title='bbox 1171 1524 1338 1586; x_wconf 84' lang='lat' dir='ltr'><strong>Bernardus</strong></span> <span class='ocrx_word' id='word_1_101' title='bbox 1399 1567 1401 1571; x_wconf 29' lang='grc' dir='ltr'><em>ψ</em></span> 
     </span>
     <span class='ocr_line' id='line_1_12' title="bbox 150 1618 1340 1694; baseline 0.004 -14"><span class='ocrx_word' id='word_1_102' title='bbox 150 1638 238 1694; x_wconf 85' lang='lat' dir='ltr'><strong>super</strong></span> <span class='ocrx_word' id='word_1_103' title='bbox 271 1621 385 1681; x_wconf 83' lang='lat' dir='ltr'><strong>cantica</strong></span> <span class='ocrx_word' id='word_1_104' title='bbox 417 1619 488 1679; x_wconf 88' lang='lat' dir='ltr'><strong>dicit</strong></span> <span class='ocrx_word' id='word_1_105' title='bbox 509 1636 643 1678; x_wconf 91' lang='lat' dir='ltr'><strong>sermone</strong></span> <span class='ocrx_word' id='word_1_106' title='bbox 667 1618 739 1678; x_wconf 88' lang='lat'><strong>33⁰:</strong></span> <span class='ocrx_word' id='word_1_107' title='bbox 769 1620 900 1680; x_wconf 90' lang='lat' dir='ltr'><strong>Ministri</strong></span> <span class='ocrx_word' id='word_1_108' title='bbox 928 1628 997 1680; x_wconf 90' lang='lat' dir='ltr'><strong>sunt</strong></span> <span class='ocrx_word' id='word_1_109' title='bbox 1023 1622 1132 1681; x_wconf 79' lang='lat' dir='ltr'><strong>Christi</strong></span> <span class='ocrx_word' id='word_1_110' title='bbox 1157 1629 1188 1682; x_wconf 88' lang='lat' dir='ltr'><strong>et</strong></span> <span class='ocrx_word' id='word_1_111' title='bbox 1209 1628 1340 1685; x_wconf 89' lang='lat' dir='ltr'><strong>serviunt</strong></span> 
     </span>
     <span class='ocr_line' id='line_1_13' title="bbox 150 1719 1339 1786; baseline 0.003 -4"><span class='ocrx_word' id='word_1_112' title='bbox 150 1721 341 1783; x_wconf 83' lang='lat' dir='ltr'><strong>Anuchrisro.</strong></span> <span class='ocrx_word' id='word_1_113' title='bbox 363 1722 439 1782; x_wconf 87' lang='lat' dir='ltr'><strong>Hinc</strong></span> <span class='ocrx_word' id='word_1_114' title='bbox 461 1721 548 1779; x_wconf 85' lang='lat' dir='ltr'><strong>etiem</strong></span> <span class='ocrx_word' id='word_1_115' title='bbox 569 1721 699 1779; x_wconf 80' lang='lat' dir='ltr'><strong>ioannes</strong></span> <span class='ocrx_word' id='word_1_116' title='bbox 721 1719 752 1777; x_wconf 93' lang='lat' dir='ltr'><strong>in</strong></span> <span class='ocrx_word' id='word_1_117' title='bbox 773 1720 915 1778; x_wconf 85' lang='lat' dir='ltr'><strong>canonice</strong></span> <span class='ocrx_word' id='word_1_118' title='bbox 936 1721 1019 1779; x_wconf 87' lang='lat' dir='ltr'><strong>dicit:</strong></span> <span class='ocrx_word' id='word_1_119' title='bbox 1040 1722 1237 1783; x_wconf 83' lang='lat' dir='ltr'><strong>Antichristus</strong></span> <span class='ocrx_word' id='word_1_120' title='bbox 1258 1727 1339 1786; x_wconf 85' lang='lat' dir='ltr'><strong>venit</strong></span> 
     </span>
     <span class='ocr_line' id='line_1_14' title="bbox 152 1819 1339 1884; baseline 0.003 -4"><span class='ocrx_word' id='word_1_121' title='bbox 152 1829 180 1881; x_wconf 91' lang='lat' dir='ltr'><strong>et</strong></span> <span class='ocrx_word' id='word_1_122' title='bbox 196 1821 371 1882; x_wconf 88' lang='lat' dir='ltr'><strong>Antichristi</strong></span> <span class='ocrx_word' id='word_1_123' title='bbox 391 1821 472 1879; x_wconf 91' lang='lat' dir='ltr'><strong>multi</strong></span> <span class='ocrx_word' id='word_1_124' title='bbox 494 1819 564 1878; x_wconf 88' lang='lat' dir='ltr'><strong>iacti</strong></span> <span class='ocrx_word' id='word_1_125' title='bbox 579 1826 654 1878; x_wconf 89' lang='lat' dir='ltr'><strong>sunt.</strong></span> <span class='ocrx_word' id='word_1_126' title='bbox 676 1819 761 1878; x_wconf 88' lang='lat' dir='ltr'><strong>Unde</strong></span> <span class='ocrx_word' id='word_1_127' title='bbox 783 1836 846 1877; x_wconf 89' lang='lat' dir='ltr'><strong>cum</strong></span> <span class='ocrx_word' id='word_1_128' title='bbox 868 1820 1040 1879; x_wconf 89' lang='lat' dir='ltr'><strong>Antichristi</strong></span> <span class='ocrx_word' id='word_1_129' title='bbox 1061 1822 1109 1880; x_wconf 85' lang='lat' dir='ltr'><strong>via</strong></span> <span class='ocrx_word' id='word_1_130' title='bbox 1130 1827 1177 1880; x_wconf 87' lang='lat' dir='ltr'><strong>est</strong></span> <span class='ocrx_word' id='word_1_131' title='bbox 1197 1824 1339 1884; x_wconf 86' lang='lat' dir='ltr'><strong>seducere</strong></span> 
     </span>
     <span class='ocr_line' id='line_1_15' title="bbox 154 1918 1339 1994; baseline 0.004 -15"><span class='ocrx_word' id='word_1_132' title='bbox 154 1922 312 1981; x_wconf 81' lang='lat' dir='ltr'><strong>verbovel</strong></span> <span class='ocrx_word' id='word_1_133' title='bbox 333 1937 423 1994; x_wconf 84' lang='lat' dir='ltr'><strong>pravo</strong></span> <span class='ocrx_word' id='word_1_134' title='bbox 446 1920 579 1992; x_wconf 84' lang='lat' dir='ltr'><strong>exemplo</strong></span> <span class='ocrx_word' id='word_1_135' title='bbox 609 1921 694 1978; x_wconf 79' lang='lat' dir='ltr'><strong>avia</strong></span> <span class='ocrx_word' id='word_1_136' title='bbox 716 1918 834 1989; x_wconf 83' lang='lat' dir='ltr'><strong>Christi,</strong></span> <span class='ocrx_word' id='word_1_137' title='bbox 867 1919 1051 1979; x_wconf 80' lang='lat' dir='ltr'><strong>manifestum</strong></span> <span class='ocrx_word' id='word_1_138' title='bbox 1073 1926 1126 1989; x_wconf 81' lang='lat' dir='ltr'><strong>est,</strong></span> <span class='ocrx_word' id='word_1_139' title='bbox 1154 1923 1231 1994; x_wconf 92' lang='lat' dir='ltr'><strong>quod</strong></span> <span class='ocrx_word' id='word_1_140' title='bbox 1253 1924 1339 1983; x_wconf 86' lang='lat' dir='ltr'><strong>istam</strong></span> 
     </span>
     <span class='ocr_line' id='line_1_16' title="bbox 152 2017 1339 2095; baseline 0.003 -15"><span class='ocrx_word' id='word_1_141' title='bbox 152 2022 226 2080; x_wconf 84' lang='lat' dir='ltr'><strong>viem</strong></span> <span class='ocrx_word' id='word_1_142' title='bbox 258 2026 437 2093; x_wconf 84' lang='lat' dir='ltr'><strong>praeparant</strong></span> <span class='ocrx_word' id='word_1_143' title='bbox 468 2019 649 2078; x_wconf 81' lang='lat' dir='ltr'><strong>Antichristo</strong></span> <span class='ocrx_word' id='word_1_144' title='bbox 683 2019 852 2078; x_wconf 84' lang='lat' dir='ltr'><strong>sacerdotes</strong></span> <span class='ocrx_word' id='word_1_145' title='bbox 882 2018 959 2077; x_wconf 88' lang='lat' dir='ltr'><strong>mali.</strong></span> <span class='ocrx_word' id='word_1_146' title='bbox 1003 2017 1091 2079; x_wconf 87' lang='lat' dir='ltr'><strong>Unde</strong></span> <span class='ocrx_word' id='word_1_147' title='bbox 1119 2019 1279 2095; x_wconf 81' lang='lat' dir='ltr'><strong>Gregorius</strong></span> <span class='ocrx_word' id='word_1_148' title='bbox 1308 2024 1339 2084; x_wconf 91' lang='lat' dir='ltr'><strong>in</strong></span> 
     </span>
     <span class='ocr_line' id='line_1_17' title="bbox 153 2115 1338 2197; baseline 0.003 -18"><span class='ocrx_word' id='word_1_149' title='bbox 153 2121 292 2193; x_wconf 80' lang='lat' dir='ltr'><strong>postorali</strong></span> <span class='ocrx_word' id='word_1_150' title='bbox 315 2120 443 2192; x_wconf 85' lang='lat' dir='ltr'><strong>capitulo</strong></span> <span class='ocrx_word' id='word_1_151' title='bbox 466 2115 501 2175; x_wconf 82' lang='lat'><strong>2⁰</strong></span> <span class='ocrx_word' id='word_1_152' title='bbox 515 2120 602 2177; x_wconf 90' lang='lat' dir='ltr'><strong>dicit:</strong></span> <span class='ocrx_word' id='word_1_153' title='bbox 624 2120 764 2178; x_wconf 89' lang='lat' dir='ltr'><strong>Pastores</strong></span> <span class='ocrx_word' id='word_1_154' title='bbox 786 2119 918 2191; x_wconf 79' lang='lat' dir='ltr'><strong>perversi</strong></span> <span class='ocrx_word' id='word_1_155' title='bbox 931 2120 963 2178; x_wconf 94' lang='lat' dir='ltr'><strong>in</strong></span> <span class='ocrx_word' id='word_1_156' title='bbox 978 2120 1116 2197; x_wconf 86' lang='lat' dir='ltr'><strong>moribus,</strong></span> <span class='ocrx_word' id='word_1_157' title='bbox 1140 2123 1217 2194; x_wconf 90' lang='lat' dir='ltr'><strong>quod</strong></span> <span class='ocrx_word' id='word_1_158' title='bbox 1239 2124 1338 2183; x_wconf 84' lang='lat' dir='ltr'><strong>verbis</strong></span> 
     </span>
     <span class='ocr_line' id='line_1_18' title="bbox 150 2217 1340 2296; baseline 0.003 -17"><span class='ocrx_word' id='word_1_159' title='bbox 150 2220 334 2292; x_wconf 71' lang='lat' dir='ltr'><strong>praedicent,</strong></span> <span class='ocrx_word' id='word_1_160' title='bbox 365 2218 495 2277; x_wconf 91' lang='lat' dir='ltr'><strong>moribus</strong></span> <span class='ocrx_word' id='word_1_161' title='bbox 516 2219 701 2291; x_wconf 88' lang='lat' dir='ltr'><strong>impugnant,</strong></span> <span class='ocrx_word' id='word_1_162' title='bbox 735 2219 812 2277; x_wconf 91' lang='lat' dir='ltr'><strong>unde</strong></span> <span class='ocrx_word' id='word_1_163' title='bbox 839 2217 880 2288; x_wconf 85' lang='lat' dir='ltr'><strong>iit,</strong></span> <span class='ocrx_word' id='word_1_164' title='bbox 914 2237 978 2278; x_wconf 92' lang='lat' dir='ltr'><strong>cum</strong></span> <span class='ocrx_word' id='word_1_165' title='bbox 1004 2226 1106 2292; x_wconf 86' lang='lat' dir='ltr'><strong>pastor</strong></span> <span class='ocrx_word' id='word_1_166' title='bbox 1131 2238 1186 2293; x_wconf 91' lang='lat' dir='ltr'><strong>per</strong></span> <span class='ocrx_word' id='word_1_167' title='bbox 1214 2222 1340 2296; x_wconf 86' lang='lat' dir='ltr'><strong>obrupta</strong></span> 
     </span>
     <span class='ocr_line' id='line_1_19' title="bbox 150 2319 1339 2396; baseline 0.003 -18"><span class='ocrx_word' id='word_1_168' title='bbox 150 2320 281 2392; x_wconf 83' lang='lat' dir='ltr'><strong>grnditru</strong></span> <span class='ocrx_word' id='word_1_169' title='bbox 302 2321 340 2378; x_wconf 88' lang='lat' dir='ltr'><strong>ud</strong></span> <span class='ocrx_word' id='word_1_170' title='bbox 362 2319 572 2391; x_wconf 88' lang='lat' dir='ltr'><strong>praecipitium,</strong></span> <span class='ocrx_word' id='word_1_171' title='bbox 598 2334 670 2391; x_wconf 86' lang='lat' dir='ltr'><strong>grex</strong></span> <span class='ocrx_word' id='word_1_172' title='bbox 692 2324 838 2391; x_wconf 88' lang='lat' dir='ltr'><strong>sequatur,</strong></span> <span class='ocrx_word' id='word_1_173' title='bbox 861 2319 929 2391; x_wconf 85' lang='lat' dir='ltr'><strong>quie</strong></span> <span class='ocrx_word' id='word_1_174' title='bbox 950 2335 1014 2378; x_wconf 88' lang='lat' dir='ltr'><strong>oum</strong></span> <span class='ocrx_word' id='word_1_175' title='bbox 1035 2320 1103 2379; x_wconf 85' lang='lat' dir='ltr'><strong>laici</strong></span> <span class='ocrx_word' id='word_1_176' title='bbox 1125 2321 1203 2380; x_wconf 90' lang='lat' dir='ltr'><strong>dieto</strong></span> <span class='ocrx_word' id='word_1_177' title='bbox 1223 2323 1339 2396; x_wconf 88' lang='lat' dir='ltr'><strong>praela·</strong></span> 
     </span>
     <span class='ocr_line' id='line_1_20' title="bbox 151 2417 1339 2496; baseline 0.004 -18"><span class='ocrx_word' id='word_1_178' title='bbox 151 2428 243 2478; x_wconf 91' lang='lat' dir='ltr'><strong>torum</strong></span> <span class='ocrx_word' id='word_1_179' title='bbox 275 2419 473 2492; x_wconf 83' lang='lat' dir='ltr'><strong>cognoverint,</strong></span> <span class='ocrx_word' id='word_1_180' title='bbox 495 2433 549 2490; x_wconf 89' lang='lat' dir='ltr'><strong>per</strong></span> <span class='ocrx_word' id='word_1_181' title='bbox 571 2434 662 2490; x_wconf 86' lang='lat' dir='ltr'><strong>opera</strong></span> <span class='ocrx_word' id='word_1_182' title='bbox 683 2425 898 2490; x_wconf 87' lang='lat' dir='ltr'><strong>pervertuntur.</strong></span> <span class='ocrx_word' id='word_1_183' title='bbox 939 2417 1017 2478; x_wconf 87' lang='lat' dir='ltr'><strong>Hinc</strong></span> <span class='ocrx_word' id='word_1_184' title='bbox 1039 2420 1176 2480; x_wconf 90' lang='lat' dir='ltr'><strong>scribitur</strong></span> <span class='ocrx_word' id='word_1_185' title='bbox 1196 2437 1251 2493; x_wconf 90' lang='lat' dir='ltr'><strong>per</strong></span> <span class='ocrx_word' id='word_1_186' title='bbox 1270 2440 1339 2496; x_wconf 92' lang='lat' dir='ltr'><strong>pro·</strong></span> 
     </span>
     <span class='ocr_line' id='line_1_21' title="bbox 151 2518 1341 2593; baseline 0.003 -14"><span class='ocrx_word' id='word_1_187' title='bbox 151 2520 285 2592; x_wconf 82' lang='lat' dir='ltr'><strong>phetam:</strong></span> <span class='ocrx_word' id='word_1_188' title='bbox 308 2534 397 2577; x_wconf 86' lang='lat' dir='ltr'><strong>causo</strong></span> <span class='ocrx_word' id='word_1_189' title='bbox 417 2519 519 2576; x_wconf 90' lang='lat' dir='ltr'><strong>ruinae</strong></span> <span class='ocrx_word' id='word_1_190' title='bbox 549 2518 650 2590; x_wconf 86' lang='lat' dir='ltr'><strong>populi</strong></span> <span class='ocrx_word' id='word_1_191' title='bbox 673 2524 739 2577; x_wconf 88' lang='lat' dir='ltr'><strong>sunt</strong></span> <span class='ocrx_word' id='word_1_192' title='bbox 767 2519 936 2577; x_wconf 88' lang='lat' dir='ltr'><strong>sacerdotes</strong></span> <span class='ocrx_word' id='word_1_193' title='bbox 958 2519 1039 2589; x_wconf 85' lang='lat' dir='ltr'><strong>nroli,</strong></span> <span class='ocrx_word' id='word_1_194' title='bbox 1072 2520 1109 2578; x_wconf 90' lang='lat' dir='ltr'><strong>de</strong></span> <span class='ocrx_word' id='word_1_195' title='bbox 1138 2521 1241 2593; x_wconf 91' lang='lat' dir='ltr'><strong>quibus</strong></span> <span class='ocrx_word' id='word_1_196' title='bbox 1269 2524 1341 2583; x_wconf 90' lang='lat' dir='ltr'><strong>dicit</strong></span> 
     </span>
     <span class='ocr_line' id='line_1_22' title="bbox 150 2618 1339 2691; baseline 0.003 -12"><span class='ocrx_word' id='word_1_197' title='bbox 150 2620 359 2690; x_wconf 90' lang='lat' dir='ltr'><strong>dominusper</strong></span> <span class='ocrx_word' id='word_1_198' title='bbox 389 2619 577 2691; x_wconf 87' lang='lat' dir='ltr'><strong>prophetam:</strong></span> <span class='ocrx_word' id='word_1_199' title='bbox 611 2619 694 2677; x_wconf 90' lang='lat' dir='ltr'><strong>Facti</strong></span> <span class='ocrx_word' id='word_1_200' title='bbox 723 2624 790 2677; x_wconf 89' lang='lat' dir='ltr'><strong>suut</strong></span> <span class='ocrx_word' id='word_1_201' title='bbox 817 2618 914 2676; x_wconf 91' lang='lat' dir='ltr'><strong>doruui</strong></span> <span class='ocrx_word' id='word_1_202' title='bbox 946 2619 1040 2677; x_wconf 78' lang='lat' dir='ltr'><strong>Israel</strong></span> <span class='ocrx_word' id='word_1_203' title='bbox 1070 2620 1101 2678; x_wconf 93' lang='lat' dir='ltr'><strong>in</strong></span> <span class='ocrx_word' id='word_1_204' title='bbox 1134 2618 1339 2682; x_wconf 77' lang='lat' dir='ltr'><strong>offendiculum</strong></span> 
     </span>
     <span class='ocr_line' id='line_1_23' title="bbox 149 2718 1339 2793; baseline 0.003 -15"><span class='ocrx_word' id='word_1_205' title='bbox 149 2719 324 2793; x_wconf 82' lang='lat' dir='ltr'><strong>iniquitatis3</strong></span> <span class='ocrx_word' id='word_1_206' title='bbox 345 2734 430 2776; x_wconf 92' lang='lat' dir='ltr'><strong>nemo</strong></span> <span class='ocrx_word' id='word_1_207' title='bbox 452 2719 559 2790; x_wconf 91' lang='lat' dir='ltr'><strong>quippe</strong></span> <span class='ocrx_word' id='word_1_208' title='bbox 580 2719 610 2777; x_wconf 89' lang='lat' dir='ltr'><strong>in</strong></span> <span class='ocrx_word' id='word_1_209' title='bbox 633 2719 759 2778; x_wconf 87' lang='lat' dir='ltr'><strong>ecclesio</strong></span> <span class='ocrx_word' id='word_1_210' title='bbox 780 2718 903 2790; x_wconf 88' lang='lat' dir='ltr'><strong>amplius</strong></span> <span class='ocrx_word' id='word_1_211' title='bbox 918 2724 1013 2793; x_wconf 83' lang='lat' dir='ltr'><strong>nocet,</strong></span> <span class='ocrx_word' id='word_1_212' title='bbox 1036 2736 1121 2792; x_wconf 91' lang='lat' dir='ltr'><strong>quam</strong></span> <span class='ocrx_word' id='word_1_213' title='bbox 1136 2721 1184 2792; x_wconf 92' lang='lat' dir='ltr'><strong>qui</strong></span> <span class='ocrx_word' id='word_1_214' title='bbox 1199 2737 1339 2792; x_wconf 89' lang='lat' dir='ltr'><strong>perverse</strong></span> 
     </span>
     <span class='ocr_line' id='line_1_24' title="bbox 151 2818 1339 2895; baseline 0.003 -16"><span class='ocrx_word' id='word_1_215' title='bbox 151 2837 237 2894; x_wconf 83' lang='lat' dir='ltr'><strong>agens</strong></span> <span class='ocrx_word' id='word_1_216' title='bbox 267 2818 359 2878; x_wconf 85' lang='lat' dir='ltr'><strong>habet</strong></span> <span class='ocrx_word' id='word_1_217' title='bbox 385 2834 492 2877; x_wconf 88' lang='lat' dir='ltr'><strong>nomen</strong></span> <span class='ocrx_word' id='word_1_218' title='bbox 523 2819 570 2877; x_wconf 82' lang='lat' dir='ltr'><strong>sol</strong></span> <span class='ocrx_word' id='word_1_219' title='bbox 603 2820 735 2878; x_wconf 88' lang='lat' dir='ltr'><strong>ordinem</strong></span> <span class='ocrx_word' id='word_1_220' title='bbox 758 2819 931 2891; x_wconf 55' lang='lat' dir='ltr'><strong>sanctitutis</strong></span> <span class='ocrx_word' id='word_1_221' title='bbox 966 2819 1186 2891; x_wconf 87' lang='lat' dir='ltr'><strong>delinquentem</strong></span> <span class='ocrx_word' id='word_1_222' title='bbox 1214 2838 1339 2895; x_wconf 87' lang='lat' dir='ltr'><strong>namque</strong></span> 
     </span>
     <span class='ocr_line' id='line_1_25' title="bbox 150 2917 1340 2992; baseline -0.001 -12"><span class='ocrx_word' id='word_1_223' title='bbox 150 2921 223 2980; x_wconf 91' lang='lat' dir='ltr'><strong>bunc</strong></span> <span class='ocrx_word' id='word_1_224' title='bbox 245 2920 423 2992; x_wconf 88' lang='lat' dir='ltr'><strong>redarguere</strong></span> <span class='ocrx_word' id='word_1_225' title='bbox 445 2920 541 2978; x_wconf 90' lang='lat' dir='ltr'><strong>nullus</strong></span> <span class='ocrx_word' id='word_1_226' title='bbox 563 2919 661 2988; x_wconf 86' lang='lat' dir='ltr'><strong>audet,</strong></span> <span class='ocrx_word' id='word_1_227' title='bbox 684 2920 764 2977; x_wconf 91' lang='lat' dir='ltr'><strong>etin</strong></span> <span class='ocrx_word' id='word_1_228' title='bbox 787 2918 950 2990; x_wconf 82' lang='lat' dir='ltr'><strong>exemplum</strong></span> <span class='ocrx_word' id='word_1_229' title='bbox 972 2918 1058 2989; x_wconf 86' lang='lat' dir='ltr'><strong>culpa</strong></span> <span class='ocrx_word' id='word_1_230' title='bbox 1080 2917 1269 2979; x_wconf 77' lang='lat' dir='ltr'><strong>vehementer</strong></span> <span class='ocrx_word' id='word_1_231' title='bbox 1290 2938 1340 2979; x_wconf 88' lang='lat' dir='ltr'><strong>ex-</strong></span> 
     </span>
     <span class='ocr_line' id='line_1_26' title="bbox 149 3017 1339 3093; baseline 0.001 -14"><span class='ocrx_word' id='word_1_232' title='bbox 149 3021 290 3090; x_wconf 87' lang='lat' dir='ltr'><strong>tenditur,</strong></span> <span class='ocrx_word' id='word_1_233' title='bbox 326 3020 441 3093; x_wconf 89' lang='lat' dir='ltr'><strong>quando</strong></span> <span class='ocrx_word' id='word_1_234' title='bbox 463 3025 601 3091; x_wconf 80' lang='lat' dir='ltr'><strong>peccator</strong></span> <span class='ocrx_word' id='word_1_235' title='bbox 627 3033 681 3091; x_wconf 91' lang='lat' dir='ltr'><strong>pro</strong></span> <span class='ocrx_word' id='word_1_236' title='bbox 714 3018 880 3076; x_wconf 90' lang='lat' dir='ltr'><strong>reverentia</strong></span> <span class='ocrx_word' id='word_1_237' title='bbox 913 3017 1023 3076; x_wconf 91' lang='lat' dir='ltr'><strong>ordinis</strong></span> <span class='ocrx_word' id='word_1_238' title='bbox 1045 3017 1214 3076; x_wconf 85' lang='lat' dir='ltr'><strong>honoratur.</strong></span> <span class='ocrx_word' id='word_1_239' title='bbox 1256 3020 1339 3080; x_wconf 87' lang='lat' dir='ltr'><strong>Haec</strong></span> 
     </span>
     <span class='ocr_line' id='line_1_27' title="bbox 151 3117 1338 3194; baseline 0 -15"><span class='ocrx_word' id='word_1_240' title='bbox 151 3121 309 3194; x_wconf 86' lang='lat' dir='ltr'><strong>Gregorius</strong></span> <span class='ocrx_word' id='word_1_241' title='bbox 324 3121 355 3177; x_wconf 93' lang='lat' dir='ltr'><strong>in</strong></span> <span class='ocrx_word' id='word_1_242' title='bbox 370 3118 512 3191; x_wconf 86' lang='lat' dir='ltr'><strong>pastorali</strong></span> <span class='ocrx_word' id='word_1_243' title='bbox 527 3120 601 3177; x_wconf 89' lang='lat' dir='ltr'><strong>etin</strong></span> <span class='ocrx_word' id='word_1_244' title='bbox 622 3118 790 3186; x_wconf 88' lang='lat' dir='ltr'><strong>moralibus,</strong></span> <span class='ocrx_word' id='word_1_245' title='bbox 812 3118 934 3190; x_wconf 92' lang='lat' dir='ltr'><strong>loquens</strong></span> <span class='ocrx_word' id='word_1_246' title='bbox 957 3117 993 3175; x_wconf 92' lang='lat' dir='ltr'><strong>de</strong></span> <span class='ocrx_word' id='word_1_247' title='bbox 1009 3117 1179 3186; x_wconf 92' lang='lat' dir='ltr'><strong>Bchemotb,</strong></span> <span class='ocrx_word' id='word_1_248' title='bbox 1202 3120 1338 3191; x_wconf 89' lang='lat' dir='ltr'><strong>ostendit,</strong></span> 
     </span>
     <span class='ocr_line' id='line_1_28' title="bbox 150 3217 1334 3294; baseline 0 -15"><span class='ocrx_word' id='word_1_249' title='bbox 150 3221 291 3294; x_wconf 91' lang='lat' dir='ltr'><strong>quomodo</strong></span> <span class='ocrx_word' id='word_1_250' title='bbox 313 3219 509 3278; x_wconf 86' lang='lat' dir='ltr'><strong>Antichristus</strong></span> <span class='ocrx_word' id='word_1_251' title='bbox 532 3218 622 3277; x_wconf 87' lang='lat' dir='ltr'><strong>habet</strong></span> <span class='ocrx_word' id='word_1_252' title='bbox 642 3218 757 3287; x_wconf 90' lang='lat' dir='ltr'><strong>multos,</strong></span> <span class='ocrx_word' id='word_1_253' title='bbox 780 3217 828 3291; x_wconf 93' lang='lat' dir='ltr'><strong>qui</strong></span> <span class='ocrx_word' id='word_1_254' title='bbox 851 3217 908 3275; x_wconf 91' lang='lat' dir='ltr'><strong>sibi</strong></span> <span class='ocrx_word' id='word_1_255' title='bbox 929 3217 1004 3275; x_wconf 83' lang='lat' dir='ltr'><strong>vium</strong></span> <span class='ocrx_word' id='word_1_256' title='bbox 1026 3224 1205 3289; x_wconf 82' lang='lat' dir='ltr'><strong>praeparant</strong></span> <span class='ocrx_word' id='word_1_257' title='bbox 1225 3224 1256 3276; x_wconf 93' lang='lat' dir='ltr'><strong>et</strong></span> <span class='ocrx_word' id='word_1_258' title='bbox 1270 3220 1334 3291; x_wconf 85' lang='lat' dir='ltr'><strong>ejus</strong></span> 
     </span>
     <span class='ocr_line' id='line_1_29' title="bbox 150 3321 473 3392; baseline 0.003 -14"><span class='ocrx_word' id='word_1_259' title='bbox 150 3321 286 3379; x_wconf 87' lang='lat' dir='ltr'><strong>malitiam</strong></span> <span class='ocrx_word' id='word_1_260' title='bbox 308 3327 473 3392; x_wconf 89' lang='lat' dir='ltr'><strong>protegunt.</strong></span> 
     </span>
    </p>

    <p class='ocr_par' dir='ltr' id='par_1_4' title="bbox 150 3415 1339 3697">
     <span class='ocr_line' id='line_1_30' title="bbox 248 3415 1339 3494; baseline -0.002 -16"><span class='ocrx_word' id='word_1_261' title='bbox 248 3423 296 3480; x_wconf 88' lang='lat'><strong>35.</strong></span> <span class='ocrx_word' id='word_1_262' title='bbox 322 3419 414 3494; x_wconf 86' lang='lat' dir='ltr'><strong>,Item</strong></span> <span class='ocrx_word' id='word_1_263' title='bbox 434 3420 512 3493; x_wconf 84' lang='lat' dir='ltr'><strong>quod</strong></span> <span class='ocrx_word' id='word_1_264' title='bbox 531 3419 720 3492; x_wconf 74' lang='lat' dir='ltr'><strong>suprodictae</strong></span> <span class='ocrx_word' id='word_1_265' title='bbox 739 3417 872 3477; x_wconf 83' lang='lat' dir='ltr'><strong>Joonnes</strong></span> <span class='ocrx_word' id='word_1_266' title='bbox 892 3417 960 3476; x_wconf 78' lang='lat' dir='ltr'><strong>Hos</strong></span> <span class='ocrx_word' id='word_1_267' title='bbox 979 3415 1200 3490; x_wconf 77' lang='lat' dir='ltr'><strong>suprascriptas</strong></span> <span class='ocrx_word' id='word_1_268' title='bbox 1220 3418 1339 3476; x_wconf 82' lang='lat' dir='ltr'><strong>conclu·</strong></span> 
     </span>
     <span class='ocr_line' id='line_1_31' title="bbox 150 3516 1338 3593; baseline 0.001 -18"><span class='ocrx_word' id='word_1_269' title='bbox 150 3521 244 3580; x_wconf 81' lang='lat' dir='ltr'><strong>aiones</strong></span> <span class='ocrx_word' id='word_1_270' title='bbox 257 3523 285 3579; x_wconf 87' lang='lat' dir='ltr'><strong>et</strong></span> <span class='ocrx_word' id='word_1_271' title='bbox 297 3520 516 3593; x_wconf 83' lang='lat' dir='ltr'><strong>proposit-iones</strong></span> <span class='ocrx_word' id='word_1_272' title='bbox 537 3519 663 3577; x_wconf 82' lang='lat' dir='ltr'><strong>asseruit</strong></span> <span class='ocrx_word' id='word_1_273' title='bbox 683 3522 711 3576; x_wconf 86' lang='lat' dir='ltr'><strong>et</strong></span> <span class='ocrx_word' id='word_1_274' title='bbox 731 3519 839 3576; x_wconf 62' lang='lat' dir='ltr'><strong>oseem</strong></span> <span class='ocrx_word' id='word_1_275' title='bbox 857 3534 917 3576; x_wconf 81' lang='lat' dir='ltr'><strong>esec</strong></span> <span class='ocrx_word' id='word_1_276' title='bbox 938 3534 1031 3588; x_wconf 75' lang='lat' dir='ltr'><strong>veras</strong></span> <span class='ocrx_word' id='word_1_277' title='bbox 1052 3517 1191 3592; x_wconf 80' lang='lat' dir='ltr'><strong>ipsosque</strong></span> <span class='ocrx_word' id='word_1_278' title='bbox 1199 3516 1338 3588; x_wconf 80' lang='lat' dir='ltr'><strong>publica·</strong></span> 
     </span>
     <span class='ocr_line' id='line_1_32' title="bbox 151 3617 1215 3697; baseline -0.001 -21"><span class='ocrx_word' id='word_1_279' title='bbox 151 3621 189 3678; x_wconf 83' lang='lat' dir='ltr'><strong>rit</strong></span> <span class='ocrx_word' id='word_1_280' title='bbox 210 3624 238 3679; x_wconf 90' lang='lat' dir='ltr'><strong>ct</strong></span> <span class='ocrx_word' id='word_1_281' title='bbox 253 3621 400 3697; x_wconf 79' lang='lat' dir='ltr'><strong>publicat,</strong></span> <span class='ocrx_word' id='word_1_282' title='bbox 422 3617 638 3692; x_wconf 80' lang='lat' dir='ltr'><strong>depuratiouuit</strong></span> <span class='ocrx_word' id='word_1_283' title='bbox 658 3621 685 3676; x_wconf 87' lang='lat' dir='ltr'><strong>et</strong></span> <span class='ocrx_word' id='word_1_284' title='bbox 706 3619 883 3691; x_wconf 81' lang='lat' dir='ltr'><strong>dognsetisot</strong></span> <span class='ocrx_word' id='word_1_285' title='bbox 897 3619 1004 3688; x_wconf 77' lang='lat' dir='ltr'><strong>polum</strong></span> <span class='ocrx_word' id='word_1_286' title='bbox 1025 3621 1052 3676; x_wconf 84' lang='lat' dir='ltr'><strong>et</strong></span> <span class='ocrx_word' id='word_1_287' title='bbox 1066 3619 1215 3690; x_wconf 79' lang='lat' dir='ltr'><strong>publiec.“</strong></span> 
     </span>
    </p>

    <p class='ocr_par' dir='ltr' id='par_1_5' title="bbox 150 3719 1340 4694">
     <span class='ocr_line' id='line_1_33' title="bbox 246 3719 1339 3791; baseline -0.003 -12"><span class='ocrx_word' id='word_1_288' title='bbox 246 3721 294 3779; x_wconf 94' lang='lat' dir='ltr'><strong>Ad</strong></span> <span class='ocrx_word' id='word_1_289' title='bbox 315 3720 403 3778; x_wconf 89' lang='lat' dir='ltr'><strong>istum</strong></span> <span class='ocrx_word' id='word_1_290' title='bbox 426 3719 577 3777; x_wconf 86' lang='lat' dir='ltr'><strong>articulum</strong></span> <span class='ocrx_word' id='word_1_291' title='bbox 600 3725 682 3789; x_wconf 89' lang='lat' dir='ltr'><strong>patet</strong></span> <span class='ocrx_word' id='word_1_292' title='bbox 707 3719 863 3790; x_wconf 89' lang='lat' dir='ltr'><strong>responsio</strong></span> <span class='ocrx_word' id='word_1_293' title='bbox 890 3734 926 3776; x_wconf 86' lang='lat' dir='ltr'><strong>ex</strong></span> <span class='ocrx_word' id='word_1_294' title='bbox 944 3720 1005 3791; x_wconf 87' lang='lat' dir='ltr'><strong>jam</strong></span> <span class='ocrx_word' id='word_1_295' title='bbox 1028 3719 1144 3789; x_wconf 91' lang='lat' dir='ltr'><strong>scriptis</strong></span> <span class='ocrx_word' id='word_1_296' title='bbox 1167 3721 1339 3789; x_wconf 89' lang='lat' dir='ltr'><strong>responsio·</strong></span> 
     </span>
     <span class='ocr_line' id='line_1_34' title="bbox 150 3818 1338 3892; baseline -0.002 -13"><span class='ocrx_word' id='word_1_297' title='bbox 150 3821 248 3892; x_wconf 90' lang='lat' dir='ltr'><strong>nibus;</strong></span> <span class='ocrx_word' id='word_1_298' title='bbox 269 3837 336 3879; x_wconf 85' lang='lat' dir='ltr'><strong>nem</strong></span> <span class='ocrx_word' id='word_1_299' title='bbox 358 3819 471 3891; x_wconf 81' lang='lat' dir='ltr'><strong>aliquas</strong></span> <span class='ocrx_word' id='word_1_300' title='bbox 495 3819 713 3891; x_wconf 88' lang='lat' dir='ltr'><strong>propositiones</strong></span> <span class='ocrx_word' id='word_1_301' title='bbox 736 3835 772 3876; x_wconf 85' lang='lat' dir='ltr'><strong>er</strong></span> <span class='ocrx_word' id='word_1_302' title='bbox 793 3818 854 3877; x_wconf 89' lang='lat' dir='ltr'><strong>illis</strong></span> <span class='ocrx_word' id='word_1_303' title='bbox 876 3818 982 3890; x_wconf 89' lang='lat' dir='ltr'><strong>scripsi</strong></span> <span class='ocrx_word' id='word_1_304' title='bbox 1005 3825 1035 3876; x_wconf 94' lang='lat' dir='ltr'><strong>et</strong></span> <span class='ocrx_word' id='word_1_305' title='bbox 1049 3818 1195 3890; x_wconf 82' lang='lat' dir='ltr'><strong>publicari</strong></span> <span class='ocrx_word' id='word_1_306' title='bbox 1210 3825 1240 3877; x_wconf 91' lang='lat' dir='ltr'><strong>et</strong></span> <span class='ocrx_word' id='word_1_307' title='bbox 1254 3835 1338 3877; x_wconf 82' lang='lat' dir='ltr'><strong>veras</strong></span> 
     </span>
     <span class='ocr_line' id='line_1_35' title="bbox 152 3916 1338 3991; baseline -0.002 -14"><span class='ocrx_word' id='word_1_308' title='bbox 152 3936 216 3979; x_wconf 87' lang='lat' dir='ltr'><strong>esse</strong></span> <span class='ocrx_word' id='word_1_309' title='bbox 228 3919 297 3989; x_wconf 80' lang='lat' dir='ltr'><strong>dixi,</strong></span> <span class='ocrx_word' id='word_1_310' title='bbox 320 3919 433 3991; x_wconf 85' lang='lat' dir='ltr'><strong>aliquas</strong></span> <span class='ocrx_word' id='word_1_311' title='bbox 454 3925 550 3977; x_wconf 87' lang='lat' dir='ltr'><strong>autem</strong></span> <span class='ocrx_word' id='word_1_312' title='bbox 571 3919 706 3977; x_wconf 91' lang='lat' dir='ltr'><strong>inimicus</strong></span> <span class='ocrx_word' id='word_1_313' title='bbox 722 3919 808 3977; x_wconf 90' lang='lat' dir='ltr'><strong>horuo</strong></span> <span class='ocrx_word' id='word_1_314' title='bbox 825 3916 972 3987; x_wconf 80' lang='lat' dir='ltr'><strong>confinxit,</strong></span> <span class='ocrx_word' id='word_1_315' title='bbox 991 3934 1067 3976; x_wconf 89' lang='lat' dir='ltr'><strong>nunc</strong></span> <span class='ocrx_word' id='word_1_316' title='bbox 1081 3918 1216 3976; x_wconf 89' lang='lat' dir='ltr'><strong>addendo</strong></span> <span class='ocrx_word' id='word_1_317' title='bbox 1232 3918 1338 3990; x_wconf 86' lang='lat' dir='ltr'><strong>aliqua,</strong></span> 
     </span>
     <span class='ocr_line' id='line_1_36' title="bbox 152 4019 1339 4093; baseline -0.005 -13"><span class='ocrx_word' id='word_1_318' title='bbox 152 4039 224 4080; x_wconf 92' lang='lat' dir='ltr'><strong>nunc</strong></span> <span class='ocrx_word' id='word_1_319' title='bbox 246 4020 447 4093; x_wconf 86' lang='lat' dir='ltr'><strong>subtrahendo</strong></span> <span class='ocrx_word' id='word_1_320' title='bbox 460 4025 501 4078; x_wconf 89' lang='lat' dir='ltr'><strong>&#39;ct</strong></span> <span class='ocrx_word' id='word_1_321' title='bbox 520 4037 597 4079; x_wconf 94' lang='lat' dir='ltr'><strong>nunc</strong></span> <span class='ocrx_word' id='word_1_322' title='bbox 617 4020 759 4093; x_wconf 88' lang='lat' dir='ltr'><strong>integram</strong></span> <span class='ocrx_word' id='word_1_323' title='bbox 782 4019 1021 4091; x_wconf 88' lang='lat' dir='ltr'><strong>propositionem,</strong></span> <span class='ocrx_word' id='word_1_324' title='bbox 1045 4033 1118 4090; x_wconf 90' lang='lat' dir='ltr'><strong>quae</strong></span> <span class='ocrx_word' id='word_1_325' title='bbox 1141 4035 1198 4076; x_wconf 92' lang='lat' dir='ltr'><strong>non</strong></span> <span class='ocrx_word' id='word_1_326' title='bbox 1221 4019 1339 4089; x_wconf 89' lang='lat' dir='ltr'><strong>ponitur</strong></span> 
     </span>
     <span class='ocr_line' id='line_1_37' title="bbox 152 4117 1338 4191; baseline -0.003 -13"><span class='ocrx_word' id='word_1_327' title='bbox 152 4121 178 4178; x_wconf 95' lang='lat' dir='ltr'><strong>in</strong></span> <span class='ocrx_word' id='word_1_328' title='bbox 191 4122 276 4191; x_wconf 93' lang='lat' dir='ltr'><strong>libro,</strong></span> <span class='ocrx_word' id='word_1_329' title='bbox 298 4120 373 4179; x_wconf 81' lang='lat' dir='ltr'><strong>false</strong></span> <span class='ocrx_word' id='word_1_330' title='bbox 388 4120 581 4188; x_wconf 87' lang='lat' dir='ltr'><strong>ascribendo;</strong></span> <span class='ocrx_word' id='word_1_331' title='bbox 601 4121 676 4178; x_wconf 89' lang='lat' dir='ltr'><strong>unde</strong></span> <span class='ocrx_word' id='word_1_332' title='bbox 694 4126 842 4191; x_wconf 85' lang='lat' dir='ltr'><strong>comporta</strong></span> <span class='ocrx_word' id='word_1_333' title='bbox 855 4119 959 4177; x_wconf 89' lang='lat' dir='ltr'><strong>dolosa</strong></span> <span class='ocrx_word' id='word_1_334' title='bbox 973 4117 1134 4190; x_wconf 90' lang='lat' dir='ltr'><strong>aliquorum</strong></span> <span class='ocrx_word' id='word_1_335' title='bbox 1149 4117 1338 4176; x_wconf 85' lang='lat' dir='ltr'><strong>articulorum</strong></span> 
     </span>
     <span class='ocr_line' id='line_1_38' title="bbox 154 4216 1340 4297; baseline -0.002 -20"><span class='ocrx_word' id='word_1_336' title='bbox 154 4219 330 4297; x_wconf 76' lang='lat' dir='ltr'><strong>confictione,</strong></span> <span class='ocrx_word' id='word_1_337' title='bbox 354 4220 471 4280; x_wconf 91' lang='lat' dir='ltr'><strong>ostendi</strong></span> <span class='ocrx_word' id='word_1_338' title='bbox 484 4220 609 4279; x_wconf 90' lang='lat' dir='ltr'><strong>dominis</strong></span> <span class='ocrx_word' id='word_1_339' title='bbox 632 4220 839 4280; x_wconf 82' lang='lat' dir='ltr'><strong>commissoriis</strong></span> <span class='ocrx_word' id='word_1_340' title='bbox 862 4217 1028 4290; x_wconf 91' lang='lat' dir='ltr'><strong>oppositum</strong></span> <span class='ocrx_word' id='word_1_341' title='bbox 1049 4216 1080 4274; x_wconf 91' lang='lat' dir='ltr'><strong>iu</strong></span> <span class='ocrx_word' id='word_1_342' title='bbox 1101 4216 1178 4274; x_wconf 88' lang='lat' dir='ltr'><strong>libro</strong></span> <span class='ocrx_word' id='word_1_343' title='bbox 1200 4217 1269 4274; x_wconf 90' lang='lat' dir='ltr'><strong>mihi</strong></span> <span class='ocrx_word' id='word_1_344' title='bbox 1285 4232 1340 4288; x_wconf 87' lang='lat' dir='ltr'><strong>per</strong></span> 
     </span>
     <span class='ocr_line' id='line_1_39' title="bbox 155 4314 1339 4393; baseline -0.001 -17"><span class='ocrx_word' id='word_1_345' title='bbox 155 4334 201 4378; x_wconf 90' lang='lat' dir='ltr'><strong>eos</strong></span> <span class='ocrx_word' id='word_1_346' title='bbox 222 4322 374 4392; x_wconf 86' lang='lat' dir='ltr'><strong>praestito,</strong></span> <span class='ocrx_word' id='word_1_347' title='bbox 403 4321 452 4393; x_wconf 93' lang='lat' dir='ltr'><strong>qui</strong></span> <span class='ocrx_word' id='word_1_348' title='bbox 473 4320 623 4378; x_wconf 86' lang='lat' dir='ltr'><strong>dixerunt:</strong></span> <span class='ocrx_word' id='word_1_349' title='bbox 655 4320 770 4378; x_wconf 89' lang='lat' dir='ltr'><strong>Inimici</strong></span> <span class='ocrx_word' id='word_1_350' title='bbox 802 4319 844 4377; x_wconf 90' lang='lat' dir='ltr'><strong>tui</strong></span> <span class='ocrx_word' id='word_1_351' title='bbox 864 4317 1006 4377; x_wconf 87' lang='lat' dir='ltr'><strong>fecerunt.</strong></span> <span class='ocrx_word' id='word_1_352' title='bbox 1050 4314 1130 4387; x_wconf 86' lang='lat' dir='ltr'><strong>Quos</strong></span> <span class='ocrx_word' id='word_1_353' title='bbox 1152 4331 1208 4388; x_wconf 93' lang='lat' dir='ltr'><strong>ego</strong></span> <span class='ocrx_word' id='word_1_354' title='bbox 1230 4315 1339 4375; x_wconf 87' lang='lat' dir='ltr'><strong>ibidem</strong></span> 
     </span>
     <span class='ocr_line' id='line_1_40' title="bbox 156 4415 1338 4492; baseline 0 -17"><span class='ocrx_word' id='word_1_355' title='bbox 156 4420 246 4478; x_wconf 77' lang='lat' dir='ltr'><strong>entim</strong></span> <span class='ocrx_word' id='word_1_356' title='bbox 267 4420 357 4492; x_wconf 83' lang='lat' dir='ltr'><strong>petivi</strong></span> <span class='ocrx_word' id='word_1_357' title='bbox 379 4435 477 4479; x_wconf 86' lang='lat' dir='ltr'><strong>coram</strong></span> <span class='ocrx_word' id='word_1_358' title='bbox 498 4421 614 4478; x_wconf 86' lang='lat' dir='ltr'><strong>notario</strong></span> <span class='ocrx_word' id='word_1_359' title='bbox 637 4426 668 4479; x_wconf 89' lang='lat' dir='ltr'><strong>et</strong></span> <span class='ocrx_word' id='word_1_360' title='bbox 687 4419 836 4492; x_wconf 85' lang='lat' dir='ltr'><strong>requisivi,</strong></span> <span class='ocrx_word' id='word_1_361' title='bbox 858 4418 936 4491; x_wconf 91' lang='lat' dir='ltr'><strong>quod</strong></span> <span class='ocrx_word' id='word_1_362' title='bbox 956 4416 1025 4474; x_wconf 91' lang='lat' dir='ltr'><strong>illos</strong></span> <span class='ocrx_word' id='word_1_363' title='bbox 1046 4430 1128 4474; x_wconf 90' lang='lat' dir='ltr'><strong>meos</strong></span> <span class='ocrx_word' id='word_1_364' title='bbox 1150 4415 1338 4475; x_wconf 83' lang='lat' dir='ltr'><strong>adversarios</strong></span> 
     </span>
     <span class='ocr_line' id='line_1_41' title="bbox 158 4513 1339 4594; baseline -0.004 -15"><span class='ocrx_word' id='word_1_365' title='bbox 158 4525 262 4588; x_wconf 74' lang='lat' dir='ltr'><strong>ouum</strong></span> <span class='ocrx_word' id='word_1_366' title='bbox 273 4526 418 4593; x_wconf 89' lang='lat' dir='ltr'><strong>ponerent</strong></span> <span class='ocrx_word' id='word_1_367' title='bbox 429 4526 459 4578; x_wconf 90' lang='lat' dir='ltr'><strong>et</strong></span> <span class='ocrx_word' id='word_1_368' title='bbox 469 4521 608 4594; x_wconf 88' lang='lat' dir='ltr'><strong>punirent</strong></span> <span class='ocrx_word' id='word_1_369' title='bbox 628 4519 665 4578; x_wconf 91' lang='lat' dir='ltr'><strong>de</strong></span> <span class='ocrx_word' id='word_1_370' title='bbox 686 4518 762 4577; x_wconf 84' lang='lat' dir='ltr'><strong>falso</strong></span> <span class='ocrx_word' id='word_1_371' title='bbox 777 4516 949 4579; x_wconf 85' lang='lat' dir='ltr'><strong>confictione</strong></span> <span class='ocrx_word' id='word_1_372' title='bbox 961 4513 1148 4574; x_wconf 79' lang='lat' dir='ltr'><strong>articulorum</strong></span> <span class='ocrx_word' id='word_1_373' title='bbox 1163 4522 1194 4573; x_wconf 88' lang='lat' dir='ltr'><strong>et</strong></span> <span class='ocrx_word' id='word_1_374' title='bbox 1207 4531 1339 4574; x_wconf 90' lang='lat' dir='ltr'><strong>errorum</strong></span> 
     </span>
     <span class='ocr_line' id='line_1_42' title="bbox 160 4616 1338 4694; baseline -0.003 -18"><span class='ocrx_word' id='word_1_375' title='bbox 160 4617 344 4694; x_wconf 88' lang='lat' dir='ltr'><strong>impositione,</strong></span> <span class='ocrx_word' id='word_1_376' title='bbox 367 4637 440 4694; x_wconf 90' lang='lat' dir='ltr'><strong>quos</strong></span> <span class='ocrx_word' id='word_1_377' title='bbox 462 4621 532 4682; x_wconf 89' lang='lat' dir='ltr'><strong>mibi</strong></span> <span class='ocrx_word' id='word_1_378' title='bbox 555 4626 585 4682; x_wconf 90' lang='lat' dir='ltr'><strong>et</strong></span> <span class='ocrx_word' id='word_1_379' title='bbox 604 4634 670 4681; x_wconf 90' lang='lat' dir='ltr'><strong>meo</strong></span> <span class='ocrx_word' id='word_1_380' title='bbox 692 4620 794 4681; x_wconf 89' lang='lat' dir='ltr'><strong>libello</strong></span> <span class='ocrx_word' id='word_1_381' title='bbox 816 4619 890 4680; x_wconf 84' lang='lat' dir='ltr'><strong>false</strong></span> <span class='ocrx_word' id='word_1_382' title='bbox 904 4618 1105 4691; x_wconf 89' lang='lat' dir='ltr'><strong>imposuerunt</strong></span> <span class='ocrx_word' id='word_1_383' title='bbox 1128 4620 1158 4675; x_wconf 91' lang='lat' dir='ltr'><strong>et</strong></span> <span class='ocrx_word' id='word_1_384' title='bbox 1176 4616 1338 4688; x_wconf 85' lang='lat' dir='ltr'><strong>imponunt.</strong></span> 
     </span>
    </p>
   </div>
   <div class='ocr_carea' id='block_1_3' title="bbox 0 0 1507 5258">
    <p class='ocr_par' dir='ltr' id='par_1_6' title="bbox 0 0 1507 5258">
     <span class='ocr_line' id='line_1_43' title="bbox 0 0 1507 5258; baseline 0 0"><span class='ocrx_word' id='word_1_385' title='bbox 0 0 1507 5258; x_wconf 95' lang='lat' dir='ltr'><strong> </strong></span> 
     </span>
    </p>
   </div>
  </div>
 </body>
</html>
