2992 5258
208 396 271 469 200
445 398 640 456 decusationes
657 401 696 456 Μ.
713 393 739 455 J.
758 392 817 456 llas
835 399 948 470 ejusque
966 412 1104 471 responsa.
1138 398 1164 457 8.
1198 448 1201 453 .

189 682 192 689 ,
208 592 284 668 tatis
299 588 439 682 castelli,
455 619 514 684 por
533 609 682 669 sanctum
693 603 725 667 in
743 602 871 668 cbmsto
885 608 1009 685 patrem
1024 609 1058 669 et
1073 600 1233 669 dominum
1246 608 1403 682 nostrum,

122 736 135 759 .
209 701 247 766 D.
268 703 424 768 Ioannem
444 720 559 784 papam
580 703 688 768 XXIII
709 721 806 786 super
827 703 1038 786 infrascriptis
1060 705 1283 770 commissaliis
1298 703 1407 786 speci·

208 801 303 866 aliter
337 801 515 885 deputatis,
550 803 667 868 dantur
698 809 731 869 et
757 803 978 885 producuntur
1000 805 1203 888 infrascripta
1223 811 1338 871 contra
1357 804 1405 869 Μ.

208 901 365 966 Ioannem
387 903 466 983 Hus,
488 903 710 985 presbyterum
733 906 902 986 Pragensis
925 905 1069 970 diocesis.

308 1000 465 1085 Inprimis
495 1002 579 1084 quod
601 1003 641 1068 ad
661 1004 763 1068 lelicis
778 1004 1009 1070 recordatIonis
1021 1005 1059 1069 Ι).
1072 1005 1242 1071 Alexandri
1259 1023 1360 1088 papae
1374 1000 1408 1070 V

209 1106 302 1181 quam
330 1102 467 1185 plurium
495 1101 556 1167 lide
578 1102 745 1185 dignorum
767 1105 922 1170 relatione
944 1105 1138 1171 audientiam
1159 1111 1314 1187 pervento
1344 1122 1408 1171 seu

209 1201 359 1281 deducto,
392 1203 477 1285 quod
507 1204 583 1268 olim
617 1222 637 1268 a
662 1203 858 1284 quibusdam,
881 1205 1024 1286 proxime
1049 1206 1166 1288 elapsis
1192 1204 1406 1288 temporibus,

209 1301 337 1368 hnmani
362 1303 491 1383 generis
519 1303 645 1368 inimico
660 1310 861 1386 procurante,
884 1304 917 1368 in
938 1303 1065 1371 civitate
1087 1305 1240 1387 Progensi
1255 1313 1288 1371 et
1303 1322 1408 1386 regno

208 1401 379 1468 Bohemiae
402 1409 436 1468 et
456 1404 673 1469 marchionatu
695 1402 855 1468 bloraviae
878 1409 913 1468 et
932 1405 1118 1486 quibusdam
1139 1406 1210 1471 aliis
1231 1402 1408 1489 provinciis

208 1502 352 1568 nonnulli
373 1503 499 1571 articuli
520 1501 657 1583 erronei,
673 1502 726 1584 qui
741 1503 900 1568 haeresim
914 1522 972 1568 seu
987 1505 1156 1570 scissuram
1168 1506 1200 1570 in
1215 1504 1276 1574 fide
1291 1505 1408 1572 catho-

209 1603 271 1668 lica
281 1602 419 1685 sapiunt,
442 1605 769 1670 circosacramantum
792 1603 1006 1668 eucharistiae
1027 1622 1086 1686 per
1099 1604 1278 1671 damnatum
1288 1600 1409 1671 haere·

210 1703 367 1770 siarcbam
397 1703 554 1785 quondam
586 1703 742 1768 Ioannem
775 1701 895 1767 Wiklel
924 1704 1069 1785 concepti
1098 1711 1131 1769 et
1162 1705 1196 1769 in
1221 1703 1312 1771 libris
1334 1705 1410 1787 ejus

212 1805 435 1888 dogmatisati,
468 1802 691 1869 damnabiliter
721 1802 919 1886 pullularunt
940 1810 974 1868 ot
994 1805 1164 1869 multorum
1195 1804 1275 1871 adeo
1307 1805 1412 1872 corda

210 1908 397 1989 iniecerunt,
420 1903 504 1986 quod
527 1903 668 1984 quamvis
690 1902 890 1983 postmodum
918 1920 978 1985 por
999 1904 1164 1970 ecclesiam
1182 1903 1270 1986 justo
1281 1903 1410 1986 judicio

210 2005 373 2089 reprobati
393 2003 544 2082 fuissent,
578 2003 767 2084 expediebat
789 2010 911 2083 tamen,
927 2012 1072 2085 propter
1092 2023 1239 2085 magnam
1259 2005 1409 2071 multitu·

211 2105 316 2171 dinem
350 2122 479 2183 eorarm,
513 2105 567 2187 qui
599 2102 777 2187 hujusmodi
800 2105 959 2184 perversis
981 2104 1125 2170 articulis
1148 2110 1181 2171 et
1203 2104 1408 2186 dogmatibus

211 2212 286 2271 sont
299 2205 418 2285 inlecti,
441 2211 477 2270 ut
488 2204 662 2269 remedium
678 2203 910 2270 emendationis
932 2211 965 2269 et
976 2204 1194 2285 correctionis,
1216 2204 1410 2271 rteulterius

210 2306 404 2390 pullularent
425 2311 458 2370 et
479 2323 608 2385 gregem
629 2303 819 2368 dominicum
833 2322 892 2385 per
906 2305 1042 2387 amplius
1063 2304 1239 2384 inficerent,
1255 2305 1410 2371 celeriter

210 2406 433 2486 adhiberetur,
457 2403 603 2486 quodque
625 2401 666 2469 ad
688 2404 748 2469 hoc
769 2406 985 2471 necessarium
1009 2411 1079 2470 erat
1093 2405 1265 2487 prohiberi,
1288 2423 1330 2469 ne
1347 2423 1409 2488 per

211 2508 349 2589 aliquae,
372 2505 517 2570 etiamsi
539 2510 649 2568 essent
670 2522 767 2586 super
789 2503 848 2568 boc
870 2505 1045 2587 apostolico
1067 2506 1119 2569 vel
1140 2505 1201 2570 alio
1224 2505 1338 2586 quovis
1354 2505 1406 2569 in·

212 2608 300 2673 dulto
322 2605 457 2685 muniti,
489 2603 743 2686 praedicationes
775 2610 830 2668 aut
859 2622 1022 2669 sermones
1043 2604 1084 2669 ad
1106 2603 1256 2687 populum
1278 2604 1404 2683 fierent,

214 2707 275 2771 nisi
290 2706 322 2771 in
338 2703 581 2782 cathedralibus
605 2703 790 2783 collegiatis
814 2704 1046 2785 parochialibus
1060 2712 1117 2770 aut
1137 2705 1406 2770 monasteriorum

211 2806 355 2873 ecclesiis
386 2824 443 2870 seu
466 2823 574 2869 earum
607 2803 791 2882 cimiteriis,
823 2810 919 2885 prout
951 2805 1026 2869 olim
1044 2805 1136 2885 juxta
1153 2805 1236 2887 juris
1257 2804 1406 2871 ordinem

210 2906 281 2971 fieri
302 2905 482 2983 consuevit,
511 2910 544 2969 et
565 2922 605 2967 ne
628 2903 724 2969 etiam
745 2902 868 2983 aliquis,
897 2903 1120 2985 cujtrscumque
1142 2910 1255 2983 status,
1284 2904 1409 2970 ordinis

210 3006 261 3072 vel
282 3003 472 3072 conditionis
494 3005 656 3083 existeret,
679 3003 857 3084 hujusmodi
886 3003 1037 3068 articulos
1059 3003 1194 3070 auderet
1214 3004 1343 3088 publice
1357 3006 1409 3071 vel

210 3106 334 3171 occulte
355 3110 501 3170 astruere
525 3120 582 3167 seo
603 3120 749 3167 asserere
764 3102 815 3167 vel
836 3102 1049 3183 dogmatisare
1065 3112 1120 3169 aut
1142 3102 1315 3168 defendere
1329 3122 1409 3187 quo·

211 3204 383 3288 quomodo:
411 3205 496 3269 idem
528 3205 566 3271 D.
589 3201 769 3269 Alexander
801 3204 898 3270 tertio
925 3205 1046 3270 decimo
1068 3204 1229 3270 Kalendas
1249 3205 1406 3286 Ianuarii,

211 3305 413 3387 pontificatus
443 3305 492 3370 sui
525 3323 607 3370 anno
630 3305 751 3387 primo,
785 3305 895 3368 volens
917 3323 1015 3385 super
1035 3303 1104 3382 his,
1138 3310 1291 3386 quantum
1311 3305 1346 3371 iu
1367 3324 1406 3370 eo

211 3412 297 3484 erat,
331 3405 519 3487 providere,
559 3423 618 3487 per
649 3404 825 3487 apostolica
857 3405 977 3486 scripta
1003 3406 1158 3469 cornmisit
1184 3412 1218 3471 et
1244 3405 1408 3471 mandavit

211 3506 400 3571 recolendae
422 3506 592 3570 memoriae
614 3505 652 3568 Ι).
675 3505 844 3587 Sbynconi,
877 3510 954 3570 tune
979 3506 1218 3586 archiepiscopo
1241 3505 1407 3587 Pragensi,

212 3613 369 3688 quatenus
403 3606 551 3671 assumtis
573 3626 631 3688 per
662 3625 734 3670 eum
756 3606 795 3671 ad
817 3606 877 3671 hoc
906 3614 1043 3686 quatuor
1065 3607 1097 3670 in
1124 3605 1287 3686 theologia
1307 3605 1408 3686 magi·

211 3709 288 3775 stris
311 3715 345 3773 et
370 3708 492 3772 duobus
515 3707 716 3773 decretorum
738 3707 941 3786 doctoribuS,
974 3723 1054 3788 quos
1076 3705 1170 3771 adid
1192 3705 1326 3772 duceret
1348 3706 1406 3772 eli·

212 3809 344 3892 gendos,
367 3808 406 3874 de
420 3807 561 3890 ipsoram
576 3808 798 3889 magistrorum
820 3813 854 3872 et
866 3807 1030 3872 doctorum
1053 3807 1184 3873 consilio
1204 3824 1407 3889 superprae-

160 3970 166 3983 ,
210 3911 316 3976 missis
331 3908 520 3975 auctoritate
535 3909 710 3990 apostolica
730 3907 916 3989 procedens,
940 3907 1050 3971 eadem
1078 3905 1270 3971 auctoritate
1292 3906 1402 3988 probi·

212 4013 321 4089 beret,
354 4009 487 4090 nequis
509 4009 542 4073 in
572 4009 714 4074 ecclesiis
740 4008 807 4072 sive
834 4008 951 4072 scholis
973 4015 1028 4072 aut
1050 4005 1211 4086 quibusvis
1232 4006 1305 4071 aliis
1328 4007 1407 4073 locis

211 4110 393 4195 praedictos
414 4109 565 4174 articulos
587 4107 730 4189 doceret,
754 4108 940 4173 defenderet
962 4109 1012 4172 vel
1034 4106 1228 4189 approbaret
1250 4107 1306 4187 ita,
1321 4107 1407 4189 quod

212 4210 332 4292 siquis
368 4209 561 4275 contrarium
592 4208 735 4288 laceret,
768 4209 857 4273 velot
888 4208 1069 4273 haereticus
1098 4212 1285 4272 censeretur
1310 4214 1346 4272 et
1365 4207 1406 4271 ab

212 4310 392 4377 bominibus
413 4308 601 4387 haberetur3
624 4314 658 4373 et
672 4326 712 4373 ne
735 4309 829 4373 etiam
841 4308 956 4388 aliquis
978 4307 1017 4372 de
1040 4314 1159 4384 cetero,
1181 4307 1293 4387 quovis
1309 4323 1407 4388 quae·

213 4411 275 4476 sito
298 4411 413 4489 colore,
435 4409 469 4474 in
481 4409 615 4490 privatis
636 4408 715 4474 locis
736 4408 873 4473 civitatis
888 4408 1082 4490 praedictae,
1106 4407 1161 4472 sed
1182 4407 1217 4471 in
1237 4406 1300 4472 illis
1316 4407 1407 4472 dum·

213 4516 303 4576 taxat
324 4510 467 4576 ecclesiis
491 4516 524 4575 et
545 4510 755 4587 monasteriis,
778 4509 831 4573 ubi
853 4509 893 4574 de
912 4509 985 4591 jure
1007 4507 1077 4574 fieri
1098 4506 1196 4575 debet
1217 4513 1251 4572 et
1272 4524 1406 4572 consue·

214 4611 268 4693 vit,
290 4611 331 4677 ad
353 4611 503 4694 populum
524 4610 710 4691 praedicare
731 4617 963 4692 praesumerem
986 4609 1014 4674 si
1037 4626 1112 4674 voro
1134 4606 1313 4690 hujusmodi
1328 4605 1406 4672 arti·
