2992 5258
549 396 664 451 aruns
682 397 745 450 anni
765 364 836 451 reos.
1227 401 1286 465 165

88 584 255 682 prleneoz;
277 599 386 665 videat
400 597 486 665 diota
499 618 566 680 sua,
590 599 643 680 qui
657 599 736 679 vult,
759 604 793 663 et
806 598 958 679 inveniet,
980 600 1065 681 quod
1086 601 1119 665 in
1141 601 1287 666 omnibus

87 717 216 782 semper
235 700 440 783 prlenczavit
453 699 486 780 *)

196 800 314 865 Verum
335 810 389 883 est,
423 802 495 863 dini
516 820 606 876 saepe
628 799 803 874 laudando,
828 803 989 882 ·optimnm
1010 821 1074 863 ease
1093 803 1287 884 rhythmim-

87 910 198 974 torem,
221 923 373 984 moenum
387 903 544 975 doctorem
557 910 703 964 sanetum
712 924 837 984 papum
854 903 1052 984 Gregorinm,
1075 905 1164 987 eujus
1185 923 1287 964 ammo

85 1004 172 1063 inter
185 1000 324 1064 aliusnon
338 1011 520 1066 sanctonum
535 1004 621 1066 dieto
642 1011 686 1066 est
708 1005 788 1066 mibi
801 1003 893 1066 uulua
908 1002 1086 1084 uincibilia,
1113 1012 1142 1066 et
1163 1005 1287 1066 ratione

88 1106 190 1165 bonae
204 1105 417 1184 expositionis,
440 1111 469 1166 et
483 1106 609 1166 ratione
623 1104 801 1167 dulcedinis
814 1107 985 1176 verbosum,
1008 1106 1090 1186 qnod
1107 1108 1200 1187 potnit
1210 1104 1286 1188 pul·

84 1205 151 1266 erin
172 1203 342 1284 rhythmis
1164 1280 1166 1285 ,

188 1305 270 1371 Item
284 1306 423 1388 ponitur,
447 1306 530 1387 quod
545 1311 619 1389 post
641 1307 757 1372 multas
772 1307 998 1373 altereationes
1013 1308 1110 1381 dixit,
1134 1315 1167 1373 et
1181 1308 1287 1373 dicere

84 1426 151 1473 non
166 1407 308 1472 erubuit:
332 1406 438 1471 Vultis
459 1407 552 1487 seire,
575 1405 650 1487 quid
666 1424 725 1487 ego
748 1407 840 1471 dioo‘l
862 1409 946 1489 quod
969 1409 1118 1475 sacerdos
1134 1409 1287 1482 officiens,

85 1509 114 1572 si
137 1513 188 1573 est
211 1507 243 1571 in
266 1506 383 1587 gratia,
411 1507 472 1573 hoe
493 1506 605 1586 efficit,
636 1508 720 1589 quod
742 1510 833 1590 panis
856 1509 909 1575 ille
931 1517 1150 1586 consecratur,
1174 1519 1207 1577 et
1228 1511 1288 1575 sub

85 1613 143 1678 illo
172 1626 258 1690 pane
280 1607 338 1675 'est
368 1625 484 1690 corpus
507 1607 642 1686 Christi;
672 1608 699 1672 si
721 1617 827 1674 autem
850 1618 900 1675 est
913 1617 1013 1676 extra
1040 1612 1185 1692 gratiam,
1212 1620 1288 1676 tuno

87 1702 140 1787 'nil
155 1697 263 1788 effluit,
286 1710 361 1791 quia
375 1726 435 1773 nec
457 1717 507 1773 est
536 1707 579 1772 ibi
596 1724 712 1788 eorpus
735 1707 863 1787 Christi,
886 1727 945 1774 nec
960 1713 1051 1793 panis
1071 1720 1287 1788 consecratus,
1343 1769 1346 1777 .

86 1812 143 1877 sed
164 1817 273 1876 manet
293 1816 368 1892 post
389 1808 599 1890 prolationem
622 1808 800 1888 verborum,
824 1809 907 1875 siout
928 1819 1001 1875 ante
1024 1810 1093 1888 fuit,
1117 1813 1216 1892 panis,

188 1911 282 1974 Illud
295 1911 513 1992 falsissimum
535 1910 655 1972 dietum
678 1910 722 1973 D.
746 1909 894 1974 Proliwo
915 1912 1076 1992 imposuit,
1098 1913 1289 1993 respondens

89 2017 123 2075 in
143 2015 342 2076 atustndone
362 2033 421 2074 suto
444 2014 592 2090 notorio,
620 2015 791 2092 uelamenti,
813 2013 938 2093 otiando
961 2014 1017 2075 boe
1039 2013 1184 2087 diunius,
1208 2014 1289 2094 quod

93 2114 207 2185 eredit,
242 2115 324 2195 quod
346 2134 431 2176 anno
454 2114 575 2176 domini
597 2112 1015 2178 [11000001]ΧΧΧΧΙΧυ
1028 2113 1076 2195 **)
1111 2113 1158 2176 vel
1184 2117 1290 2195 qutun·

89 2216 319 2296 interroyutun,
349 2235 407 2296 qno
431 2206 518 2294 loeo,
546 2215 718 2296 respondit,
741 2215 823 2296 quood
843 2216 879 2276 in
901 2215 971 2277 dote
992 2215 1025 2278 S.
1048 2214 1217 2278 Michaelis
1224 2236 1235 2290 ,·
1260 2222 1289 2277 et

91 2324 171 2392 tuno,
195 2317 283 2393 dieii,
303 2316 500 2398 praedicauit
521 2316 588 2397 ipae
607 2316 751 2378 Joannee
770 2318 806 2377 in
827 2316 953 2379 cetuna
975 2316 1008 2378 S.
1031 2316 1206 2379 Michaelis.
1227 2315 1290 2378 Sed

91 2425 118 2479 et
138 2418 183 2480 ibi
203 2418 366 2491 mentitur,
393 2417 467 2497 quio
488 2437 543 2498 eyo
564 2417 669 2479 adlato
689 2417 746 2479 illo
769 2437 854 2481 unno
875 2438 941 2479 non
962 2418 1012 2490 fui
1032 2418 1188 2481 sacerdos.

178 2509 271 2584 'Item
297 2519 444 2600 poninus,
465 2518 559 2601 'qnod
588 2519 619 2582 in
651 2519 743 2584 domo
767 2519 944 2584 Wenoeslai
967 2519 1185 2601 picariatoris,
1216 2527 1289 2602 post

92 2619 258 2702 prandium
286 2613 470 2697 inmediate,
500 2637 604 2684 eoram
634 2620 786 2698 magistro
817 2618 952 2701 quodam
981 2627 1014 2685 et
1044 2620 1234 2702 presbytero
1257 2628 1290 2685 et

92 2721 247 2804 aliquibus
269 2721 358 2785 laicis
380 2719 488 2785 dicere
510 2737 574 2784 non
597 2720 725 2785 erubuit
747 2728 843 2802 atque
865 2721 962 2795 dixit,
985 2720 1110 2802 quando
1132 2719 1216 2785 faeta
1229 2717 1290 2784 fuit

92 2823 208 2889 mentio
237 2821 278 2886 de
307 2821 528 2886 submersione
560 2821 598 2885 D.
628 2821 762 2886 loannis
783 2822 854 2903 piae
876 2822 1048 2885 memoriae
1071 2827 1104 2885 et
1126 2818 1289 2885 Puohniak
1407 2860 1409 2866 -

93 2942 126 2988 ae
146 2923 260 3003 decani
275 2916 447 3003 Progensis
462 2921 662 2999 detentione,
685 2920 769 3002 quod
791 2920 994 2987 interdictum
1017 2921 1091 3001 poni
1115 2920 1288 2998 debuisset,

78 3022 272 3104 orandinus
294 3022 337 3087 Μ.
358 3022 472 3088 loann.
494 3021 565 3085 Hus
587 3021 772 3086 seandalose
795 3019 890 3085 dixit:
912 3021 1062 3102 Magnum
1084 3021 1175 3101 quid,
1206 3020 1289 3100 quod

94 3123 134 3189 illi
166 3141 311 3207 popones
342 3123 541 3188 detinentur!
575 3122 697 3187 Dicotis
733 3122 910 3192 rationem,
944 3139 1042 3202 quare
1076 3120 1215 3185 alaude
1237 3120 1288 3185 dei

94 3226 209 3291 oessari
231 3224 386 3290 deberet?

187 3324 283 3389 Istud
304 3324 423 3387 dietum
443 3324 636 3384 ammonuit
651 3321 798 3384 Protiwa
819 3344 841 3384 n
864 3321 956 3402 lonyo
978 3329 1131 3403 tempore,
1152 3321 1206 3382 sed
1227 3320 1289 3382 ud·

94 3425 157 3505 iecit
171 3425 381 3488 menducium.
404 3423 477 3505 Euo
492 3424 570 3500 dini,
594 3423 676 3503 quod
689 3442 754 3484 non
775 3430 820 3484 est
832 3423 919 3484 ratio
933 3423 969 3484 in
983 3423 1144 3503 scripturo
1160 3420 1289 3495 Odenati,

96 3525 170 3604 quud
184 3532 319 3607 propter
340 3544 387 3586 nae
408 3543 565 3604 poponem
585 3523 633 3585 uel
652 3522 773 3601 ulium,
805 3525 835 3586 ui
862 3525 1037 3586 incarnetur
1057 3523 1105 3585 uel
1126 3521 1288 3593 occiderer,

97 3625 171 3704 nod
196 3645 220 3687 a
251 3623 347 3688 lande
372 3625 422 3687 dei
450 3632 478 3687 et
503 3646 525 3686 u
554 3623 673 3686 diuinis
694 3632 851 3686 cessarent
869 3645 928 3705 per
950 3631 1050 3685 lotum
1069 3644 1220 3706 neonem,
1238 3621 1287 3683 di·

98 3727 170 3788 uun
181 3726 376 3808 afflpturom
390 3723 438 3787 uel
449 3726 615 3791 ontionem,
639 3723 708 3786 dini
722 3725 767 3786 ud
782 3724 976 3801 Protiwam;
998 3731 1026 3786 et
1047 3724 1188 3799 aestimo,
1208 3720 1289 3802 qnod

99 3841 154 3885 nun
179 3825 298 3887 inuoluit
325 3843 419 3906 neuin
441 3825 536 3887 bodie
554 3825 588 3886 in
610 3825 673 3905 leue
695 3824 816 3887 Odenati
837 3827 1010 3900 rationem,
1044 3824 1126 3906 qnod
1148 3825 1290 3886 deberent

99 3933 213 4005 nuptu·
235 3925 441 3988 detentionem
462 3924 636 3986 secedens
656 3944 778 3986 cessure
798 3946 820 3986 u
842 3912 977 3990 diuinis,

189 4025 268 4090 Item
284 4027 424 4107 ponium,
446 4025 530 4106 quod
550 4044 620 4091 cum
636 4025 755 4090 dietum
778 4026 837 4091 sibi
861 4026 983 4103 luisset,
1007 4026 1081 4105 ouria
1104 4024 1287 4089 canonistae

106 4127 132 4186 et
148 4142 282 4191 oenones
310 4126 370 4190 hoo
392 4132 589 4204 statuerunt,
618 4133 651 4190 et
673 4125 719 4189 sic
742 4127 837 4191 etiam
860 4131 950 4191 tenet
971 4126 1113 4189 Romana
1135 4121 1286 4189 ecclesia:

107 4225 168 4288 tunc
182 4226 363 4308 praedictus
380 4226 421 4290 M.
443 4227 557 4291 Joann.
579 4226 649 4290 Hus
665 4226 745 4291 dixit
760 4233 793 4291 et
808 4227 915 4292 dicere
932 4244 995 4290 non
1011 4225 1148 4302 erubuit,
1165 4224 1284 4304 impor-

182 4395 185 4397 ·
195 4397 290 4404 -——

153 4457 172 4515 'l
189 4463 214 4508 ln
232 4461 282 4513 MS.
301 4464 369 4509 univ.
388 4463 459 4522 Prag.
479 4463 521 4520 111,
541 4463 571 4511 G.
593 4464 830 4519 remismundo
853 4464 903 4509 sola
922 4464 1022 4522 legitur,
1047 4463 1154 4508 additum
1179 4476 1202 4507 rn
1225 4475 1288 4508 inau-

190 4548 254 4605 gine:
275 4545 321 4606 ‚in
339 4543 409 4596 bono
426 4559 510 4595 sunu
527 4551 620 4594 tamen
637 4560 740 4604 omns,
758 4546 776 4596 i.
795 4561 816 4596 e.
834 4543 1036 4596 detornant!

144 4623 173 4689 ”t
188 4629 235 4682 us
254 4631 328 4680 sant
345 4626 588 4682 nccobxxxrxt
