2992 5258
506 397 561 457 120.
580 399 695 456 Carmen
713 399 839 471 anonymi
857 395 1004 472 scriptoria
1109 426 1114 433 ·

160 607 198 668 de
220 606 313 668 latere
337 607 441 667 dextro
463 605 577 677 format

161 725 298 781 sponsam
321 724 402 767 suam
425 707 544 780 gemmis
568 714 654 766 ornat

160 809 300 868 rubricati
327 807 462 876 fluminis,

148 880 236 969 banc
258 908 416 981 regendam
444 906 649 968 committendo

160 1011 253 1070 Petro
275 1009 372 1069 claves
394 1008 576 1076 dimittendo,

161 1110 262 1169 sedem
287 1125 395 1181 parans
417 1107 558 1175 culminis.

161 1218 193 1269 ut
213 1211 243 1269 in
265 1225 336 1268 vera
357 1209 468 1268 unitate

160 1294 246 1383 plebs
270 1315 327 1369 stet
347 1315 428 1369 recta
449 1305 592 1376 firmitate,

160 1428 220 1470 non
242 1410 376 1469 dividens
398 1408 524 1467 tunicam

161 1513 322 1583 pretiosam
345 1511 418 1570 Jesu
441 1507 559 1576 Christi,

162 1627 245 1684 (quam
269 1609 403 1670 formovit
424 1608 541 1680 planctu
563 1607 640 1667 tristi

161 1710 316 1770 ecclesiam
341 1710 464 1769 unicam.

162 1811 202 1871 Et
222 1811 376 1885 praecepit
396 1807 587 1869 ordinandam

162 1910 307 1984 clavigero
330 1919 360 1969 et
380 1909 540 1983 regendam

162 2011 315 2084 ipsumque
337 2008 529 2083 sequentibus

163 2111 266 2171 electis
289 2111 376 2185 digne
397 2109 545 2183 praelatis,

161 2211 200 2271 ad
222 2210 390 2272 cathedram
412 2209 549 2278 evocatis,
633 2229 637 2237 ·
760 2136 763 2247 !

828 2308 958 2368 Consilio
981 2311 1059 2385 regia
1081 2311 1195 2386 loquor,

162 2328 222 2371 nou
243 2313 272 2370 ni
293 2313 368 2371 banc
390 2309 575 2371 intrantibus.

164 2411 316 2471 Generosa
338 2427 391 2470 rex
412 2409 566 2477 laudande.

163 2511 249 2586 hujus
271 2510 363 2571 cladis
387 2509 576 2570 detestandae

163 2611 271 2671 diceris
293 2626 360 2671 esse
383 2617 470 2672 tutor.

164 2711 210 2770 Ob
232 2716 311 2769 tuum
333 2726 465 2785 magnum
487 2710 635 2780 honorem,

162 2811 302 2885 regnique
326 2813 368 2870 tui
389 2811 526 2872 decorem
560 2848 569 2865 .

163 2912 205 2972 ais
227 2919 312 2972 atrox
333 2915 504 2972 exsecutori

164 3013 321 3071 accinctus
342 3014 473 3084 potentia

164 3129 228 3174 cum
251 3128 360 3171 summa
381 3112 539 3184 prudentia

164 3212 288 3272 viriliter
309 3212 353 3273 sic
373 3228 437 3285 aga.

163 3312 258 3387 Hujus
281 3313 403 3373 sceleris
428 3309 553 3382 fomites,

164 3415 250 3474 deum
272 3419 304 3473 ut
324 3412 391 3486 plns
411 3427 471 3473 nou
492 3412 600 3484 irrites.

164 3530 239 3589 quoa
260 3513 408 3575 inveneris
431 3513 552 3586 Pragae,

164 3613 212 3675 fac
233 3630 395 3677 convocare
417 3614 536 3685 paritor,

165 3731 324 3791 omnesque
346 3713 523 3777 unanimiter

165 3816 210 3876 sic
231 3816 268 3876 ad
294 3833 346 3877 eos
368 3815 503 3888 loquere:

169 3917 225 3976 sub
246 3932 343 3988 poene
368 3915 486 3989 capitali

166 4017 338 4088 mandando,
360 4033 378 4076 a
399 4016 519 4077 crimine
541 4015 593 4076 tali

166 4119 309 4180 studeatis
331 4125 448 4192 tergere
533 4146 537 4154 ·

166 4234 213 4279 me
235 4235 373 4293 meosque
398 4219 567 4292 populares,

165 4319 281 4380 nobiles
303 4325 333 4378 et
353 4317 522 4391 clientelam

165 4436 232 4481 uam
254 4420 360 4480 veneni
381 4417 488 4479 infusio

165 4522 307 4596 regnique
329 4519 386 4581 mei
408 4517 540 4578 confusio

166 4622 257 4685 debet
282 4620 470 4682 exterminari

785 622 840 680 par
860 607 966 685 sedem·
986 608 1186 681 apostolicam,

784 707 939 768 ecclesiam
961 707 1141 769 catholicam.

785 808 859 867 Nam
880 809 953 868 baec
975 808 1054 868 solet
1072 809 1181 879 rimari,

785 914 897 982 cuncte
919 925 993 983 quae
1014 914 1138 984 tangunt
1158 907 1253 979 iidem,

758 1050 760 1055 .
785 1024 836 1067 vos
858 1014 1044 1081 praesentate
1065 1008 1185 1068 ibidem.

784 1109 859 1166 Nam
880 1108 937 1168 hoc
954 1107 1095 1181 judicium

766 1224 843 1267 nou
863 1209 895 1267 iu
917 1224 983 1268 mea
1003 1214 1151 1281 potestate

774 1308 905 1380 .peudet;
927 1308 1031 1370 hortor
1050 1310 1146 1369 cuncti
1168 1317 1243 1371 state

784 1407 822 1465 ad
846 1408 1035 1468 constantiae
1060 1410 1223 1473 concilium.

784 1508 853 1595 Istis
876 1508 993 1580 scriptia
1015 1511 1173 1571 roboratus

785 1612 923 1668 constans
946 1616 1009 1670 esto
1032 1617 1062 1671 et
1082 1609 1221 1682 mama,

785 1722 908 1781 namque
931 1709 1037 1770 bonum
1062 1713 1245 1787 propositum

785 1813 873 1877 tuum,
895 1824 946 1867 rex
971 1812 1168 1882 serenissime,

786 1908 922 1968 mulieres
948 1911 1120 1984 saepissime

786 2014 902 2068 vertunt
922 2010 952 2069 in
979 2012 1155 2085 oppositum.

918 2189 965 2242 Ad
982 2191 1127 2245 consilium
1143 2193 1225 2262 regia.

786 2424 823 2467 ex
844 2409 954 2470 intimis
976 2411 1074 2472 cordis
1097 2426 1210 2485 precor.

785 2509 849 2583 regi
870 2516 950 2570 recte
972 2512 1102 2583 suadeat,

786 2616 818 2669 ut
838 2617 980 2685 agnoscat
1000 2611 1161 2684 veritatem,

786 2710 930 2771 scismatis
953 2711 1161 2774 obscuritatem

785 2811 958 2885 abstergere
980 2813 1104 2883 studeat

786 2910 823 2970 ob
846 2928 928 2971 snum
949 2911 1089 2972 decorem
1111 2930 1247 2988 maguum

785 3010 877 3081 tollat
900 3025 1020 3083 quaeso,
1042 3028 1183 3084 praesens
1205 3014 1352 3080 damnum:

786 3127 850 3169 uam
872 3127 921 3170 res
942 3111 1038 3186 magui
1059 3113 1201 3185 ponderis

786 3217 833 3271 est
853 3210 997 3272 ecclesiae
1018 3213 1155 3282 scissura,

784 3312 874 3371 totius
896 3312 979 3386 regui
1001 3327 1142 3385 pressura

760 3368 763 3485 d
785 3417 844 3472 stat
864 3412 894 3470 iu
917 3411 984 3472 labe
1007 3412 1145 3473 vulneris.

760 3496 763 3513 '
785 3512 867 3572 Petu·
889 3511 985 3573 clavos
1008 3519 1240 3583 contemnuntur,

786 3630 861 3672 nuuc
883 3611 996 3688 indigni
1018 3614 1208 3674 intruduntur

785 3713 823 3773 ad
845 3712 895 3772 dei
917 3713 1070 3775 ecclesias.
1256 3712 1259 3718 ’

786 3812 892 3886 Populi
912 3814 1034 3873 suntin
1055 3815 1179 3888 guerris.

785 3929 942 3987 pressurae
968 3930 1090 3988 maguae
1113 3915 1232 3976 suntin
1255 3914 1352 3974 terris.

786 4013 817 4074 si
840 4013 916 4074 bene
938 4013 1117 4087 conspicitis,

787 4121 896 4188 quauta
916 4130 1006 4187 prava
1028 4122 1096 4175 suut
1117 4116 1172 4177 aab
1194 4115 1278 4176 coelo

761 4162 764 4367 D
787 4231 824 4276 ex
845 4215 1011 4275 inordinato
1033 4215 1097 4276 zelo

788 4316 832 4377 bis
855 4316 965 4376 uostris
987 4316 1182 4389 temporibus,

788 4412 946 4476 bonafide
971 4416 1145 4488 christiane,

791 4523 886 4577 mente
908 4523 960 4576 tua
981 4533 1069 4578 cerne
1091 4532 1165 4579 saue

763 4664 767 4691 ι
792 4625 823 4677 et
844 4634 981 4678 succurre
1005 4617 1142 4695 moribus,

1154 4731 1204 4786 44*
