2992 5258
430 418 472 470 32.
505 418 547 472 33.
582 417 665 485 Regis
681 418 779 476 literae
796 421 831 476 ad
849 421 886 476 Μ.
904 416 1079 489 Seidanb‘erg.
1280 424 1347 504 -421

723 714 786 791 33.

152 937 245 1023 Rex
276 935 556 1024 Werrceslaus
588 943 779 1053 graviter
810 940 1015 1054 objurgat
1046 941 1103 1025 M.
1119 941 1349 1056 ’Hierony-

153 1104 268 1158 mum
296 1070 572 1187 Seidenberg‚
602 1075 719 1186 quod
738 1072 944 1179 mandati
958 1079 1066 1189 regii
1086 1076 1345 1190 honorisque

464 1206 697 1294 Bohemiae
722 1213 946 1294 immemor
972 1213 1039 1295 sit.

569 1455 681 1526 Pragae,
702 1461 775 1526 1410,
793 1461 829 1515 30
845 1458 918 1528 Sept.

514 1760 558 1825 (a
569 1759 632 1813 aas.
658 1743 753 1814 lana.
772 1757 858 1823 4902,
872 1760 897 1831 s.
917 1759 992 1827 rra)

252 2063 458 2129 wenceslaus
493 2063 544 2128 dei
570 2063 673 2144 gratia
703 2063 914 2129 Romanorum
944 2081 1000 2128 rex
1033 2080 1159 2147 semper
1185 2068 1348 2146 Augustus

335 2170 369 2229 et
390 2162 561 2230 Bolrcmiae
585 2182 651 2229 rex.

250 2346 392 2414 Salutem
407 2347 580 2413 secundum
595 2349 787 2429 exigentiam
801 2349 997 2415 meritorum.
1020 2348 1069 2416 Ex
1089 2350 1194 2416 literis
1207 2351 1347 2417 Jaroslai

150 2451 307 2532 monachi,
330 2467 412 2533 quae
433 2448 474 2516 ad
495 2466 607 2515 manus
629 2457 756 2516 nostras
778 2457 1008 2533 pervenerunt,
1030 2450 1248 2533 percepimus,
1271 2471 1346 2534 qna·
1441 2484 1446 2499 ι

149 2552 224 2619 liter
251 2558 364 2618 contra
394 2551 544 2617 Nostram
573 2549 774 2631 Majestatem
807 2551 861 2616 diu
900 2551 1057 2619 inchoatis
1094 2551 1345 2618 detractionibus

150 2651 350 2733 machinaris,
372 2669 431 2717 nec
453 2651 540 2731 geris
562 2650 768 2716 remissorum
789 2653 989 2733 memoriam,
1012 2660 1046 2719 et
1068 2653 1114 2718 sic
1135 2653 1168 2718 in
1190 2652 1346 2719 ulteriora
1419 2675 1423 2682 ·

150 2752 208 2818 tibi
231 2752 344 2818 nociva
364 2751 494 2833 gravius
518 2757 549 2819 te
571 2751 740 2832 immergis.
784 2750 862 2816 Nam
886 2752 941 2834 qui
961 2751 1101 2819 debebas
1123 2754 1275 2820 bonorem
1290 2772 1347 2819 no·

149 2859 251 2934 strom
283 2857 316 2918 et
344 2852 437 2934 regni
464 2851 567 2918 nostri
593 2849 778 2932 defendere,
808 2857 921 2918 contra
948 2852 1103 2920 honorem
1130 2853 1347 2920 contusionem

149 2971 340 3037 exaggeras,
370 2952 620 3019 combustionem
642 2952 795 3018 librorum
825 2959 857 3020 et
880 2971 1050 3036 processus
1082 2960 1195 3022 eontra
1216 2960 1345 3022 nostros

148 3054 329 3136 regnicolas
354 3053 564 3136 procurando.
608 3052 761 3135 Tacemus
791 3052 831 3118 de
853 3055 987 3133 ceteris,
1010 3071 1091 3135 quae
1114 3054 1175 3121 nisi
1198 3055 1347 3122 emenda-

147 3155 243 3236 veris,
266 3160 302 3221 ut
324 3160 430 3221 cesset
450 3160 632 3220 nostrorum
654 3153 885 3234 regnicolarum
907 3152 1073 3234 dissensio,
1097 3173 1135 3221 ea
1157 3155 1216 3220 tibi
1231 3155 1342 3221 diarius

148 3254 371 3322 refricabimns
399 3262 544 3336 tempore
574 3257 763 3336 opportuno.
795 3254 912 3321 Datum
941 3261 977 3321 ut
999 3273 1097 3336 snpra
1118 3253 1271 3339 (Pragae,
1294 3255 1346 3323 die

146 3362 190 3423 30
211 3356 299 3438 Sept.
322 3373 346 3419 r.
369 3374 397 3421 a.
420 3355 462 3421 48
484 3361 518 3421 et
539 3356 621 3436 35⁰).
941 3347 946 3360 '

286 3489 469 3556 Venerabili
491 3489 533 3555 M.
556 3489 750 3574 Hieronymo
777 3491 974 3573 Seidenberg
995 3491 1198 3558 decretorum
1212 3491 1344 3560 doctori.
