2992 5258
460 435 517 488 105.
536 435 729 488 accusationes
746 434 818 501 repis
837 435 989 489 wenceslai
1007 448 1041 490 oc.
1286 438 1348 501 639

154 633 360 716 quorumdam
381 634 613 700 baereticorum
637 636 669 699 ’n
695 654 753 701 sua
780 638 908 702 civitate
929 637 1081 717 Pragcusi
1111 634 1346 716 decollatorum,

155 734 188 799 iu
210 736 350 801 favorem
371 734 574 802 Hussitarum
598 741 630 801 et
653 735 907 803 Wiclcfistarum.

254 836 293 901 lt.
316 837 475 917 quianon
497 837 597 901 solum
621 836 856 920 praedicatores
885 839 1052 903 haeresum
1074 838 1159 905 levet
1180 857 1217 904 ac
1236 839 1346 904 'defen-

155 936 210 1016 dit
223 936 281 1002 aed
296 938 390 1003 etiam
406 955 461 1002 cos
477 935 635 1003 defensari
650 958 709 1022 per
723 938 867 1005 subditos
879 939 981 1005 literis
1003 940 1069 1005 suis
1084 939 1239 1019 hortatur,
1253 957 1346 1022 prae·

154 1037 232 1120 cipit
253 1042 349 1119 atque
370 1038 506 1104 mandat.

254 1139 292 1204 It.
309 1139 595 1205 excommunicatos
622 1148 656 1205 et
680 1147 868 1223 aggravatos
895 1141 927 1204 iu
950 1159 1044 1207 caum
1065 1140 1147 1221 fidei,
1174 1141 1344 1223 praecipue

154 1238 309 1304 loannem
329 1238 487 1318 desenim,
519 1240 554 1304 iu
575 1247 769 1306 contemtum
792 1242 924 1306 clavium
952 1243 1069 1308 tolerat
1088 1242 1179 1323 eique
1209 1259 1345 1307 commu·

156 1338 250 1420 ulcat
273 1347 520 1423 propterquam
543 1341 576 1405 in
598 1340 898 1423 ccclesiaPragensi
920 1348 953 1407 et
974 1343 1045 1407 aliis
1067 1343 1210 1407 ecclesiis
1234 1349 1342 1407 etmo-

152 1440 301 1504 uasteriis
324 1440 461 1507 civitatis
484 1440 627 1521 cJusdem
649 1461 707 1524 per
730 1444 837 1524 plures
859 1461 959 1508 annos
981 1448 1103 1507 tentum
1126 1452 1177 1509 est
1203 1449 1236 1507 et
1257 1450 1345 1507 teue-

154 1544 207 1604 tur
228 1538 441 1620 interdictum,
468 1559 505 1606 ac
527 1541 630 1608 sciens
652 1544 755 1625 ipsum
778 1543 817 1607 de
840 1542 964 1609 haeresi
988 1544 1192 1609 vehementer
1217 1560 1345 1625 suspec-

153 1643 219 1704 tum
242 1644 275 1704 et
297 1642 598 1707 excommunicatum
620 1649 653 1707 et
682 1643 820 1708 divinum
849 1644 965 1708 cultum
995 1650 1128 1727 propter
1157 1644 1225 1724 ejus
1254 1661 1345 1725 prae·

152 1742 286 1806 sentiam
308 1743 491 1808 scandalose
514 1748 547 1808 et
568 1744 661 1808 noxie
684 1744 824 1820 diminui,
854 1746 956 1827 ipsum
979 1751 1083 1809 tamen
1106 1745 1244 1809 libenter
1270 1745 1344 1808 hac·

153 1846 247 1906 tenus
269 1841 418 1909 audiebat
440 1849 473 1909 et
493 1843 592 1909 inulta
614 1863 671 1925 pro
694 1863 732 1909 eo
755 1845 890 1910 faciebat
912 1851 945 1908 et
966 1843 1050 1909 iacit.

254 1940 291 2008 lt.
314 1943 430 2008 tolerat
452 1952 485 2009 et
506 1943 592 2011 fovet
615 1945 865 2010 communionem
888 1944 1098 2011 eucharistiae
1121 1945 1180 2010 sub
1211 1950 1345 2026 utraque

154 2043 271 2125 specie,
294 2042 359 2108 scil.
383 2042 475 2127 panis
498 2050 531 2109 et
553 2044 626 2123 vini,
643 2051 754 2110 contra
770 2043 959 2111 traditiones
975 2050 1157 2110 sanctorum
1171 2052 1296 2127 patrum
1313 2050 1346 2113 et·

153 2142 407 2209 observationem
430 2144 582 2216 eeclesiae
605 2144 763 2225 generalis
785 2151 880 2226 atqcue
903 2145 1033 2210 decreta
1054 2145 1147 2227 hujus
1170 2144 1253 2211 sacri
1269 2163 1342 2210 cour

155 2242 227 2323 ciiii,
249 2243 282 2307 iu
302 2243 443 2309 favorem
466 2242 670 2310 Hussitarum
692 2252 725 2310 et
747 2244 1001 2311 Wiclefistarum.

252 2343 291 2409 It.
314 2343 445 2410 abstulit
467 2346 617 2426 reliquias
640 2364 710 2411 cum
733 2364 842 2411 eorum
861 2347 1065 2425 ornamentis
1089 2345 1343 2427 quasadhucdie

153 2443 277 2509 detinet
297 2443 451 2511 hodierna
474 2447 505 2510 in
528 2446 666 2512 favorem
688 2447 855 2512 haeresum
878 2446 1102 2512 damnatarum.

253 2543 291 2608 It.
313 2544 397 2611 bona
417 2547 605 2628 temporalia
631 2548 894 2613 monasteriorum
917 2555 950 2613 et
972 2546 1178 2613 ecclesiarum
1207 2552 1240 2612 et
1268 2546 1345 2612 cleri

151 2642 278 2712 aulerre
301 2650 335 2711 et
357 2645 494 2728 spoliare
516 2646 673 2712 commisit
695 2654 729 2713 et
755 2648 923 2728 mandavit,
955 2653 987 2713 ct
1009 2647 1190 2714 callerentes
1212 2652 1245 2713 et
1272 2665 1344 2730 spo-

151 2745 267 2811 liantes
281 2744 427 2812 defensat
442 2752 475 2813 et
496 2748 528 2811 in
551 2748 638 2813 curia
660 2766 717 2813 sua
740 2749 849 2829 nutrit,
873 2754 906 2813 ct
928 2766 992 2828 eos,
1015 2748 1069 2829 qui
1091 2747 1162 2829 plus
1184 2748 1344 2828 ccclesias,

150 2847 344 2912 monasteria
354 2845 648 2927 ecclesiasticasque
660 2864 813 2928 personas
827 2845 999 2926 offendunt,
1018 2847 1088 2929 plus
1101 2864 1191 2912 caros
1207 2847 1267 2912 sibi
1289 2848 1344 2912 hu-

151 2947 207 3013 bet
227 2949 262 3012 in
282 2948 421 3014 favorem
448 2947 604 3013 dictorum
631 2947 873 3026 baereticorum,
902 2954 1024 3029 partem
1048 2966 1173 3028 quoque
1206 2946 1342 3030 praedae

152 3048 283 3131 recipit3
305 3049 422 3129 quique
444 3048 615 3128 sacrilegos
638 3048 817 3129 hujusmodi
840 3047 980 3126 offendit,
1005 3065 1076 3111 eum
1098 3046 1268 3112 offendisse
1290 3066 1341 3111 rc·

151 3154 284 3232 putatur
305 3157 338 3214 et
360 3147 478 3214 ammon
500 3149 606 3213 laesae
627 3148 804 3229 maJestatis
825 3148 967 3215 incurrit.
980 3148 1117 3229 Propter
1139 3164 1220 3228 qrrac
1242 3148 1343 3229 spolia

152 3254 262 3315 secuta
283 3257 333 3315 est
354 3248 451 3313 divini
475 3249 577 3314 cultos
600 3248 766 3315 diminutio
788 3268 847 3332 per
869 3249 976 3332 plures
1004 3266 1104 3313 anuos
1131 3255 1341 3329 monstruosa,

152 3355 186 3415 et
207 3350 395 3431 praesertim
417 3350 450 3414 iu
473 3349 607 3414 ccclesia
638 3350 801 3433 Prageusi,
829 3349 863 3413 iu
885 3368 947 3430 qua
968 3348 1072 3414 cultus
1101 3348 1225 3413 divinus
1247 3354 1343 3413 noctu

151 3448 265 3531 deque
288 3451 356 3515 aine
384 3449 618 3515 intermissione
648 3450 715 3516 iere
737 3469 796 3534 per
818 3453 915 3515 300¹ss
936 3467 1088 3533 personas
1110 3449 1279 3529 agebatur;
1304 3448 1344 3514 de

150 3566 213 3632 qua
234 3550 337 3616 cultus
359 3550 567 3616 diminutione
589 3551 745 3616 modicum
768 3552 892 3617 curavit
912 3556 1119 3631 aequatura,
1144 3551 1175 3614 iu
1203 3550 1343 3616 favorem

150 3648 396 3717 Wiclefistarum
419 3657 452 3716 et
472 3650 685 3717 Hussitarum.

249 3751 419 3817 ltclerum
441 3753 628 3818 catholicum
650 3760 683 3817 et
705 3753 773 3818 sedi
784 3752 978 3835 apostolicae
990 3752 1192 3817 obedientem
1204 3752 1340 3834 opprimi

150 3858 183 3918 et
199 3852 351 3918 tmcidari
366 3852 532 3935 permittit,
548 3872 757 3936 oppressores
780 3859 813 3919 et
825 3853 1037 3919 trucidatores
1053 3852 1231 3934 hujusmodi
1248 3852 1341 3918 simili

149 3953 243 4019 modo
261 3953 363 4019 nutrit
385 3959 418 4018 et
439 3950 534 4031 iovet,
557 3971 619 4019 non
634 3953 753 4018 iaciens
768 3952 905 4035 aliquam
916 3954 1071 4035 justitiam
1095 3971 1152 4018 seu
1169 3953 1339 4019 vindictam

149 4053 192 4118 de
212 4053 341 4133 eisdem,
364 4053 397 4116 iu
418 4051 558 4118 favorem
581 4053 672 4119 Wicl.
695 4060 729 4119 et
749 4054 871 4119 Hussit.

250 4155 288 4220 It.
304 4153 553 4219 destructionem
570 4153 665 4218 studii
682 4155 850 4236 Pragcusis
867 4173 925 4236 per
937 4152 1125 4218 Wiclelistas
1145 4153 1259 4219 iactam
1275 4152 1343 4218 dis·

150 4254 287 4333 simulat,
310 4255 372 4320 iuro
396 4255 526 4319 candem
549 4256 731 4335 procuravit
753 4262 786 4320 et
807 4255 902 4321 fovet.

250 4355 288 4420 It
311 4354 429 4420 clerum
452 4355 519 4420 sedi
535 4355 728 4436 apostolicae
751 4363 784 4422 et
806 4355 979 4422 catholicae
992 4353 1192 4420 obedientem
1214 4355 1253 4421 ad
1266 4373 1339 4438 pro·

147 4454 316 4521 lauandum
338 4455 444 4520 divina
465 4456 610 4537 compelli
633 4474 691 4537 per
715 4457 850 4539 spolium
872 4458 1092 4539 temporalium
1123 4463 1156 4519 ct
1188 4474 1337 4537 persona·
1446 4512 1454 4527 .

146 4575 217 4621 rum
239 4556 483 4639 captivationem
504 4557 664 4622 mandavit
685 4565 718 4623 et
741 4559 923 4640 procuravit
945 4577 1003 4640 per
1030 4558 1175 4622 scabinos
1198 4557 1337 4623 civitatis

148 4656 320 4737 Pragensis
340 4661 374 4721 et
395 4673 470 4720 siros
491 4655 670 4729 familiares,
692 4658 723 4720 in
747 4658 885 4722 fervorem
909 4658 957 4722 W.
981 4665 1013 4721 et
1035 4657 1074 4722 H.
