2992 5258
378 425 418 478 26.
453 421 565 492 Zbynco
580 420 793 475 excommunicat
815 421 856 476 ll.
872 421 932 476 Hns
948 421 1063 490 ejusque
1079 422 1175 477 socios
1306 428 1370 493 399

168 628 389 693 adhaerentes
416 629 448 689 ln
474 622 658 706 praemissis
687 628 723 689 et
741 623 916 689 adhaerere
939 624 1084 689 volentes
1104 624 1138 689 in
1159 642 1292 705 genere,
1315 643 1368 690 ex·

166 727 423 795 communicatos
450 725 492 790 ob
519 724 695 805 praemissa
723 722 758 788 in
784 723 899 788 vestus
927 724 1086 802 ecclesiis,
1112 725 1314 790 monasteriis
1335 731 1370 791 et

165 828 253 895 locis
281 827 352 893 aliis
378 825 432 890 die
461 824 618 889 dominica
653 825 797 906 proxima
825 831 858 888 ct
886 825 956 889 aliis
986 823 1152 889 dominicis
1183 832 1217 889 et
1244 826 1369 890 festivis

166 928 297 1006 diebus,
320 925 455 1008 pulsatis
470 924 639 1007 campanis,
662 924 801 989 candelis
816 925 958 990 accensis
981 925 1058 989 etin
1074 932 1191 989 terram
1206 926 1368 1008 proiectis,

166 1028 244 1092 sine
274 1025 510 1091 intermissione
536 1024 662 1104 publice
688 1024 842 1089 nuntietis
872 1031 905 1088 et
935 1024 1075 1089 nuntiari
1095 1024 1219 1090 faciatis
1241 1027 1369 1107 tamdiu

167 1129 279 1193 donec
294 1125 485 1209 praescripti
501 1125 760 1189 excommunicati
774 1125 815 1189 avl
837 1142 893 1189 cor
906 1126 1027 1189 reversi
1048 1125 1271 1190 absolvaminis
1297 1128 1368 1210 (ric)

165 1227 363 1293 beneficium
391 1225 569 1310 meruerint
600 1225 763 1304 obtinere,
794 1231 827 1289 et
853 1225 940 1290 aliud
967 1243 986 1290 a
1013 1225 1106 1290 nobis
1134 1226 1311 1292 habueritis
1336 1228 1370 1293 in

165 1327 342 1392 mandatis
371 1328 507 1409 Insuper
536 1325 625 1391 vobis
647 1325 804 1389 universis
830 1331 864 1390 et
885 1324 1020 1405 singulis
1040 1325 1232 1407 supradictis
1246 1329 1369 1408 praeci·

168 1429 282 1510 pimus
305 1436 338 1493 et
358 1428 543 1493 mandamus
565 1425 624 1490 sub
647 1442 750 1506 poena
764 1425 1096 1490 excommunicationis
1119 1426 1185 1507 jam
1207 1445 1368 1509 expressa,

167 1533 333 1608 quatenus
355 1545 539 1609 processum
560 1533 714 1603 nostrum,
737 1543 795 1607 per
817 1541 876 1589 nos
896 1525 930 1589 in
952 1531 1062 1590 sancta
1082 1526 1205 1607 synodo
1229 1527 1370 1608 publica·

169 1637 253 1705 turm,
277 1646 333 1693 vos
357 1635 389 1692 et
410 1634 553 1692 vestrum
567 1625 701 1707 quilibet
714 1625 749 1689 in
769 1625 957 1691 umbonibus
971 1626 1140 1707 publicetis
1165 1628 1282 1709 populo
1298 1629 1369 1693 bre·

169 1727 260 1791 viter
293 1734 325 1792 et
353 1728 548 1808 punctatim,
576 1725 750 1791 secundum
777 1726 909 1791 formam
937 1727 1027 1791 vobis
1056 1745 1126 1791 cum
1147 1732 1371 1809 praesentibus

169 1826 386 1905 offerendam
411 1836 444 1892 et
466 1827 505 1890 dc
520 1825 700 1908 hujusmodi
716 1826 903 1891 executione
927 1826 1020 1891 nobis
1041 1826 1082 1891 ad
1102 1834 1290 1908 praesentes
1302 1830 1369 1912 ple-

168 1946 248 1991 nam
279 1926 373 1992 fidem
403 1926 537 1990 faciatis.
567 1925 807 1990 Absolutionem
833 1943 909 1990 vero
942 1925 1187 2008 praemissorum
1208 1929 1300 1993 nobis
1321 1931 1374 1995 vel

168 2027 336 2108 superiori
373 2034 484 2092 nostro
511 2026 727 2091 tantummodo
761 2044 970 2091 reservamus.
1013 2026 1131 2092 Datum
1158 2027 1192 2091 in
1217 2028 1372 2110 Rudeicz,

166 2143 260 2192 anuo
282 2125 401 2192 domini
422 2124 624 2206 M⁰ccccx,
646 2126 697 2191 die
720 2126 827 2192 XVIII
847 2127 964 2192 mensis
985 2125 1075 2191 Julii.

167 2239 256 2310 „Ego
272 2239 408 2294 Martinus
425 2240 617 2309 vicoplebanus
634 2241 721 2294 sancti
930 2241 1040 2310 Septem
1058 2239 1148 2309 sigilla
1164 2255 1295 2309 oppressa
1312 2243 1373 2299 sine

163 2325 284 2381 Gaetuli
300 2324 436 2379 mandetis
453 2324 550 2379 vestris
567 2324 655 2393 parui,
673 2323 723 2379 secl
1051 2325 1257 2393 subscriptione.

275 2423 328 2477 pro
345 2414 409 2463 tunc
426 2407 516 2476 sigillo
534 2406 633 2462 carui.“

694 2778 697 2783 '
748 2769 809 2846 27.

148 2988 443 3099 Declaratio‚
482 3021 566 3102 qua
589 2991 647 3074 M.
680 2991 723 3076 J.
751 2990 847 3074 Hus
878 2994 1036 3102 aliique
1060 2999 1256 3107 magistri
1281 3001 1375 3081 uni-

149 3130 325 3211 versit.
371 3126 499 3239 Prag.
543 3126 826 3236 profitentur,
878 3156 924 3210 se
976 3129 1186 3237 quosdam
1240 3131 1374 3213 libros

360 3260 403 3344 J.
432 3259 597 3345 Wiclef
616 3261 789 3370 publice
817 3261 1064 3347 defensuros
1092 3293 1196 3347 esse.
1383 3273 1386 3280 '

606 3508 720 3576 Pragae,
738 3509 813 3576 1410,
831 3523 864 3563 m.
882 3508 937 3562 Jul.

269 3793 395 3859 (inserta
413 3791 541 3847 chronico
559 3795 702 3846 universit.
720 3792 810 3861 Prap.
829 3795 860 3845 in
876 3792 941 3847 MS.
965 3792 1063 3848 Vienn.
1085 3792 1170 3856 7650,
1182 3794 1207 3864 f.
1224 3791 1287 3858 98.)

285 4127 387 4207 „Mag
419 4129 561 4193 Joaunes
596 4127 636 4192 cle
670 4127 845 4208 Husinecu‚
878 4145 988 4193 sacrae
1019 4129 1115 4194 theol.
1149 4128 1374 4196 baccalaureus

199 4223 346 4307 formatus,
369 4227 421 4291 die
437 4227 593 4293 dominico
615 4228 758 4310 proximo
774 4228 917 4311 (ansul.)
940 4229 1038 4294 stabit
1052 4230 1205 4294 adversus
1227 4229 1374 4295 condem-

197 4334 314 4395 natores
336 4345 395 4410 pro
412 4327 595 4393 defensioue
616 4329 691 4393 libri
711 4328 754 4393 M.
769 4329 902 4395 Jonnnis
923 4329 1040 4394 Wiclef
1058 4330 1098 4394 de
1119 4331 1262 4396 increata
1276 4330 1373 4395 bene-

115 4422 118 4495 Ι
195 4429 272 4497 dicta
291 4437 326 4496 ct
346 4429 520 4495 venerabili
546 4429 698 4496 trinitate.
712 4428 745 4511 *)

189 4588 389 4603 ffl—

216 4647 244 4714 *l
260 4649 328 4697 Haec
345 4651 474 4697 declaratio
492 4650 558 4710 tvas
575 4650 640 4699 edita
651 4657 688 4702 est
706 4653 729 4698 iu
739 4650 801 4712 Opp.
819 4651 873 4699 Ilus
888 4651 908 4711 1,
922 4652 968 4699 105
980 4657 1006 4701 et
1017 4653 1061 4698 1³1
1072 4667 1108 4712 sq.
