2992 5258
151 458 212 520 562
409 452 613 506 Controversiae
632 451 665 505 de
683 451 812 518 religione
830 452 856 503 iu
875 448 1014 504 Bohemia:
1034 450 1107 503 1415.

153 660 186 721 et
200 656 379 720 bloravicae
393 675 431 743 *ac
454 653 552 719 totius
567 655 693 736 linguae
709 654 895 720 Slavonicae
911 653 1114 718 indelebilem
1138 651 1343 718 et'offensam.

152 756 212 834 Qui
245 762 351 821 tamen
372 757 513 822 ioannes
550 756 765 838 perplurima
794 761 940 838 tempora
963 754 1180 819 retroactam
1203 754 1282 819 locis
1303 754 1344 818 di·

150 856 252 921 versis
286 861 318 920 et
340 856 529 938 pracsertim
552 856 584 919 in
607 857 737 921 civitate
768 856 920 937 Pragensi
944 862 1167 932 conversatus,
1202 855 1344 919 inventus

151 963 201 1020 cst
223 975 317 1022 verus
340 957 460 1021 zelator
482 956 561 1036 legis
584 957 634 1021 dei
658 965 691 1021 et
713 956 834 1035 tidelm,
857 957 924 1020 vita
945 957 1028 1021 bona
1050 963 1083 1021 et
1105 954 1343 1020 couversatione

152 1055 301 1122 laudabili
325 1056 554 1138 comprobatus.
578 1056 712 1122 Vestrae
736 1057 834 1137 igitur
856 1056 1021 1121 Nobilitati
1044 1054 1241 1136 magnificae.
1264 1064 1337 1120 tarn

155 1176 247 1238 quiam
269 1158 349 1234 legis
371 1156 422 1221 dei
455 1157 586 1221 zelatori
611 1158 797 1239 praecipuo,
832 1158 933 1221 lamae
956 1157 1061 1237 gentis
1088 1165 1221 1222 nostrae
1243 1155 1343 1220 delen·

153 1258 218 1322 sori
229 1263 370 1337 strenuo,
394 1276 463 1322 cum
478 1257 600 1339 magilis
615 1258 719 1322 cordis
735 1259 836 1323 nostri
852 1258 1013 1322 doloribus
1029 1266 1061 1322 ct
1082 1256 1342 1323 inenarrabilibus

153 1359 299 1440 suspiriis
332 1365 365 1422 et
386 1357 556 1438 gemitibus
579 1364 700 1422 tantum
731 1359 828 1437 arelas,
863 1359 1019 1423 aseculis
1052 1360 1085 1422 in
1118 1357 1275 1422 Bobenia
1295 1363 1341 1422 aul

152 1459 294 1523 bloravia
315 1458 499 1534 inauditum,
522 1477 606 1522 nuuc
629 1477 702 1523 vero
726 1478 783 1541 per
805 1459 1047 1523 immanissimos
1064 1459 1295 1524 Olomucenses
1315 1457 1341 1521 iu

150 1559 433 1624 maculam‘lamae
463 1565 591 1623 nostrae
623 1559 765 1624 studiose
793 1565 1013 1643 perpetratum
1042 1559 1214 1623 relerimus
1242 1564 1276 1623 et
1300 1575 1340 1622 ro·

151 1679 270 1741 gamus,
294 1666 450 1741 (putatemus
472 1660 588 1725 nedum
612 1660 729 1725 Vestra
750 1660 924 1739 Nobilitas,
942 1662 1003 1726 imo
1026 1661 1144 1741 quique
1168 1660 1340 1740 terrigenae

152 1761 187 1825 iu
211 1780 318 1839 unium,
342 1760 431 1825 dives
454 1767 487 1824 ct
508 1778 641 1842 pauper,
669 1762 788 1825 nostris
811 1760 872 1825 imo
885 1763 951 1826 suis
962 1780 1021 1844 pro
1044 1779 1081 1827 eo
1105 1761 1275 1825 condoleat
1295 1758 1340 1824 do·

150 1861 279 1940 loribus,
302 1859 513 1942 compatiatur
535 1861 716 1942 gemitibus,
739 1860 928 1927 Consideret
943 1867 976 1926 et
998 1862 1105 1927 videat
1120 1861 1336 1942 cuneusquisque

151 1980 242 2042 quam
274 1960 465 2026 horrendam
487 1962 640 2026 maculam
678 1961 817 2042 glorioso
841 1969 951 2027 nostro
987 1980 1086 2043 regno
1110 1961 1284 2027 Bohemiac
1311 1966 1337 2024 et

150 2061 313 2143 praeclaro
336 2061 565 2125 marelrionatui
588 2061 751 2126 bloraviae
767 2061 884 2127 inimici
912 2065 1016 2143 gentis
1032 2069 1162 2128 nostrae
1184 2063 1336 2144 imponere

150 2162 329 2240 voluerunt,
353 2169 386 2226 et
401 2168 552 2242 quantum
567 2162 600 2224 in
622 2162 668 2226 eis
680 2162 750 2241 iuuit,
767 2164 968 2229 callidissime
991 2170 1177 2246 posueruut.
1212 2163 1333 2227 Mortem

151 2262 276 2344 quuidem
299 2263 449 2342 ipsorum,
473 2268 631 2342 tamquam
654 2271 786 2329 mortem
799 2265 923 2329 felicem
936 2270 971 2329 ut
993 2283 1160 2346 speramus
1181 2264 1332 2345 justorum,

149 2362 313 2428 laudamus
336 2362 423 2427 etin
446 2381 484 2426 ea
505 2362 680 2441 gautlemus
704 2384 742 2428 cx
764 2365 884 2428 altimo:
909 2364 966 2428 sed
988 2364 1224 2429 simulat-ionem
1246 2362 1331 2426 inimi·

151 2479 259 2524 corum
291 2461 396 2541 gentis
418 2467 551 2526 nostrae¹
581 2461 725 2526 callidam
760 2462 888 2526 uitulum
921 2462 1133 2542 detestamur,
1168 2481 1230 2544 qua
1250 2460 1330 2526 veluti

146 2561 225 2641 justi
244 2560 367 2641 judices
382 2561 590 2642 arripuerunt
612 2562 672 2626 sibi
684 2562 837 2643 jrulicium
861 2562 943 2640 fidei,
966 2570 1001 2626 ut
1024 2562 1213 2628 innocentes
1235 2558 1328 2627 callide

150 2660 255 2725 subito
278 2660 542 2741 condemnarent,
576 2668 609 2727 et
631 2681 689 2727 nos
723 2683 759 2727 ac
782 2669 929 2745 posteros
955 2672 1083 2728 nostros
1106 2670 1184 2729 uota
1205 2661 1327 2727 haeresis

149 2761 293 2825 callidius
316 2762 520 2826 unaerulareut.
550 2762 622 2828 Dat.
646 2765 776 2844 Progne,
800 2765 850 2827 die
875 2765 951 2831 l'lII
972 2764 1059 2841 lulli,
1084 2770 1262 2829 rectoratus
1281 2760 1325 2824 sub

149 2862 262 2941 sigillo.

248 2960 340 3014 Nobili
358 2968 385 3014 ot
402 2960 544 3027 magnifico
562 2960 595 3014 Ι),
614 2961 746 3017 Isacakoni
766 2962 799 3015 de
818 2963 931 3016 Kranae

280 3045 455 3110 galioruatori
467 3046 614 3111 bloraviae,
634 3045 741 3098 domino
760 3054 851 3099 nostro
870 3062 929 3114 gru·

281 3128 426 3180 tiosissimo
445 3135 472 3181 et
489 3128 599 3182 fautori.

748 3214 862 3266 ltrietius
875 3213 909 3267 dc
921 3214 1007 3277 Buda,
1025 3215 1156 3281 magister
1168 3215 1261 3269 artium
1270 3212 1320 3265 libe·

778 3297 884 3363 ralium,
909 3303 1011 3363 rector,
1039 3296 1200 3366 plurimique
1222 3290 1319 3364 nuperi

778 3381 964 3434 inuniversitatis
982 3381 1063 3436 studii
1082 3381 1233 3449 Prageusis.

246 3481 405 3562 Scriptum
427 3499 509 3546 anno
533 3481 614 3545 dom.
641 3485 728 3559 1415,
753 3483 803 3545 die
828 3484 902 3547 l'lll
924 3484 1008 3548 Julii.
