2992 5258
112 376 118 390 ⁵
154 409 214 470 110
371 402 510 471 Epistolae
527 402 645 470 scriptae
662 400 836 455 monendae
855 415 948 455 mense
965 401 1048 455 Jnnio
1067 403 1132 455 141⁶

713 604 828 757 ca

537 836 948 923 Eisdem.

153 1056 255 1109 C'lrristi
270 1056 377 1110 cnsilio
394 1073 421 1107 se
438 1057 469 1108 io
480 1053 596 1107 ueritate
607 1056 848 1129 perseveraturam
860 1060 964 1121 sperat,
984 1050 1224 1120 eolloqar'amcam
1238 1044 1354 1117 Palatio

150 1139 245 1210 refert,
263 1140 303 1193 od
319 1141 473 1193 cautionem
491 1138 678 1191 adhibendam
696 1136 867 1199 cohortatur,
884 1136 994 1189 somnia
1011 1134 1150 1204 wordum
1167 1140 1221 1188 sao
1234 1133 1349 1190 'namt

632 1306 719 1369 (1415,
740 1318 774 1359 m·
792 1303 871 1367 Jun.)
939 1374 942 1379 ἢ

351 1462 524 1543 „Respondet
541 1488 623 1541 super
640 1471 769 1526 intimatis
787 1471 852 1539 sibi,
876 1462 907 1524 ut
924 1475 978 1524 stet
1001 1469 1032 1553 ln¹
1047 1440 1178 1538 renate,
1201 1464 1262 1524 cum
1280 1452 1352 1525 reia·¹

416 1557 490 1612 tione
507 1555 722 1624 inproperiorrrm
740 1554 791 1609 sibi
810 1559 873 1608 ante
886 1552 1027 1620 lectorum,
1046 1552 1169 1621 referens
1187 1564 1252 1608 snas
1271 1552 1350 1618 νίβίο·Ι

417 1656 467 1695 nes
484 1639 518 1694 de
536 1636 623 1693 modis
642 1637 806 1706 captivitatis
824 1643 852 1691 et
870 1635 1086 1691 nncnlomm.“·
1143 1666 1146 1670 ·
1191 1640 1194 1645 '
1316 1630 1322 1645 ‘

250 1810 423 1877 Consilium
452 1809 571 1875 domini
600 1807 698 1889 diligo
727 1824 826 1888 snper
855 1825 967 1871 aurum
996 1814 1030 1874 et
1056 1806 1213 1888 topasion
1256 1805 1350 1873 Unde

151 1931 244 1996 spero
267 1914 309 1978 de
339 1910 559 1978 misericordia
588 1909 669 1974 Jesu
697 1907 830 1989 Christi,
866 1906 951 1990 qnod
978 1907 1068 1972 dabit
1084 1906 1171 1973 -mlhi
1202 1909 1354 1991 spiritum

151 2032 242 2079 suum
263 2013 303 2078 ad
323 2011 472 2078 standum
499 2011 533 2076 in
555 2009 708 2088 veritate
736 2027 808 2074 nem
835 2009 967 2091 spiritus
995 2013 1162 2090 promptus
1183 2013 1245 2089 est,
1259 2016 1262 2023 '
1275 2026 1353 2075 mro

150 2121 258 2180 autem
286 2110 418 2177 infirma.
461 2110 621 2176 Dominus
638 2109 839 2192 omnipotens
868 2109 911 2174 sit
941 2127 1063 2175 merces
1092 2115 1224 2175 aeterna
1244 2107 1349 2175 domi·

150 2233 262 2281 norum
288 2230 444 2291 meorum,
473 2211 526 2292 qui
555 2216 750 2289 constanter,
785 2208 920 2275 firmiter
951 2217 984 2275 et
1012 2208 1152 2275 fideliter
1180 2216 1270 2275 stant
1291 2227 1354 2291 pro

147 2313 286 2396 jnstitia3
320 2313 434 2394 quibus
456 2311 543 2377 dabit
565 2310 644 2375 deus
666 2311 698 2374 in
721 2328 819 2392 regno
835 2309 1007 2375 Bohemiae
1040 2327 1272 2390 recognoscere
1294 2328 1351 2375 ve·

151 2415 287 2493 ritatem,
317 2432 411 2495 quam
426 2416 658 2493 assonantur,
682 2428 814 2477 necesse
829 2418 880 2477 est
901 2429 957 2477 eos
979 2411 1086 2475 redire
1101 2411 1141 2476 ad
1155 2410 1349 2486 Bohemiam,

151 2513 371 2597 postponendo
393 2532 506 2580 vanem
533 2514 667 2595 gloriam
687 2520 722 2578 et
753 2513 914 2594 sequendo
948 2530 1057 2594 regem
1081 2530 1146 2578 non
1172 2511 1353 2588 mortalem‚=

150 2615 313 2693 miserum,
342 2615 401 2681 sed
429 2633 537 2697 regem
558 2614 695 2696 gloriae,
718 2616 772 2696 qui
793 2615 848 2680 dat
870 2615 968 2680 vitam
989 2619 1161 2680 aeternam.
1188 2613 1233 2678 .0
1256 2630 1354 2693 qnam

149 2719 242 2796 grata
266 2734 377 2781 manus
399 2716 561 2798 porrectio
588 2714 649 2780 luit
671 2715 708 2779 D.
723 2715 869 2787 loannis,
888 2715 941 2796 qni
965 2733 1027 2780 non
1050 2720 1102 2779 est
1114 2711 1355 2778 verecundatus

150 2813 225 2879 mihi
247 2814 363 2882 misero
384 2833 510 2881 manum
531 2815 707 2897 porrigere,
730 2823 794 2880 tam
810 2815 934 2896 abJ'eoto
956 2815 1119 2880 haeretico
1139 2821 1174 2880 et
1195 2813 1351 2880 inferrato

151 2919 184 2979 et
210 2914 300 2994 quasi
328 2916 369 2980 ab
397 2914 542 2980 omnibus
571 2915 749 2981 inclamato.
791 2915 864 2981 Jarn
902 2915 985 2980 forte
1016 2933 1079 2980 non
1109 2916 1208 2980 multa
1236 2914 1352 2996 loquar

150 3014 321 3080 vobiscum.
366 3015 442 3080 ldeo
468 3015 616 3081 aduletis
638 3022 799 3099 tempore,
830 3015 1079 3097 providebitis,
1107 3032 1216 3080 omnes
1237 3013 1350 3080 fideles

151 3114 317 3182 Bohemos.
340 3116 456 3182 Palem
478 3116 593 3199 (venit)
609 3116 650 3183 ad
672 3134 721 3181 me
743 3117 776 3181 in
797 3116 932 3181 maxima
953 3113 1136 3181 infirmitate
1156 3117 1350 3182 incarcere:

72 3298 75 3304 Ι
149 3215 299 3282 salutatio
320 3215 381 3282 luit
401 3216 464 3282 ista
486 3234 593 3310 coram
615 3216 849 3293 commissariis
871 3215 956 3298 quod
972 3233 1055 3295 „non
1071 3216 1210 3282 surrexit
1225 3217 1351 3298 perieu-

150 3315 249 3382 losior
270 3316 450 3382 haereticus
472 3335 492 3381 n
513 3317 681 3383 nativitate
704 3317 833 3396 Christi,
856 3323 986 3399 praeter
1008 3315 1133 3395 violet,
1167 3335 1261 3397 quam
1283 3317 1350 3382 tn‘.

150 3414 231 3480 Item
253 3415 342 3495 dixit
365 3415 449 3498 quod
473 3434 613 3497 „omnes
637 3417 690 3498 qui
712 3435 892 3483 sermonem
906 3435 1010 3482 meum
1032 3418 1250 3499 visitaverunt
1274 3426 1352 3484 sunl

151 3515 260 3581 inlecti
285 3517 349 3581 ista
361 3515 502 3582 haeresi:
533 3516 719 3583 Substantia
741 3517 831 3599 panis
850 3516 1023 3582 materialis
1038 3523 1180 3582 remanet
1194 3518 1227 3582 in
1242 3534 1350 3584 sacra·

153 3621 261 3682 mento
282 3615 421 3682 almus!
466 3615 525 3682 Cui
547 3615 627 3681 dixi:
655 3617 702 3692 „0
722 3617 889 3698 magister,
918 3635 1010 3698 quam
1032 3618 1173 3698 graviter
1192 3637 1243 3682 mo
1265 3619 1354 3685 salu·

152 3714 237 3795 testi,
260 3721 294 3780 et
304 3733 397 3796 quam
411 3717 554 3798 graviter
568 3717 696 3799 peocasl
722 3717 804 3782 Ecce
820 3718 946 3795 moriar,
963 3718 1014 3782 vel
1028 3719 1111 3783 forte
1128 3719 1352 3800 consurgendo

152 3817 327 3883 comburar.
377 3816 460 3894 Quid
489 3835 566 3898 ergo
600 3818 728 3884 dabitur
759 3819 900 3885 muneris
931 3819 989 3884 tibi
1016 3819 1048 3883 in
1080 3818 1251 3885 Bohemia“
1288 3826 1350 3886 etc.

151 3913 241 3980 Istud
264 3916 347 3983 forte
369 3935 432 3984 non
455 3917 551 3983 debui
574 3918 728 3997 scribere,
751 3936 793 3982 ne
814 3918 898 3984 forte
920 3919 1029 3984 videar
1051 3936 1121 3983 eum
1144 3919 1225 3985 male
1248 3919 1350 3985 odire.

152 4015 285 4099 Semper
301 4017 399 4083 habui
414 4017 446 4082 in
466 4018 561 4084 corde
576 4036 662 4085 meo:
689 4018 813 4099 „Nolite
829 4018 1036 4085 confiderem
1052 4020 1268 4101 principibus“
1289 4026 1349 4086 etc.

152 4116 194 4182 Et
214 4119 346 4183 iterum:
382 4118 590 4200 „Maledictus
612 4119 719 4198 horno,
753 4120 808 4201 qni
830 4119 960 4185 confidit
988 4121 1019 4184 io
1052 4121 1176 4185 homine
1204 4128 1238 4186 et
1260 4122 1351 4203 ponit

152 4236 278 4283 carnem
300 4219 464 4284 brachium
497 4224 615 4283 snum·
661 4220 798 4301 Propter
819 4219 922 4300 deum,
952 4221 1023 4286 sitis
1045 4222 1130 4286 cauti
1152 4221 1184 4285 in
1208 4226 1295 4287 statu
1318 4226 1352 4287 et

152 4318 271 4392 reditu;
293 4320 403 4385 literas
425 4337 488 4385 non
511 4320 657 4403 portetis,
680 4320 805 4387 libellos
827 4340 885 4403 per
906 4322 1022 4388 amicos
1044 4322 1178 4404 sparsim
1194 4321 1349 4403 dirigatis,

152 4416 266 4483 Sciatis
296 4438 353 4500 pro
381 4422 485 4500 certo,
518 4419 601 4502 quod
634 4439 778 4501 magnam
811 4440 948 4503 pugnam
982 4422 1077 4488 habui
1108 4441 1179 4487 cnm
1208 4421 1350 4508 somniis

153 4518 253 4585 need
276 4519 346 4602 ipsa
377 4519 603 4597 declamarem
645 4539 717 4587 nam
739 4523 919 4608 evasionem
952 4542 1053 4605 papae
1083 4529 1157 4590 ante
1184 4525 1347 4600 somniavi,

153 4625 185 4683 et
214 4624 287 4701 post
317 4619 533 4687 narrationem
555 4621 592 4687 Ι).
616 4620 759 4687 ioannes
788 4623 897 4688 statim
926 4622 958 4689 in
985 4631 1079 4696 nocte
1104 4623 1199 4689 dixit:
1230 4623 1350 4699 „Vobis
