2992 5258
153 423 213 488 186
395 419 685 475 terraconam.
704 419 763 474 Hus
781 419 894 489 ejusque
911 432 1051 488 responsa.
1084 420 1109 474 ὅ.

250 619 281 684 3.
306 621 418 701 „Quod
440 621 546 684 nollns
568 622 746 702 praescitos
774 621 821 684 vel
841 621 976 683 coiciens
1000 622 1038 683 in
1062 626 1186 701 peccato
1213 617 1345 682 mortali

150 720 235 782 sedet
262 723 297 782 in
323 722 496 802 apostolico
522 722 593 783 sede
614 721 717 800 Petri,
747 742 801 783 nec
822 723 911 783 habet
928 728 1115 801 potestatem
1135 720 1344 801 apostolicam

151 820 186 882 in
201 819 321 901 populo
342 823 544 883 christiano.“
590 821 690 886 Error
711 827 747 885 ut
769 821 867 902 prins.

250 918 279 980 4.
306 921 417 1001 „Quod
438 921 520 983 nulli
539 921 688 1001 praesciti
709 928 783 981 scint
798 921 836 982 da
849 920 985 998 ecclesio,
1006 940 1100 1000 nequa
1113 918 1270 993 similiter,
1292 918 1345 999 qai

150 1039 216 1081 non
236 1020 404 1082 imitanter
424 1021 522 1081 vitam
534 1019 682 1085 Citristi.“
714 1020 815 1084 Error
836 1026 947 1085 contra
969 1039 1162 1085 communem
1177 1020 1344 1085 doctorum

149 1113 366 1201 acceptionem
388 1120 427 1185 de
449 1121 591 1185 ecclesia

249 1217 278 1279 5.
302 1219 416 1300 ,3and
436 1221 487 1283 ilii
515 1220 575 1283 soli
596 1227 670 1282 soni
691 1222 728 1281 da
755 1220 880 1282 occissio
910 1229 937 1282 ot
963 1219 1069 1281 sedent
1093 1219 1221 1282 insede
1241 1218 1345 1291 Part,

150 1317 295 1380 habentes
316 1321 532 1382 oricioriiotsm
553 1319 768 1400 apostolicam,
790 1321 842 1399 qni
865 1319 1025 1382 Christano
1051 1326 1080 1380 st
1100 1316 1259 1399 apostolos
1277 1318 1345 1400 ejas

149 1417 320 1480 imitantur
347 1420 383 1481 in
408 1421 502 1482 nito.“
547 1421 647 1491 Emer
673 1420 706 1484 in
736 1418 797 1484 fide
827 1425 860 1485 et
886 1419 1043 1496 moribus,
1076 1420 1159 1484 sicut
1184 1419 1218 1483 in
1240 1418 1344 1500 primo

150 1517 292 1599 articulo,
316 1519 386 1601 plus
408 1520 610 1599 arrogantiae
633 1525 668 1598 et·
687 1520 877 1584 temeritatis
899 1521 984 1585 ultra
1005 1519 1134 1584 habens,

248 1615 279 1677 6.
305 1618 417 1699 „Quod
447 1621 548 1681 omnis
577 1622 648 1682 berec
669 1620 771 1681 nitreas
796 1618 966 1681 secondom
985 1619 1084 1681 citam
1106 1618 1227 1682 Christi
1240 1623 1346 1698 potest

150 1723 179 1777 et
200 1714 284 1779 debet
300 1717 406 1780 docere
423 1719 580 1799 palamst
596 1720 797 1799 praedicare,
821 1720 918 1780 etiam
943 1739 1007 1779 non
1028 1720 1144 1780 missam
1160 1737 1220 1798 per
1240 1736 1346 1797 quern-

150 1836 265 1897 conqac
288 1819 470 1898 praelatam
485 1819 530 1881 vel
551 1826 705 1892 carratam,
733 1819 797 1881 into
818 1820 914 1881 etiarn
935 1819 980 1880 od
1001 1819 1058 1880 icoc
1072 1824 1176 1899 potest
1201 1822 1229 1879 et
1249 1816 1346 1893 deici,

150 1916 219 1979 licei
246 1918 289 1979 sit
312 1920 493 1998 prohibitos
522 1920 561 1979 ob
587 1919 631 1979 eis
656 1918 703 1980 ool
722 1919 1014 1992 escommoaicotos,
1035 1918 1114 1979 siorrt
1133 1917 1347 1997 elemosynam

150 2015 229 2077 dora
255 2026 360 2096 posset
394 2026 422 2079 et
451 2019 584 2093 deberet,
624 2020 697 2098 φάη,
727 2021 807 2080 bono
836 2020 901 2079 vito
934 2026 962 2079 et
994 2018 1125 2079 scientio
1156 2016 1348 2097 sufficienter

150 2116 279 2177 mittant
300 2121 397 2179 eom.“
442 2119 542 2182 Error
570 2118 757 2183 temerarius
787 2125 820 2182 et
841 2118 1044 2182 scandalosus
1067 2125 1099 2181 et
1122 2117 1220 2181 totius
1242 2116 1345 2180 eccie-

149 2216 296 2282 siasticae
318 2218 515 2283 hierarchiae
538 2218 727 2283 confusions.

251 2317 276 2376 7.
303 2317 415 2397 „Quod
431 2339 521 2399 popo
533 2320 700 2381 Romanos
721 2318 808 2379 olins
828 2338 851 2379 o
864 2316 988 2379 Christo
1010 2338 1074 2378 non
1094 2323 1139 2378 est
1153 2312 1347 2378 universalia

149 2415 315 2496 episcopua,
344 2438 398 2480 nec
418 2419 542 2481 ecclesio
564 2420 715 2481 Romano
737 2419 827 2480 itabat
844 2418 1023 2497 pamniam
1048 2437 1141 2497 stipor
1161 2416 1257 2488 olias,
1280 2414 1345 2477 nisi

147 2515 263 2591 forsan
284 2538 305 2579 o
328 2517 469 2597 Carere,
491 2540 555 2579 non
576 2539 598 2581 o
621 2519 777 2583 Christo“.
799 2518 901 2582 Error
922 2517 1044 2599 pridem
1066 2523 1099 2581 et
1121 2533 1273 2598 expresse
1288 2532 1342 2579 re-

149 2617 303 2697 pronatus
325 2625 436 2684 contra
456 2619 623 2684 Padnanoa
645 2625 678 2684 et
699 2618 862 2684 Gendinos
884 2623 917 2682 et
939 2633 1100 2697 sequaces.

248 2715 277 2780 8.
301 2718 414 2794 „Quod
430 2740 520 2799 popo
540 2740 605 2780 non
626 2719 709 2781 eiciet
730 2718 834 2779 vocari
854 2718 1081 2779 sanctissimus.
1101 2714 1262 2794 nccpedes
1275 2715 1344 2797 ejas

150 2817 245 2897 boati,
276 2839 331 2880 aec
361 2827 437 2882 sant
469 2818 660 2883 cantantia
705 2818 806 2883 Error
837 2817 1042 2897 temerarius,
1070 2818 1287 2882 irreverenter
1309 2821 1343 2880 et

150 2918 334 2984 scandaloso
356 2918 544 3000 publicatus.

247 3018 278 3082 9.
302 3019 415 3101 „Quod
441 3020 610 3082 secundnm
639 3019 817 3081 doctrinam
839 3018 959 3082 Christi
990 3037 1056 3079 non
1090 3023 1135 3077 esi
1167 3014 1344 3098 infr-aenda

148 3140 235 3182 mors
247 3121 344 3183 ctiam
357 3121 520 3183 haereticis
536 3118 813 3201 incomiqiiiiiboa
835 3139 890 3180 nec
904 3116 1151 3199 fulminandum
1179 3122 1225 3177 ast
1244 3116 1344 3177 inter·

150 3220 296 3282 dictnrn.“
341 3221 442 3286 Error
463 3221 703 3286 Donatistarum
733 3219 903 3284 temerarie
930 3226 963 3282 et
993 3216 1178 3282 scandalose
1200 3222 1345 3280 assertus

151 3320 303 3386 adversus
326 3322 560 3386 ecclesiasticae
583 3320 769 3401 disciplinae
799 3321 886 3398 leges
908 3318 1015 3397 datas,
1048 3319 1132 3382 sicut
1152 3315 1259 3396 arguit
1279 3314 1346 3378 Au·

148 3429 303 3586 gustlnffi:
323 3521 436 3599 „Quod
456 3520 574 3582 ennodio·
595 3526 623 3581 st
642 3515 756 3600 pileinji
773 3525 907 3599 possunt
928 3525 957 3578 ct
979 3516 1086 3579 debent
1103 3515 1217 3597 poliam
1238 3523 1266 3578 et
1282 3536 1346 3596 W·

149 3620 225 3683 blica
245 3621 381 3703 aereaere
401 3629 430 3681 ct
450 3619 639 3701 redoryaero
659 3621 737 3681 aritio
759 3620 966 3698 superiorum,
993 3616 1073 3679 raalai
1094 3619 1240 3679 tabentes
1256 3623 1347 3697 pote·

149 3727 264 3782 statem
291 3741 312 3782 o
335 3719 459 3785 Christo
484 3728 512 3782 et
540 3720 715 3801 eremplrnn
743 3740 764 3780 o
786 3719 893 3780 Panlo
922 3719 1009 3779 istud
1025 3717 1198 3799 sociandi.“
1243 3715 1347 3781 Error

149 3821 346 3902 perniciosus
370 3828 403 3885 et
424 3821 635 3899 scandaloso,
656 3821 754 3885 totins
776 3819 968 3897 rebellioniS,
990 3818 1234 3898 inobedientiae,
1260 3817 1346 3883 sedi·

149 3919 245 3984 tionis
267 3926 301 3984 et
321 3920 550 3985 maledictionis
572 3920 670 3984 Cinam
691 3919 882 3985 inductivas,

251 4019 296 4080 ll.
322 4020 436 4101 „Qnai
456 4020 542 4082 solua
558 4021 712 4098 Oinistns,
735 4027 763 4080 et
784 4039 851 4080 non
869 4040 966 4099 popa,
990 4025 1035 4079 est
1056 4024 1150 4098 captet
1170 4015 1343 4081 aalaiaa·

149 4120 250 4186 Error
273 4121 365 4202 juxta
393 4140 587 4187 communem
607 4123 773 4186 doctorum
795 4121 1022 4201 acceptionem,
1044 4119 1072 4183 ai
1094 4118 1195 4183 omnis
1217 4136 1238 4182 a
1258 4136 1345 4201 papa

148 4221 232 4285 ratio
253 4222 367 4303 capitis
389 4221 583 4287 excludatur.

251 4320 299 4381 12.
324 4321 436 4402 „Quod
463 4323 532 4385 solo
561 4319 684 4383 ecclesio
715 4321 875 4382 continens
896 4319 1149 4399 praedestinatos
1173 4323 1202 4378 et
1223 4318 1348 4381 imari-

149 4426 251 4480 oentcs
278 4429 323 4483 ost
344 4422 529 4484 aniversalis
550 4418 682 4493 ecclesio,
722 4423 771 4482 coi
793 4421 917 4482 debetur
939 4420 1120 4491 obedientia,
1149 4424 1178 4478 ei
1199 4437 1265 4479 non
1285 4415 1352 4480 illo

150 4520 311 4603 Romano,
340 4542 416 4604 qaae
442 4524 580 4586 oliorom
606 4523 761 4603 moyistro
783 4519 867 4584 molo
887 4519 1099 4583 nontinotnr.“
1145 4516 1248 4583 Error
1269 4534 1349 4583 con·

150 4619 296 4686 formiter
323 4623 364 4689 od
393 4623 646 4706 praecedentem.
