2992 5258
408 391 486 445 annis
505 390 668 443 totis—1412
685 394 747 442 ante
765 387 882 441 exilium.
916 392 940 442 8.
1238 391 1275 457 17

89 595 216 671 Rursus,
246 594 370 676 siquid
398 595 468 676 ipse
499 591 672 674 proconsul
690 590 817 673 Jubeat‚
851 594 884 655 et
918 589 1003 655 aliud
1032 590 1143 672 jubeat
1176 593 1275 675 impe

89 701 193 775 rator,
232 694 384 777 numquid
420 693 596 770 dubitatur,
637 692 691 757 illo
726 697 907 773 contempto
946 691 1000 757 isti
1032 710 1103 756 esse
1135 695 1276 760 seruien-

88 793 180 858 dum?
220 793 306 875 Ergo
346 795 373 859 si
405 793 491 859 aliud
528 793 620 874 iubet
658 791 831 875 imperator
866 811 884 857 a
916 791 991 872 deo,
1022 810 1060 857 eo
1096 800 1276 878 contempto

87 893 367 976 obtemperandum
390 899 440 958 est
463 893 534 959 deo.
555 892 713 959 Potestati
736 910 812 973 ergo
836 891 952 959 diaboli
974 893 1024 957 vel
1044 893 1178 959 hominis
1202 901 1276 960 tunc

88 993 274 1074 resistimus,
296 1012 365 1079 cum
388 993 506 1076 aliquid
528 999 641 1059 contra
662 992 753 1057 deum
777 993 991 1073 suggesserim
1013 993 1045 1056 in
1068 1011 1129 1074 quo
1151 994 1203 1059 dei
1224 1013 1274 1060 or·

87 1093 240 1159 dinationi
262 1113 324 1160 non
340 1095 529 1174 resistimus,
551 1093 609 1159 sed
624 1094 887 1176 obtemperamus.
910 1093 961 1159 Sic
984 1094 1066 1158 enim
1092 1094 1170 1159 deus
1185 1114 1276 1178 prae-

88 1195 179 1276 cepit
213 1200 250 1259 ut
270 1194 302 1258 in
325 1194 414 1260 malis
440 1194 517 1259 nulli
548 1195 699 1276 potestati
730 1193 920 1259 obediamus.
962 1193 1051 1259 Haec
1071 1196 1274 1275 Augustinus

89 1294 134 1359 Ad
157 1293 240 1359 idem
262 1293 340 1359 dicit
361 1294 537 1374 Gregorius
551 1294 662 1360 ultimo
681 1293 859 1359 moralium:
882 1292 1059 1373 Sciendum,
1082 1295 1193 1377 inquit,
1218 1303 1277 1376 est

89 1393 170 1474 quod
186 1412 354 1475 numquam
376 1412 434 1476 per
455 1391 668 1459 obedientiam
689 1393 805 1459 malum
827 1393 923 1460 debet
937 1392 1015 1459 heri.
1060 1394 1141 1459 Item
1161 1395 1295 1468 beatus,

90 1492 281 1558 Benedictus
296 1494 329 1574 ¹¹)
351 1494 383 1558 in
406 1494 539 1575 quadam
561 1492 697 1575 epistola
718 1492 808 1558 dicit:
831 1494 950 1559 Facere
971 1494 1085 1559 malum
1106 1495 1277 1579 quodlibet,

91 1594 184 1659 etiam
203 1593 353 1674 iubente:
369 1599 494 1659 constat
515 1611 577 1658 non
601 1611 673 1658 osse
695 1592 916 1671 obedienciam,
944 1592 1000 1658 sed
1023 1594 1277 1662 inobedientiam.

91 1693 169 1758 ltem
186 1693 301 1758 beatus
316 1693 467 1772 Isidorus,
490 1701 523 1759 et
538 1694 673 1759 babetur
687 1693 733 1758 XI
747 1702 868 1775 quaest.
884 1699 935 1759 3³:
960 1694 992 1759 Si
1009 1696 1045 1773 is,
1062 1695 1114 1776 qui
1140 1705 1279 1778 praeest,

90 1792 202 1859 lecerit
222 1794 402 1875 quidquam,
416 1793 500 1876 quod
514 1813 534 1859 a
548 1793 674 1860 domino
689 1804 749 1874 est,
771 1802 826 1860 sut
847 1794 951 1860 fecere
961 1794 1107 1875 iusserit,
1130 1796 1178 1861 vel
1195 1798 1279 1878 quod

92 1893 243 1975 scriptum
257 1901 318 1970 est,
340 1895 553 1977 praeterierit
576 1900 632 1960 aut
645 1893 822 1976 praeterire
843 1893 1048 1975 mandaverit,
1071 1897 1170 1962 sancti
1191 1898 1279 1963 Pauli

92 1995 251 2060 sententia
273 1994 447 2077 ingerenda
469 2001 520 2061 est
541 1995 610 2074 sibi,
633 1994 784 2059 dicentis:
814 1994 917 2060 Etiam
939 1995 964 2059 si
987 2013 1045 2061 nos
1075 1996 1126 2061 vel
1147 1998 1279 2079 angelus

91 2093 130 2158 de
151 2094 242 2161 coelo
264 2094 468 2161 descenderit
490 2102 523 2161 et
544 2094 810 2175 evangelizaverit
830 2095 920 2159 vobis
941 2101 1163 2177 praeterquam
1186 2114 1278 2163 evan·

92 2194 302 2275 gelizauimus
324 2197 491 2274 anathema
512 2196 570 2275 sit;
600 2201 633 2260 et
662 2195 821 2275 sequitur:
854 2194 886 2259 Si
913 2195 983 2277 quis
1011 2196 1158 2278 prohibet
1180 2197 1278 2277 vobis,

93 2294 217 2375 quoda
246 2293 372 2360 domino
399 2301 604 2378 praeceptum
625 2301 690 2374 est,
718 2295 768 2360 vel
796 2312 905 2360 rursus
926 2296 1062 2378 imperet
1083 2294 1169 2378 fieri,
1196 2297 1278 2379 quod

91 2394 234 2461 dominus
255 2393 324 2460 heri
347 2395 504 2477 prohibet.
527 2394 730 2460 exsecrabilis
753 2395 796 2458 sit
817 2394 971 2476 omuibus,
993 2396 1046 2476 qui
1069 2393 1203 2477 diligunt
1225 2396 1279 2462 do-

93 2495 217 2559 minum.
249 2494 293 2560 ut
317 2496 474 2577 sequitur:
506 2494 547 2573 Is,
570 2495 623 2576 qui
646 2501 782 2578 praeest,
811 2495 846 2559 si·
864 2502 993 2577 praeter
1013 2495 1205 2562 voluntatem
1228 2496 1279 2561 dci

94 2594 140 2659 uel
172 2600 302 2677 praeter
334 2595 417 2677 quod
449 2596 481 2660 in
522 2595 689 2677 scripturis
726 2595 844 2660 sanctis
879 2594 1043 2660 evidenter
1075 2596 1277 2678 praecipitur,

94 2693 167 2761 dicit
187 2694 316 2776 aliquod
337 2696 388 2761 vel
409 2697 557 2778 imperat,
591 2701 747 2776 tamquam
775 2695 872 2760 falsus
894 2695 986 2760 testis
1012 2695 1063 2760 dei
1102 2704 1157 2762 aut
1183 2698 1276 2763 sacri-

94 2794 180 2875 legus
203 2796 367 2862 habeatur.

190 2894 237 2960 Ex
260 2896 309 2960 his
330 2896 465 2976 videtur,
488 2896 571 2979 quod
593 2896 800 2978 prohibentes
833 2895 1016 2977 praedicare
1045 2902 1120 2961 sunt
1140 2894 1209 2962 falsi
1232 2902 1279 2965 te·

96 3003 156 3061 stes
190 3002 223 3060 et
252 2996 398 3078 sacrilegi
437 3005 471 3063 et
498 3014 556 3079 per
584 3012 780 3077 consequens
809 3015 828 3060 a
857 2996 982 3060 domino
1011 2997 1278 3076 excommunicati,

93 3096 180 3175 juxte
194 3095 313 3161 dictum
334 3096 512 3179 prophetae
534 3094 889 3162 excommunicationum
910 3096 1159 3177 pronuntiantis:
1182 3095 1280 3161 Male·

96 3194 177 3277 dicti,
200 3197 255 3277 qui
277 3194 437 3262 declinant
459 3215 477 3261 a
498 3195 653 3262 mandatis
676 3194 747 3260 tuis.
772 3194 813 3259 Et
835 3195 938 3276 quoad
959 3213 1061 3259 meum
1084 3195 1278 3277 propositum

96 3293 305 3378 Hieronymus
326 3295 366 3361 ad
387 3297 550 3362 Rusticum
581 3295 822 3379 Narbonensem
850 3293 1033 3377 episcopum
1055 3293 1147 3360 dicit:
1179 3294 1279 3363 Nemo

96 3394 165 3461 hinc
194 3396 415 3479 episcoporum
443 3395 562 3462 invidia
591 3395 766 3462 diabolicae
787 3394 972 3460 tentationis
1003 3393 1140 3475 infletur,
1162 3394 1279 3462 irasca-

97 3504 153 3574 tur,
175 3495 203 3560 si
226 3495 352 3578 plebem
373 3495 531 3561 interdum
553 3495 731 3578 presbyteri
763 3495 987 3573 exhortentur,
1020 3495 1047 3558 si
1076 3495 1107 3559 in
1138 3495 1280 3561 ecclesiis

97 3596 288 3677 praedicent
322 3595 348 3659 si
381 3595 475 3677 plebi,
506 3602 541 3661 ut
564 3596 681 3662 dictum
713 3601 777 3674 est,
810 3594 1013 3674 benedicant;
1042 3595 1158 3660 etenim
1185 3598 1280 3661 abne·

97 3695 180 3774 genti
194 3696 272 3760 mihi
287 3696 350 3760 ista
371 3696 416 3760 sic
438 3694 555 3762 dicam:
578 3696 638 3774 Qui
660 3712 723 3760 non
745 3695 812 3759 vult
835 3694 939 3761 iacere
961 3694 1177 3778 presbyteros,
1200 3714 1280 3777 quae

96 3795 246 3873 jnhentur
266 3813 286 3860 a
306 3794 376 3873 deo,
399 3795 492 3875 dicat,
515 3795 599 3877 quod
621 3795 721 3877 majus
743 3801 802 3874 est
824 3794 961 3860 Christo.
983 3795 1064 3859 ltem
1079 3794 1166 3860 Beda
1185 3813 1282 3878 super

98 3894 163 3960 illo:
188 3893 380 3975 „Invenietis
402 3894 521 3960 asinam
543 3895 702 3976 alligatam
734 3900 768 3959 et
789 3893 908 3976 pullum
937 3913 1006 3959 cum
1028 3896 1081 3973 ea',
1114 3895 1227 3960 solvite
1248 3903 1281 3960 et

97 3995 243 4061 adducite
264 3994 357 4073 mihi3
381 4001 414 4059 et
435 3995 463 4060 si
484 3995 554 4076 quis
576 3994 693 4075 aliquid
714 3994 804 4059 vobis
824 3993 950 4072 dixerit,
980 3994 1092 4073 dicite,
1122 3993 1205 4075 quod
1226 3992 1281 4058 do·

98 4095 196 4160 minus
218 4094 269 4159 his
292 4111 372 4177 opus
400 4095 521 4160 habct“'
544 4094 633 4160 dicit:
656 4094 716 4159 Hic
744 4093 875 4177 mystice
904 4094 1061 4177 praecipit
1088 4092 1280 4174 doctoribus,

99 4203 138 4271 nt.
159 4196 188 4261 si
211 4193 288 4276 quid
311 4194 474 4259 obstiterit
494 4195 706 4275 adversitatis
729 4195 756 4260 si
778 4195 849 4276 quis
871 4194 1071 4276 prohibuerit
1096 4199 1281 4274 peccatores

98 4315 115 4360 a
133 4295 256 4378 laqueis
278 4294 373 4375 solvi,
396 4314 454 4376 per
475 4293 704 4361 confessionem
719 4294 790 4360 fidei
807 4295 931 4359 domino
947 4293 1069 4374 adduci,
1092 4312 1154 4358 non
1176 4301 1280 4359 tamen

98 4395 349 4479 apraedicando
372 4394 535 4476 desistant,
558 4396 615 4461 sed
635 4400 819 4462 constanter
834 4396 1019 4473 insinuetur,
1041 4394 1123 4475 quod
1139 4393 1281 4459 dominus

99 4497 210 4563 talibus
238 4496 279 4563 sd
307 4495 531 4561 aedificandam
558 4496 722 4561 ecclesiam
749 4513 828 4577 opus
857 4494 961 4560 hebet.
1005 4494 1046 4558 Et
1075 4494 1144 4575 quis
1173 4500 1282 4576 posset

99 4636 334 4744 'Em—[su.
429 4700 433 4707 ·

1084 4763 1101 4813 2
