2992 5258
150 412 212 475 364
403 408 607 464 controversiae
625 408 659 465 de
677 410 807 479 religione
823 410 852 465 in
869 409 1011 466 Bobenia:
1030 412 1103 467 llos.

150 632 267 695 equae,
296 632 348 679 res
371 618 405 680 et
428 631 635 697 quaecunque
657 617 741 683 bona
763 634 844 699 quae
867 617 914 682 eis
946 616 1147 683 exstitissent
1178 632 1254 699 quor

151 735 276 799 cunque
309 721 469 783 arrestata
500 726 557 785 aut
589 718 695 784 ablata
716 718 841 799 integre
863 718 1008 798 restitui,
1043 724 1077 783 et
1098 718 1244 800 praefato

148 818 264 883 Joanni
294 816 379 883 dicto
412 817 588 893 cardinali,
626 818 680 900 qui
713 837 772 901 pro
802 820 919 883 unione
942 819 1012 901 ipsa
1033 819 1172 885 libenter
1193 818 1254 887 bac

149 917 305 984 laboravit
320 918 513 985 allaborare
529 939 592 986 non
605 921 730 1002 desinit,
753 926 893 987 vestram
915 918 1172 987 salviconductus
1188 926 1254 1004 etp

149 1020 182 1083 in
203 1020 368 1086 favorabili
390 1021 490 1086 forma
503 1021 688 1101 concedere,
712 1041 748 1087 ac
763 1019 922 1085 Bohemos
947 1038 1057 1085 omnes
1070 1020 1249 1087 Bononiam

153 1126 245 1186 entes
268 1121 403 1203 praelati
425 1123 511 1202 regis
534 1124 651 1188 intuitu
668 1123 804 1204 benigne
827 1127 975 1188 tractare.
998 1121 1068 1187 Hoc
1091 1121 1175 1188 enim
1197 1120 1254 1189 adi

151 1223 189 1287 D.
212 1224 308 1305 Regis
324 1225 517 1306 singularem
533 1233 568 1291 ut
585 1225 785 1307 percepimus
800 1222 1060 1306 complacentiam
1083 1223 1186 1304 cedet,
1209 1230 1245 1291 et

152 1323 320 1391 admodum
342 1330 466 1406 gratum
494 1327 565 1391 erit.
590 1325 676 1390 Deus
693 1325 894 1408 omnipotens
916 1324 1002 1387 R¹¹¹⁸¹¹¹
1023 1324 1090 1390 Pat.
1114 1325 1191 1389 V¹⁸¹¹¹
1213 1324 1254 1391 iel

152 1431 269 1504 augeat
291 1432 324 1491 et
346 1432 523 1491 conservet.
547 1426 663 1492 Datum
688 1427 780 1499 Pisis,
803 1424 862 1489 sub
885 1423 981 1489 trium
1004 1431 1189 1490 nostrorum
1210 1427 1254 1508 pr]

153 1524 308 1607 signetis,
345 1526 397 1591 die
436 1527 623 1592 duodecima
656 1528 833 1608 Februarii,
868 1528 915 1594 11⁸
935 1525 1130 1608 indictione,
1172 1544 1223 1592 an.

151 1623 345 1691 nlccccix.

407 1728 614 1795 Miseratione
648 1729 754 1795 divina
775 1731 935 1814 episcopi,
969 1728 1151 1812 presbytcri
1173 1732 1208 1795 et
1227 1728 1254 1795 dl

493 1829 523 1895 S.
546 1829 705 1897 Romanae
729 1832 883 1897 ecclesiae
906 1830 1100 1897 cardinales

651 2024 853 2033 ——Q

725 2208 782 2285 17.

154 2400 436 2487 Wenceslaus
450 2402 574 2487 Rom.
596 2414 639 2486 et
652 2401 760 2486 Boh.
781 2433 855 2486 rex
877 2405 1079 2486 cardinali
1092 2404 1254 2487 Landul

153 2538 405 2645 pollicetur,
447 2568 492 2621 se
519 2537 785 2647 exstirpandi
827 2539 1067 2621 schismatis
1109 2569 1240 2623 nausa

154 2670 273 2755 diose
308 2704 334 2755 a
367 2675 550 2784 collegio
584 2671 864 2756 cardinalium
895 2684 1107 2758 staturum
1138 2686 1254 2785 atqua

154 2810 355 2921 generale
389 2810 614 2894 concilium
640 2807 749 2891 Pisis
775 2808 1023 2892 habendum
1049 2810 1222 2922 legatos

572 2944 800 3025 missurum
832 2972 935 3026 esse.

577 3157 690 3228 Pragae,
708 3160 782 3226 1409,
803 3161 834 3213 16
852 3158 931 3213 Febr.

155 3461 215 3521 (Es
233 3463 301 3529 origi.
320 3461 457 3514 tabularii
475 3476 543 3513 caea.
567 3476 623 3528 rep.
642 3457 738 3597 ῑὲἱῖἒη
757 3460 848 3596 σιξὶἳᾶξι
864 3459 959 3515 Peleoi
981 3462 1011 3514 in
1033 3458 1253 3516 Uri-assessus

709 3560 761 3612 ‚o
834 3544 856 3609 -)

254 3847 461 3914 Wenceslaus
483 3849 535 3914 dei
558 3849 661 3930 gratia
680 3849 892 3914 Romanorum
914 3866 970 3912 rex
993 3864 1121 3929 semper
1146 3848 1254 3931 Augus

155 3947 327 4015 Bohemiae
360 3969 429 4016 rex:
454 3959 547 4015 revm⁰
576 3949 608 4013 in
631 3946 759 4014 Christo
782 3946 866 4030 patri
889 3947 927 4011 D.
951 3947 1157 4030 Landulpho,
1180 3946 1254 4015 sn

155 4051 188 4115 in
220 4067 351 4116 carcere
382 4051 528 4116 Tulliano
562 4050 694 4116 diacono
727 4048 758 4115 S.
791 4049 880 4114 Rom.
903 4048 979 4113 eccl.
1007 4048 1182 4127 cardinali,
1213 4064 1252 4116 aa

156 4151 323 4232 utriusque
356 4150 482 4230 collegii
515 4158 657 4216 revmorum
690 4148 723 4215 in
744 4147 817 4214 our.
840 4154 967 4231 patmm
989 4147 1189 4214 dominorum
1211 4148 1254 4233 ojr

156 4251 242 4315 llom.
274 4252 427 4317 ecclesiae
453 4249 669 4329 cardinalium,
691 4248 825 4313 invicem
848 4265 906 4330 pro
930 4249 1046 4313 unione
1069 4247 1175 4315 diotae
1197 4248 1254 4315 eoo

156 4352 326 4432 unitorum,
349 4351 388 4416 ad
412 4351 519 4433 Maj¹⁰¹¹¹
555 4350 704 4415 Nostram
727 4354 761 4414 ot
782 4347 897 4413 deinde
920 4348 960 4412 ad
982 4349 1152 4415 nonnullos
1173 4348 1253 4415 alios

157 4452 243 4534 cipes
265 4452 380 4534 legato,
403 4452 537 4517 salutem
560 4456 593 4515 et
613 4451 728 4516 bonam
749 4449 781 4512 in
799 4448 924 4513 domino
947 4449 1154 4515 voluntatem

257 4552 318 4617 Diu
334 4554 394 4619 boc
416 4552 570 4635 pestilens
586 4551 730 4631 schisma,
752 4550 838 4632 quod
863 4550 1031 4616 ecclesiam
1053 4551 1115 4630 dei,
1138 4566 1254 4634 qnam<

157 4655 240 4721 doxa
271 4653 350 4722 fides
382 4673 476 4721 unam
508 4658 649 4720 sunctum
680 4652 866 4721 catholicam
888 4659 921 4717 et
943 4652 1152 4736 apostolicam
1175 4648 1254 4737 proli·
