2992 5258
406 402 484 455 annis
503 403 747 456 1408—1412ame
766 401 883 455 exilium.
921 403 961 453 12.
1236 407 1277 469 29

84 601 155 654 ritus
177 605 288 655 unctus
310 616 359 669 per
380 600 479 655 Christi
503 606 615 655 mortem
633 606 660 655 et
681 600 790 667 virginis
812 600 915 655 Mariae
932 600 1102 668 omniumque
1120 606 1275 657 sanctorum

86 684 201 739 auxilio.
235 687 332 740 Amen.

189 767 350 837 Perscriptis
372 768 415 823 his
438 769 524 823 literis
547 768 647 823 allatae
670 768 735 822 mihi
750 773 820 835 ‚sunt
843 768 947 835 literae,
973 768 1119 836 inquibus
1141 769 1278 838 scriptum,

86 849 233 918 prohibere
252 850 414 913 sacerdotes,
432 851 573 919 quominus
590 853 715 920 legantur
732 852 827 906 literae
844 867 938 907 sacrae
956 853 1046 907 nativa
1063 852 1170 920 lingua,
1196 852 1278 907 hohe-

88 934 158 987 mica
175 933 219 988 vel
237 935 397 1001 germanica
431 934 551 1002 Deinde,
573 935 744 1004 praedicasse
767 934 908 1003 quemdam
932 934 1112 1003 sacerdotem,
1138 935 1279 1003 nominem,

88 1018 134 1086 qui
151 1023 295 1086 peccatum
311 1017 348 1073 ad
364 1024 477 1074 mortem
489 1019 644 1088 committat,
662 1035 768 1074 servum
786 1034 846 1074 esse
863 1019 906 1073 vel
923 1017 1008 1072 filium
1025 1017 1133 1073 diaboli.
1151 1019 1279 1087 Tertium,

88 1102 262 1170 praedicasse
274 1103 346 1157 hunc
354 1102 521 1157 sacerdotem
530 1103 558 1157 in
569 1118 638 1157 nova
647 1104 729 1157 missa
738 1102 879 1170 dicentem,
891 1100 980 1170 quoad
989 1117 1042 1157 nou
1054 1102 1281 1158 administraverit

89 1186 230 1253 (misam),
238 1185 322 1241 fuisse
329 1201 359 1240 sa
366 1185 451 1240 filium
460 1186 607 1255 dei3hodie
616 1192 829 1256 veioacpostea‚
835 1202 918 1256 quum
926 1186 1160 1242 administraturus
1169 1188 1212 1254 sit,
1220 1203 1280 1242 esse

90 1283 119 1323 se
136 1275 244 1337 patrem
266 1268 345 1324 deiet
352 1276 501 1325 creatorem
510 1271 630 1340 corporis
645 1271 736 1326 divini.
754 1272 893 1347 Quanam,
903 1270 1146 1341 praedicasseenm
1156 1271 1280 1328 sacerdo·

90 1360 152 1422 tem,
170 1353 317 1422 pessimam
327 1353 495 1408 sacerdotem
512 1353 650 1409 meliorem
667 1370 728 1410 esse
745 1355 814 1409 laico
832 1355 938 1424 optimo.
956 1353 1071 1422 Quodsi
1088 1355 1127 1409 ita
1135 1362 1177 1410 est
1193 1371 1281 1424 nequo

92 1437 232 1505 qumquam
249 1437 292 1491 his
309 1437 446 1492 erroribus
463 1438 580 1507 resistet,
597 1453 723 1507 magnum
740 1445 783 1494 est
805 1439 909 1506 signnm
927 1453 1009 1508 super
1025 1438 1114 1506 vobis,
1138 1438 1216 1494 valde
1233 1455 1281 1493 vos

92 1536 108 1574 a
124 1521 238 1575 veritate
256 1519 388 1576 deiecisse
405 1528 487 1590 atque
510 1522 631 1591 inprimis
656 1537 712 1590 eos,
730 1523 776 1590 qni
796 1521 867 1577 docti
886 1523 951 1577 estis
974 1528 1002 1575 et
1018 1523 1150 1577 rationem
1166 1522 1281 1577 hahetis.

94 1604 160 1658 llam
178 1609 210 1658 nt
221 1611 332 1660 sanctam
348 1605 468 1661 loannes
480 1606 686 1675 Chrysostomns
703 1606 768 1660 dicit
784 1607 812 1659 in
824 1605 891 1660 illud
904 1606 1011 1674 Christi,
1028 1607 1170 1661 salvatoris
1187 1607 1280 1673 nostri,

93 1689 214 1744 terbum:
242 1688 347 1756 ,Nolite
374 1689 468 1745 amere
494 1705 555 1759 eos,
581 1691 628 1759 qni
648 1689 773 1745 occidunt
795 1690 923 1758 corpus,“
949 1689 1100 1745 ostendisse
1125 1690 1168 1744 his
1193 1690 1282 1746 verbis

94 1771 237 1840 Christum,
255 1789 308 1828 nou
325 1773 404 1827 modo
422 1773 498 1828 illum
516 1789 576 1829 esse
592 1774 756 1843 proditorem
773 1775 903 1842 veritatm,
920 1775 966 1843 qui
983 1774 1075 1829 timide
1092 1790 1184 1829 verum
1201 1775 1280 1843 dicat,

95 1854 140 1909 sed
157 1856 240 1911 ιιιίιιιιι
257 1871 328 1925 eum,
346 1857 391 1925 qui
414 1872 467 1911 non
490 1857 605 1925 ingenue
627 1857 756 1913 defendat
780 1858 928 1925 veritatem,
946 1873 1026 1925 quam
1048 1859 1164 1926 ingenue
1187 1859 1283 1914 deceat

95 1939 249 2009 defendere,
267 1956 328 1997 esse
345 1940 466 1996 veritatis
484 1941 655 2004 proditorem.
689 1942 759 1997 llam
782 1948 812 1999 ut
836 1942 962 1997 sacerdos
984 1941 1138 2009 veritatem,
1165 1957 1244 2009 qnam
1258 1957 1283 2011 ¹a

94 2023 142 2079 deo
158 2025 270 2094 audivit,
288 2027 418 2083 audacter
434 2027 591 2097 praedicare
609 2029 701 2098 debet,
721 2029 760 2084 sic
776 2030 862 2084 laicus
879 2043 994 2097 quoque,
1018 2029 1045 2083 id
1063 2033 1105 2082 est
1120 2027 1214 2094 homo,
1236 2027 1283 2095 qui

94 2124 145 2162 non
162 2115 206 2164 est
232 2110 366 2181 sacerdos,
390 2112 544 2181 veritatem,
570 2128 688 2181 quamn
711 2112 851 2168 sacerdote
874 2128 907 2166 ox
933 2112 1019 2167 literis
1044 2113 1128 2167 sacris
1151 2112 1284 2182 prolatam

94 2192 203 2261 audivit,
220 2192 387 2250 confidenter
399 2195 480 2250 dehet
497 2195 656 2267 defendere3
674 2197 716 2252 sin
734 2197 831 2264 miuus,
849 2195 939 2265 prodit
955 2196 1106 2252 veritatem.
1122 2196 1165 2250 En
1176 2195 1283 2251 hahetis

95 2276 183 2344 magui
200 2278 288 2332 sancti
305 2286 490 2346 argumentum
509 2296 542 2335 ex
555 2280 601 2335 illo
619 2280 718 2336 Christi
736 2279 830 2335 verho:
850 2280 955 2349 ,Nolite
972 2281 1066 2334 timere
1078 2295 1134 2346 eos,
1151 2279 1197 2347 qui
1215 2279 1283 2333 occi·

95 2358 160 2414 dunt
186 2363 309 2430 corpus,“
334 2379 557 2433 unumquemque,
578 2370 606 2419 et
630 2380 705 2432 eum,
729 2366 774 2434 qui
792 2364 918 2420 sacerdos
936 2365 971 2419 sit
988 2365 1077 2432 etqui
1095 2380 1148 2418 non
1166 2364 1215 2431 sit,
1239 2364 1284 2431 qui

94 2445 163 2498 norit
180 2446 330 2515 veritatem,
348 2446 495 2503 defendere
519 2463 577 2502 eam
602 2448 701 2503 debere
724 2449 759 2503 ad
776 2455 902 2515 mortem3
925 2448 1043 2516 alioquin
1066 2463 1127 2502 eum
1145 2462 1204 2502 esse
1221 2463 1282 2515 pro-

94 2526 205 2584 ditorem
226 2531 347 2586 veritatis
366 2538 394 2586 et
416 2532 515 2587 Christi
538 2548 651 2601 quoqne.
687 2536 727 2588 Ac
743 2535 819 2589 multi
837 2540 953 2588 vestrum
976 2533 1059 2587 nostis
1076 2532 1215 2586 veritatem
1231 2532 1282 2586 sci·

94 2613 190 2681 aisque,
207 2629 423 2684 unumquemque
439 2631 519 2685 posse
536 2617 623 2685 legem
645 2617 761 2672 divinam
777 2617 960 2686 pronuntiare,
977 2615 1097 2686 profiteri
1115 2622 1157 2684 et,
1179 2617 1202 2671 si
1215 2626 1284 2684 ‘gna-

96 2711 139 2750 rua
156 2697 201 2765 sit,
219 2695 311 2766 legere
328 2699 371 2754 sel
388 2699 481 2766 latine,
499 2705 529 2755 ut
540 2708 649 2757 sanctas
666 2701 776 2756 Marcus
792 2701 956 2770 perscripsit,
978 2700 1021 2754 vel
1038 2714 1143 2769 graece,
1161 2708 1191 2753 ut
1208 2715 1284 2754 sanc·

98 2788 138 2834 tna
154 2780 276 2837 Joannes
292 2783 434 2839 lectionem
451 2800 527 2840 suam
545 2791 572 2841 et
589 2785 731 2841 canonicas
748 2786 804 2840 sive
816 2785 944 2854 epistolas
962 2785 1077 2852 scripsit,
1094 2783 1136 2838 vel
1148 2781 1283 2847 hebraice,

100 2869 129 2918 nt
143 2871 254 2920 mactus
272 2865 429 2922 Matthaeus
452 2868 593 2924 lectionem
615 2885 692 2925 suam
713 2869 885 2937 conscripsit,
912 2869 954 2923 vel
977 2869 1095 2937 syriace,
1122 2873 1153 2920 ut
1175 2872 1284 2921 sanctus

99 2948 183 3005 Lucas
200 2950 344 3005 lectionem
361 2953 532 3022 conscripsit,
550 2954 593 3009 vel
610 2954 722 3023 persice,
747 2960 777 3008 ut
794 2959 902 3008 sauctus
926 2952 998 3007 Simo
1020 2952 1162 3007 lectionem
1179 2950 1284 3020 praedi-

99 3034 165 3087 cavit
181 3038 210 3087 et
227 3035 392 3103 conscripsit,
410 3037 453 3091 vel
468 3036 586 3106 judaice,
603 3044 634 3093 nt
651 3045 760 3092 sanetus
777 3037 1010 3103 Bartholomaeus,
1027 3036 1143 3104 itemquo
1155 3034 1217 3089 aliis
1234 3035 1284 3089 lin·

100 3116 171 3184 guia:
189 3118 324 3185 quomodo
336 3119 418 3187 igitur
429 3120 584 3176 sacerdotes
596 3120 739 3190 prohibere
753 3119 899 3190 patiemini,
917 3120 1058 3188 quominus
1067 3109 1188 3174 homines
1198 3118 1285 3186 legem

100 3199 212 3256 divinam
230 3201 323 3270 legant
338 3202 476 3259 bohemico
494 3205 537 3259 vel
554 3204 726 3272 germanice?
742 3205 809 3258 Item
827 3202 897 3271 quod
915 3202 950 3257 ad
968 3203 1082 3258 alterum
1100 3203 1204 3270 attinet,
1222 3219 1286 3256 num

100 3284 236 3354 imantia,
252 3285 312 3341 fieri
324 3303 376 3342 non
388 3303 476 3357 posse,
494 3295 525 3344 nt
542 3297 570 3344 et
581 3288 631 3344 deo
649 3290 677 3343 in
688 3290 786 3343 virtute
798 3295 826 3342 et
837 3287 944 3342 diabolo
961 3288 989 3341 in
1006 3294 1118 3356 peccato
1135 3287 1287 3341 serviatur?

100 3367 158 3423 Scio
173 3368 285 3424 audisse
302 3386 349 3426 vos
366 3371 502 3428 Christum
519 3372 621 3429 dicere:
647 3373 747 3442 ,Nemo
765 3378 854 3441 potest
870 3371 974 3426 dnobus
992 3370 1106 3425 dominis
1123 3370 1241 3427 servire“
1259 3376 1288 3425 et
1360 3423 1362 3428 .

100 3448 208 3506 deiude:
227 3453 304 3521 „Nou
321 3457 435 3522 potestis
457 3455 509 3512 deo
532 3459 632 3514 servire
655 3465 683 3513 et
699 3458 890 3513 mammonae.“
926 3456 1005 3512 Scitis
1028 3471 1142 3523 quoque,
1165 3460 1286 3509 sanctum

100 3532 206 3590 Petrum
224 3536 327 3594 dicere:
346 3544 386 3608 ,A
403 3557 455 3609 quo
473 3543 533 3611 quis
545 3546 688 3610 superatus
705 3546 754 3608 est,
773 3540 856 3610 hujm
873 3547 901 3594 et
918 3555 1011 3595 servus
1029 3537 1101 3607 est;“
1120 3545 1148 3592 et
1165 3537 1286 3592 Christus

101 3617 174 3675 dicit:
194 3621 263 3690 ,Qui
281 3623 346 3679 iacit
363 3628 511 3695 peccatum,
530 3642 623 3682 servus
644 3631 685 3680 est
706 3624 838 3694 peccati;“
862 3631 889 3678 ot
907 3630 1015 3679 sanctus
1038 3622 1138 3677 Paulus
1159 3620 1287 3676 Romanis

100 3705 202 3760 scnhit:
222 3706 340 3775 ,Fuistis
362 3710 432 3763 servi
449 3710 577 3778 peccati.“
597 3710 651 3764 Cur
676 3710 757 3778 igitur
773 3710 842 3764 haec
859 3709 1012 3764 testimonia
1038 3723 1115 3762 sacra
1140 3722 1193 3760 uon
1211 3705 1285 3772 igno-

100 3797 189 3844 rantes
206 3790 375 3846 sacerdotem
392 3792 550 3861 praedicere
566 3793 697 3862 patimini,
715 3793 857 3859 neminem,
884 3793 929 3861 qui
947 3794 974 3847 iu
992 3797 1102 3861 peccam
1123 3789 1158 3844 ad
1175 3793 1287 3843 mortem

101 3871 140 3939 sit,
157 3887 220 3928 esse
238 3872 338 3930 diaboli
355 3877 480 3932 servam?
499 3876 559 3931 Scio
577 3892 692 3945 quoque,
715 3877 823 3932 audisse
846 3892 892 3932 vos
915 3876 1051 3931 dominum
1071 3876 1164 3930 lesum
1188 3872 1287 3938 dicere,

100 3955 201 4012 nana
218 3971 280 4012 ease
296 3956 367 4013 filios
384 3975 514 4029 nequam,
536 3977 605 4029 quos
626 3962 797 4017 seminaverit
819 3961 943 4016 diabolus
964 3961 993 4015 in
1014 3959 1125 4028 mundo,
1148 3965 1177 4012 ot
1198 3957 1288 4013 dicere

101 4054 205 4108 quoque
221 4040 315 4096 malis:
339 4043 411 4112 „Vos
428 4058 461 4098 ex
478 4051 555 4113 patre
573 4045 681 4101 diaholo
703 4047 768 4101 estis
792 4052 819 4100 et
841 4045 975 4100 desideria
997 4045 1081 4112 patris
1104 4042 1186 4098 vostri
1208 4041 1287 4096 vultis

101 4121 205 4179 facere“
224 4132 371 4181 anensem
389 4127 493 4196 profert
509 4128 614 4184 dicens:
634 4129 712 4198 ,quia
729 4145 781 4183 non
799 4130 911 4199 potestis
923 4128 1016 4184 audire
1033 4142 1181 4184 sermonem
1190 4140 1287 4191 merim,

98 4204 200 4263 idcirco
217 4223 252 4263 ex
269 4216 348 4278 patre
365 4209 579 4268 diaholoestis.“
601 4213 638 4268 Et
654 4219 763 4268 sanctum
780 4213 899 4269 loannes
917 4213 1055 4282 apostolus
1078 4211 1173 4281 spiritu
1196 4215 1288 4265 sancto

102 4288 175 4346 dicit:
194 4293 316 4361 ,Filiolil
333 4309 412 4349 nemo
429 4310 478 4351 vos
495 4295 617 4364 seducat,
644 4297 689 4365 qui
707 4297 772 4352 lacit
785 4297 926 4364 justitiam,
946 4296 1037 4365 justus
1054 4302 1104 4362 est,
1127 4295 1196 4348 sicut
1213 4293 1289 4347 Chri·

103 4382 158 4431 stus
172 4377 265 4445 Justm
283 4384 340 4447 est3
358 4379 405 4446 qni
417 4385 505 4434 autem
519 4381 585 4436 iacit
601 4387 750 4450 peccatum,
768 4396 801 4436 ex
814 4380 921 4436 diaholo
936 4380 1002 4435 est⁸⁴
1020 4380 1056 4434 Et
1068 4379 1195 4447 deinceps
1212 4376 1288 4431 dicit:

104 4458 147 4527 ,In
164 4461 217 4516 hoc
234 4461 370 4518 manifesti
387 4463 507 4519 suntfilii
525 4464 569 4519 dei
586 4472 614 4519 ot
628 4465 675 4519 lilii
693 4466 806 4532 diaholi;
823 4465 916 4533 omnis,
934 4465 980 4533 qui
996 4480 1049 4519 non
1068 4470 1110 4518 est
1118 4462 1218 4530 justus,
1236 4477 1289 4514 non

103 4555 192 4602 estex
209 4546 287 4603 deo.“
322 4547 365 4602 Iin
380 4548 438 4616 jam
454 4548 569 4617 hahetis,
590 4550 719 4618 quemvis,
737 4550 782 4617 qui
800 4549 836 4605 ad
853 4555 965 4603 mortem
981 4554 1082 4616 peccet,
1101 4562 1161 4601 csso
1181 4562 1214 4600 ex
1231 4543 1288 4599 dia·

102 4631 160 4685 bolo
177 4640 260 4701 atque
277 4631 361 4687 filium
380 4631 491 4686 diaboli:
515 4649 564 4687 cur
580 4633 661 4700 igitur
677 4633 798 4702 patimini
816 4632 949 4687 haeresim
959 4631 1109 4700 praedicari
1127 4636 1220 4685 conha
1237 4629 1287 4685 has
