2992 5258
181 368 188 379 ’
288 396 324 453 11.
340 397 383 453 De
395 397 433 451 M.
450 396 477 450 J.
488 396 548 450 Hus
560 396 733 450 Constantine
750 396 778 450 iri
795 411 931 452 carcerem
948 398 1079 467 conjecto.
1217 407 1280 470 265

185 602 233 663 ild
254 603 311 663 hoc
330 601 511 674 respondent
532 601 653 670 domini,
683 600 760 673 quod
790 602 816 660 si
838 601 879 660 ita
900 609 993 673 esset,
1021 604 1098 676 qnod
1119 604 1185 677 ipse
1207 607 1279 666 talia

81 718 138 775 per
159 719 225 762 eum
247 709 279 761 ut
299 701 406 760 fatetur
426 701 579 774 proposita
605 700 643 757 ad
672 699 812 759 honorem
841 708 869 760 et
896 704 1047 762 tuitionem
1068 705 1162 777 ipsius
1190 707 1276 780 regni

84 803 175 863 etad
203 803 444 874 exstirpationem
473 808 630 870 sectarum,
653 817 724 873 ques
752 801 794 859 ibi
822 809 924 862 narrat
951 804 1104 875 pullulare,
1138 823 1170 864 se
1192 808 1266 865 alias

83 903 185 962 faeere
206 903 254 961 vel
274 901 381 961 iecisse
404 902 579 971 ostenderit,
610 901 686 973 quod
698 901 775 959 idern
788 902 897 961 domini
909 904 1070 976 gaudenter
1091 912 1120 965 et
1130 914 1212 980 grate
1235 907 1278 965 vi·

85 1003 204 1074 derant,
231 1003 289 1062 imo
318 1002 356 1062 ad
385 1002 441 1061 hoe
463 1003 572 1061 vellent
593 1003 653 1061 suis
676 1003 807 1061 consiliis
835 1010 865 1063 et
886 1005 1002 1063 auxiliis
1024 1007 1193 1078 cooperari:
1224 1006 1277 1065 sed

87 1104 200 1162 domini
222 1103 324 1162 nolunt
345 1119 400 1161 nec
422 1107 547 1174 possunt
568 1103 625 1160 sibi
647 1101 780 1172 eredere,
802 1103 881 1176 quod
901 1103 966 1175 ipse
987 1106 1059 1164 talia
1078 1106 1116 1164 ad
1137 1105 1279 1163 honorem

84 1203 155 1262 dicti
177 1204 263 1275 regni
290 1204 485 1275 proposuerit,
515 1219 579 1261 cum
609 1200 687 1261 facta
705 1202 813 1261 docent
834 1204 1016 1276 oppositum,
1044 1204 1102 1265 nisi
1123 1203 1179 1263 boc
1200 1204 1274 1263 alias

86 1319 175 1376 opere
199 1303 350 1362 efficacius
372 1304 598 1363 demonstraret.

183 1404 273 1463 Ponit
303 1405 400 1474 tertio,
431 1410 535 1476 petens
567 1402 711 1462 declarari
739 1420 793 1477 per
825 1403 882 1464 hoc
911 1419 1024 1464 sacrum
1053 1403 1218 1473 concilium,
1239 1419 1277 1461 an

87 1502 129 1562 illi
149 1504 210 1562 sint
231 1501 433 1572 infamatores,
456 1504 669 1562 obtrectatores
691 1520 737 1572 aa,
761 1504 810 1576 qni
831 1510 862 1563 ut
890 1505 962 1563 dicit
988 1519 1105 1563 errores
1127 1503 1277 1576 praelatos

90 1611 116 1662 et
125 1604 201 1662 alios
224 1603 325 1675 plures
348 1620 403 1676 per
424 1601 602 1663 Wielefistas
615 1603 647 1661 in
668 1603 734 1675 ipso
756 1619 847 1676 regno
871 1611 901 1662 et
921 1603 992 1662 alibi
1007 1605 1165 1663 seminatos
1185 1605 1277 1676 impe·

90 1702 168 1763 diunt
200 1704 363 1776 exstirpare
385 1719 430 1772 aa,
453 1719 491 1760 an
512 1703 569 1772 illi,
603 1703 651 1775 qui
677 1718 731 1774 pro
754 1704 965 1775 exstirpatione
986 1704 1102 1762 illorum
1132 1719 1276 1773 errorum,

89 1809 116 1863 ut
142 1804 228 1873 dicit,
258 1804 295 1862 de
321 1818 413 1876 regno
442 1803 593 1874 praedicto
622 1803 757 1861 laborant
784 1809 815 1861 et
842 1803 1013 1862 laborarunt
1040 1820 1076 1863 ac.
1103 1810 1136 1862 nt
1163 1805 1194 1862 in
1223 1820 1277 1862 soa

89 1904 200 1962 cedula.

182 2003 375 2075 Respondent
397 2003 513 2072 domini,
536 2003 614 2075 quod
635 2002 678 2061 ibi
699 2003 768 2062 licet
788 2004 937 2075 implicite,
970 2009 1068 2062 tannen
1094 1999 1276 2082 pungitive*)

82 2110 114 2162 et
134 2102 214 2161 forte
237 2103 428 2163 obtrectative
450 2102 608 2176 loquitur3-
625 2104 649 2161 si
672 2110 769 2161 lamen
792 2110 877 2162 vocat
898 2103 1013 2162 nobiles
1036 2110 1066 2162 et
1087 2103 1219 2161 dominos
1243 2104 1279 2162 de

73 2217 177 2277 regno
200 2202 358 2261 Bohemiac
382 2204 412 2261 in
435 2203 516 2261 coria
537 2203 622 2275 hujus
645 2202 682 2260 D.
705 2203 901 2261 Romanorum
923 2205 1002 2276 regis
1026 2210 1056 2262 et
1075 2205 1205 2275 ipsorum
1227 2203 1279 2261 do·

74 2304 160 2361 mini
182 2303 371 2369 constitutos,
393 2303 440 2360 vel
463 2303 550 2361 etiam
572 2303 647 2361 alios
669 2302 799 2374 ipsorum
821 2303 929 2361 amicos
952 2304 989 2361 de
1004 2319 1095 2376 regno
1117 2303 1280 2377 praedicto,

64 2399 113 2463 in
136 2420 174 2462 eo
198 2403 273 2475 ipsis
294 2402 458 2475 injuriatur.
501 2402 540 2461 Et
562 2403 619 2461 nisi
641 2403 750 2461 domini
771 2403 894 2461 Vestras
918 2404 1114 2462 Paternitates
1136 2409 1167 2462 et
1186 2403 1279 2475 ipsius

62 2502 287 2576 episcopalem
308 2507 518 2560 venerarentur
539 2502 725 2574 dignitatern,
755 2502 811 2560 sibi
832 2504 863 2561 in
885 2503 1055 2574 praemissis
1085 2511 1116 2562 et
1136 2503 1202 2562 aliis
1225 2519 1280 2576 per

58 2615 152 2660 eum
175 2600 224 2660 hic
245 2601 399 2661 inculcatis
422 2601 522 2660 durius
536 2602 759 2673 responderent,
783 2619 827 2671 ce,
850 2603 927 2675 (qnod
949 2619 992 2672 ea,
1014 2603 1118 2676 quibus
1140 2603 1279 2674 implicite

56 2703 199 2775 pungit,
221 2701 250 2759 in
273 2717 325 2760 eos
339 2718 393 2760 nec
415 2702 545 2773 ipsorum
568 2703 676 2760 amieos
698 2719 832 2774 umquam
855 2703 999 2763 deducere
1029 2706 1139 2776 poterit
1160 2714 1190 2762 et
1211 2720 1279 2775 pro·

51 2796 170 2873 barm
201 2819 267 2861 cnm
296 2803 442 2861 notorium
470 2804 509 2862 sit
530 2803 559 2861 in
587 2810 649 2861 toto
678 2818 785 2874 regno,
816 2805 893 2876 quod
921 2805 1029 2863 domini
1056 2812 1228 2877 praesentes
1250 2810 1281 2863 et

51 2902 204 2962 nobiles
225 2903 480 2977 regniBohemiae
502 2920 656 2976 numquam
672 2919 789 2961 errores
801 2921 856 2963 nee
873 2920 1014 2964 erroneos
1035 2906 1065 2964 in
1080 2906 1210 2977 ipsorum
1232 2921 1280 2962 er·

52 3003 206 3062 roribus
238 3002 443 3075 defenderunt,
475 3003 528 3061 sed
551 3019 605 3061 nec
637 3003 785 3076 hueusque
819 3003 993 3074 defendunt,
1016 3005 1084 3077 quin
1114 3005 1212 3076 petius
1240 3004 1277 3063 ad

49 3114 278 3162 erroneorum
312 3101 490 3174 perfidorum
524 3103 764 3174 exstirpationem
798 3121 855 3161 nnn
888 3122 950 3163 curn
983 3103 1221 3177 progenitoribus
1250 3108 1280 3162 et

47 3204 368 3270 praedecessoribus
394 3206 470 3274 suis,
499 3206 541 3264 uti
570 3205 624 3262 tiri
647 3203 799 3275 catholici,
832 3205 1004 3277 corporibus
1034 3222 1091 3263 non
1114 3210 1279 3275 parcentes,

51 3310 181 3377 neque
203 3305 293 3363 rebus
321 3320 375 3363 nec
402 3304 496 3362 labori
525 3302 709 3376 deferentes,
729 3305 841 3363 instant
863 3310 894 3363 et
918 3305 1095 3362 institerunt
1118 3304 1163 3362 De
1184 3303 1278 3374 ipsius

53 3411 155 3463 vero
177 3406 415 3479 progenitoribus
431 3413 463 3463 et
484 3406 595 3476 patruis
612 3405 684 3477 nihil
698 3405 807 3474 horum,
820 3411 853 3464 ut
868 3406 1082 3478 praemittitur,
1114 3405 1278 3464 audierunt

186 3504 340 3563 Postremo
363 3506 727 3577 supradictusepiscopus
751 3507 867 3563 nomina
887 3506 1018 3577 ipsorum
1046 3506 1228 3565 dominorum
1249 3505 1279 3564 in

68 3605 209 3676 scriptis
231 3605 402 3676 postulabat
422 3605 540 3675 habere,
562 3612 594 3663 ut
615 3607 696 3674 sciat,
719 3606 823 3678 quibus
844 3606 1034 3677 respondere.

184 3706 380 3777 Respondent
401 3707 511 3765 domini
539 3706 711 3777 supradicti,
746 3706 823 3779 quod
851 3707 967 3764 uidetur
995 3707 1084 3778 ipsis,
1114 3707 1182 3779 quio
1203 3705 1279 3763 bene

73 3805 185 3865 noscit
218 3822 283 3876 eos,
318 3807 368 3878 qui
390 3813 420 3865 et
441 3806 541 3878 quales
565 3812 632 3863 sunt
654 3812 684 3864 et
705 3806 809 3879 quibus
837 3805 1002 3864 nominibus
1024 3807 1226 3877 nominentnr3
1253 3805 1279 3864 si

79 3917 160 3963 vero
182 3906 276 3965 adhue
298 3906 351 3964 illa
373 3906 481 3965 habere
505 3906 671 3979 desiderat,
702 3906 817 3975 dicunt,
849 3906 926 3978 quod
954 3907 1060 3964 nodum
1082 3905 1203 3977 propria
1225 3904 1279 3962 sed

79 4013 119 4063 et
139 4007 359 4079 progenitorum
382 4023 501 4065 snorum
530 4008 647 4065 nonrina
674 4007 731 4065 sibi
754 4007 824 4065 dare
854 4006 948 4079 parati
971 4012 1047 4064 sunt.
1089 4006 1186 4077 Ipsius
1208 4020 1279 4062 vero

85 4106 205 4164 nomine
235 4108 357 4167 inscribi
380 4124 437 4166 non
460 4115 575 4179 optant,
607 4125 671 4165 curn
700 4108 777 4166 bene
800 4109 906 4178 seiont,
940 4107 1003 4179 quis
1033 4112 1063 4165 et
1093 4105 1186 4177 qualis
1213 4104 1278 4176 ipso

86 4211 175 4275 esset,
198 4207 370 4280 quicumque
393 4207 502 4266 fuerint
523 4208 568 4266 sui
589 4207 804 4280 progenitores.

586 4409 783 4417 —————

95 4536 288 4547 ——-—-—--

142 4621 166 4686 Ἴ
183 4623 235 4673 MS.
253 4624 357 4674 Mindon.
376 4625 521 4686 paginatire.
