2992 5258
155 391 215 457 136
369 385 510 453 Epistulae
529 385 645 452 scriptae
667 386 839 442 constantiae
856 403 948 443 mense
965 389 1047 445 Jnnio
1065 392 1129 447 1415

156 594 283 655 sanctae
298 589 459 680 ecelesiae,
476 607 568 670 quam
584 607 708 655 sacrum
723 590 889 656 concilium
899 598 1130 673 repraesentat.
1152 593 1216 660 Sed
1237 591 1345 659 nullus

155 717 263 765 eorum
284 695 345 761 scit
365 692 564 776 pertinenter
585 690 734 771 evadere,
765 711 835 757 cum
855 710 939 775 pono
961 712 1033 758 eum
1054 694 1087 758 in
1109 714 1183 760 casn
1204 713 1285 774 meo,
1307 700 1346 759 ut

155 803 280 865 constet
293 794 363 874 sibi,
379 791 452 873 quia
465 809 633 872 numquam
648 790 851 872 praedicavit,
865 791 968 858 tenuit
978 799 1012 858 et
1025 785 1163 859 assernit
1176 794 1346 875 haeresim,

157 917 236 982 quae
258 896 318 962 sibi
339 893 522 977 imponitur,
543 891 679 973 qualiter
698 892 796 957 vellet
816 892 940 958 salvare
962 895 1200 975 conscientiam,
1222 913 1263 960 ne
1284 911 1345 976 per

156 998 386 1082 abjurationem
408 991 612 1071 confiteatur,
634 1010 669 1056 se
689 991 768 1057 false
790 993 947 1058 haeresim
969 995 1132 1059 tenuisse?
1152 995 1196 1059 Et
1215 994 1345 1075 quidam

153 1101 311 1177 dixerunt,
333 1093 417 1178 quod
439 1094 585 1175 abjurare
607 1109 670 1156 non
691 1092 843 1174 importat
863 1094 931 1173 hoe,
954 1094 1009 1159 sed
1031 1099 1154 1160 tantum
1176 1095 1341 1160 renuncia·

152 1201 272 1269 tionem
285 1194 428 1263 haeresis
442 1193 509 1258 sive
524 1196 652 1271 tentam,
668 1190 735 1256 sive
756 1210 819 1257 non
841 1198 979 1273 tentam;
1001 1194 1072 1274 alii,
1095 1195 1180 1276 quod
1193 1195 1345 1277 abjurare

151 1300 231 1367 dicit
251 1296 451 1378 negationem
473 1299 713 1372 attestatorum‚
736 1293 802 1359 sive
825 1293 889 1360 sint
909 1312 995 1375 vera,
1017 1296 1084 1361 sive
1103 1296 1193 1362 falsa.
1223 1295 1347 1373 Quibus

154 1418 213 1480 ego
236 1398 313 1463 dixi:
338 1395 460 1476 ,Bona
486 1411 546 1474 ego
564 1392 693 1474 jurabo,
722 1394 806 1475 quod
828 1412 997 1475 numquam
1018 1395 1089 1460 illos
1110 1412 1238 1461 errores
1260 1401 1347 1461 atta·

152 1505 254 1566 statos
281 1494 479 1578 praedicavi,
507 1494 596 1559 tenui
625 1499 657 1558 et
686 1493 824 1572 asserui,
854 1512 912 1558 nec
938 1495 1142 1576 praedicabo,
1171 1496 1288 1561 tenebo
1310 1502 1346 1562 et

152 1598 321 1666 asseram.“
355 1595 398 1661 Et
429 1594 536 1660 statim
557 1593 713 1659 resiliunt.
751 1593 884 1671 Quidam
907 1593 1024 1675 dicunt,
1047 1595 1130 1677 quod
1151 1596 1245 1661 homo
1267 1614 1345 1678 sup·

153 1697 300 1781 ponendo
316 1713 350 1762 se
365 1696 536 1773 ecclesiae,
551 1694 636 1772 dato,
652 1692 737 1774 quod
751 1692 793 1758 sit
808 1695 969 1773 innocens,
984 1694 1162 1761 confitendo
1184 1713 1220 1761 se
1242 1714 1343 1775 reum,

153 1817 192 1864 ex
219 1797 396 1862 humilitate
422 1800 615 1861 mereretur.
648 1792 691 1857 Et
711 1811 769 1874 pro
791 1792 852 1858 isto
876 1793 1003 1876 quidam
1024 1795 1155 1861 adduxit
1177 1794 1346 1876 quemdam

152 1906 295 1965 sanctum
329 1898 362 1961 in
394 1896 477 1960 Vitis
509 1901 644 1976 patrum,
678 1893 728 1957 cui
764 1893 889 1973 quidam
917 1896 1133 1977 imposuerant
1163 1896 1203 1961 ad
1225 1897 1344 1962 lectum

151 2000 274 2078 librum,
295 2003 328 2062 et
348 1997 487 2061 monitus
502 1995 555 2060 ille
577 2000 705 2060 sanctus
728 2001 761 2059 et
783 1995 970 2076 inculpatus,
993 1997 1137 2077 negavit3
1161 2003 1194 2062 et
1215 1997 1344 2078 quando

152 2099 319 2163 dixerunt:
353 2096 455 2177 ,Ecce
477 2094 662 2160 subtraxisti
695 2099 728 2158 ct
759 2093 792 2157 in
823 2095 907 2160 lecto
937 2097 1101 2178 posuisti,“
1125 2101 1158 2161 et
1180 2102 1345 2179 comperto

62 2182 65 2189 ⁴
151 2199 233 2264 libro
248 2199 317 2280 ipse
333 2195 420 2262 dedit
442 2214 477 2261 se
499 2212 598 2259 reum.
621 2192 753 2271 Quidam
768 2194 914 2274 probavit
935 2214 993 2277 per
1016 2195 1170 2277 quandam
1191 2204 1344 2271 sanctam,

152 2316 232 2380 quae
244 2299 303 2361 sub
318 2303 407 2363 veste
421 2295 505 2361 virili
519 2294 673 2361 habitavit
693 2293 728 2358 in
742 2295 890 2374 claustro,
913 2296 965 2360 cui
986 2296 1144 2376 objectum
1165 2295 1234 2376 luit,
1256 2296 1344 2378 quod

152 2401 354 2481 procreasset
367 2413 501 2479 puerum
524 2413 562 2460 ex
585 2395 719 2477 quadam
740 2394 890 2474 muliere;
913 2415 992 2477 quae
1014 2395 1102 2474 dixit,
1125 2397 1209 2478 quod
1231 2397 1287 2475 sic,
1310 2402 1346 2463 et

151 2496 289 2563 serravit
303 2513 446 2578 puerum,
462 2500 495 2560 et
509 2500 622 2577 postea
636 2495 856 2574 manifestavit,
880 2495 954 2577 quia
971 2501 1021 2561 est
1041 2496 1156 2560 mulier
1175 2497 1342 2562 innocens.

150 2596 193 2661 Et
206 2596 296 2661 multi
311 2596 364 2660 alii
378 2595 463 2662 modi
477 2596 602 2662 adducti
626 2604 709 2661 sunt.
733 2572 865 2675 Quidam
886 2596 1036 2676 anglicus
1059 2597 1154 2663 dixit:
1178 2596 1265 2677 „Ego
1280 2614 1342 2678 per

151 2694 375 2762 conscienciam
399 2714 515 2775 meam,
547 2695 575 2760 si
605 2714 708 2761 essem
729 2697 760 2760 in
783 2714 858 2760 casu
881 2703 1007 2775 vestro,
1040 2697 1152 2761 vellem
1174 2697 1342 2777 abjurare;

151 2814 223 2861 nam
243 2794 278 2860 in
298 2795 412 2876 Anglia
431 2812 540 2860 omnes
561 2797 714 2876 magistri,
737 2796 828 2861 valde
843 2797 918 2861 boni
939 2796 1008 2876 viri,
1031 2797 1084 2878 qui
1106 2797 1247 2879 suspecti
1268 2798 1340 2863 ine·

150 2902 225 2961 runt
246 2894 285 2960 de
308 2895 456 2977 opinione
479 2895 608 2975 Vicleff,
637 2914 746 2962 omnes
767 2896 939 2961 secundum
967 2896 1109 2962 ordinem
1131 2914 1170 2960 ex
1190 2897 1342 2965 mandato

103 3080 105 3084 Α
151 2994 382 3076 archiepiscopi
404 2994 660 3076 abjuraverunt.“

248 3112 376 3192 Ultimo,
399 3111 469 3176 hori
488 3119 710 3179 remanserunt
729 3114 764 3177 in
786 3112 854 3194 hoc,
877 3112 961 3194 quod
982 3113 1109 3178 omnino
1132 3111 1203 3177 dem
1223 3130 1276 3178 me
1302 3112 1342 3180 ad

151 3213 285 3293 gratiam
300 3211 433 3277 concilii.
458 3214 569 3277 Palecn
591 3214 680 3278 venit
699 3213 741 3279 ad
760 3231 863 3277 meam
885 3212 1138 3294 postulationem,
1161 3211 1235 3293 quia
1255 3212 1343 3279 vole·

148 3312 221 3377 bam
242 3312 304 3375 sibi
325 3310 481 3392 confiteri,
520 3315 553 3377 et
581 3311 680 3394 petivi
702 3311 933 3377 commissarios
955 3312 1008 3377 vel
1030 3312 1227 3393 hortatores,
1257 3311 1344 3394 quod

149 3411 252 3492 ipsum
273 3411 349 3476 mihi
371 3412 485 3478 darent
505 3412 556 3477 vel
577 3431 674 3476 unum
695 3412 800 3477 alium.
822 3412 866 3476 Et
887 3410 967 3476 dixi:
992 3412 1121 3490 ,Palecz
1143 3416 1194 3477 est
1214 3413 1341 3493 praeci·

149 3527 230 3591 puus
252 3509 467 3591 adversarium
490 3512 559 3576 volo
576 3513 636 3576 sibi
651 3511 808 3590 confiteri;
832 3512 883 3575 vel
899 3511 981 3576 dotis
992 3512 1068 3575 mibi
1083 3512 1179 3575 alium
1194 3510 1344 3577 idoneum

148 3608 267 3688 virum,
289 3627 367 3690 rogo
382 3618 514 3693 propter
528 3611 650 3675 deum.“
667 3612 709 3676 Et
724 3611 840 3678 factum
855 3618 913 3676 est.
930 3612 1101 3677 Confessus
1123 3629 1192 3675 sum
1215 3611 1340 3678 cuidam

150 3708 272 3773 doctori
287 3712 453 3791 monacho,
486 3713 539 3793 qui
554 3713 606 3794 pie
629 3718 662 3778 et
682 3712 774 3777 valde
796 3713 906 3793 pulcre
927 3730 977 3776 me
998 3709 1129 3790 audivit,
1150 3710 1288 3777 absolvit
1310 3718 1345 3778 et

149 3809 259 3888 suasit,
281 3809 422 3875 sednon
443 3810 589 3895 injunxit,
611 3811 694 3876 sicut
715 3818 748 3878 et
769 3812 822 3877 alii
845 3812 1030 3877 suadebant.

248 3925 360 3991 Palecz
374 3925 471 4006 venit,
494 3931 527 3990 et
549 3926 626 3991 satis
647 3925 735 3991 flevit
754 3946 818 3991 una
839 3944 969 4004 mecum,
992 3924 1116 4007 quando
1138 3925 1238 4007 petivi
1262 3945 1342 4007 eum,

149 4031 185 4090 ut
205 4031 354 4109 parceret
367 4024 452 4104 mibi,
475 4025 501 4090 si
517 4026 601 4106 quod
616 4027 745 4091 verbum
768 4026 1010 4109 opprobriosum
1032 4025 1097 4091 dixi
1119 4025 1189 4111 sibi,
1212 4033 1246 4092 et
1268 4046 1341 4110 spe·

150 4125 285 4204 cialiter,
318 4125 495 4206 quodcum
524 4127 633 4191 vocavi
647 4128 789 4208 fictorem
821 4127 855 4192 in
876 4127 1006 4207 scripto.
1050 4125 1154 4190 Etiam
1183 4126 1249 4190 dini
1271 4127 1340 4208 sibi,

150 4224 232 4305 quod
260 4227 330 4308 ipso
352 4231 402 4290 est
423 4227 561 4290 omnium
581 4224 715 4305 sidoniis,
738 4225 772 4309 ²³)
804 4234 839 4291 et
858 4245 923 4291 non
943 4226 1086 4306 negarim
1122 4232 1155 4291 et
1184 4226 1340 4308 quomodo

149 4324 182 4388 in
202 4325 378 4405 audientia,
404 4345 453 4392 me
475 4330 611 4408 negante
633 4327 785 4393 articulos
807 4327 947 4407 testium,
979 4343 1113 4406 surgens
1135 4327 1231 4393 dixit:
1258 4327 1341 4409 „Iste

151 4523 346 4533 ·-——-

215 4602 238 4671 *l
257 4610 421 4670 investigator.
