2992 5258
130 345 192 410 346
375 343 580 398 &atraventinse
598 343 632 398 de
649 344 780 411 religione
799 343 987 414 inBolremia:
1007 344 1087 399 1408:

130 546 213 611 tiose
239 546 362 611 Dom¹¹⁰⁸
385 547 628 628 praesentibus,
661 549 693 612 in
716 553 781 612 tam
807 546 920 612 validis
945 545 1022 612 viris
1045 543 1208 628 pensando
1230 545 1331 611 hono·

131 666 213 726 rem,
236 646 390 728 nobisque
406 647 577 729 specialem
610 648 643 712 in
676 647 725 711 his
748 646 926 713 exhibendo
959 647 1094 728 gratiam
1116 644 1213 712 etad
1240 664 1331 711 man·

127 746 273 812 datorum
311 747 464 829 obsequia
496 754 637 813 nostram
671 747 911 814 universitatem
952 744 1073 812 firmius
1113 747 1331 829 astringendo.

128 848 244 913 Datum
267 849 404 929 Pragae,
432 849 465 913 in
498 854 627 914 nostrae
650 849 906 930 congregationis
930 848 1031 928 domo,
1056 848 1168 930 quinto
1190 848 1243 915 die
1266 848 1333 913 De—

128 949 273 1028 cembris,
296 955 426 1014 nostrae
442 949 660 1015 universitatis
683 951 742 1015 sub
765 949 878 1030 sigillo.

327 1048 492 1130 Heningus
522 1051 740 1131 Baltenbagen
766 1056 873 1117 rector
895 1050 1114 1116 universitatis
1136 1049 1236 1116 studii
1253 1050 1331 1114 Pra-

426 1151 533 1231 gensis
556 1157 730 1232 coetusque
751 1152 976 1232 magistrorum
998 1149 1164 1218 unanimis.

707 1535 739 1601 B.

368 1753 477 1807 Literae
496 1769 510 1805 e
529 1753 737 1820 congregatione
755 1752 945 1820 magistrorum
963 1752 1080 1807 nationis
1097 1752 1278 1820 Bohemicae‚
1296 1751 1332 1806 nd

425 1836 535 1890 eosdem
555 1835 644 1890 datae.

225 2005 367 2086 (Initirm
401 2005 506 2088 deest)
567 2055 572 2063 .
609 2005 722 2070 .Cur.
758 2055 763 2064 .
799 2005 863 2069 .D.
880 2005 1087 2072 Wenceslaus
1101 2005 1137 2070 R.
1161 2010 1195 2070 et
1208 2003 1245 2068 B.
1262 2004 1329 2070 Rex

126 2125 196 2169 cum
230 2114 297 2172 toto
325 2125 425 2186 regno
460 2105 676 2173 confusionem
710 2113 774 2171 tam
807 2105 960 2187 grandem
992 2105 1136 2187 petituri
1158 2122 1216 2169 cur
1239 2110 1328 2171 totus

126 2212 236 2271 coetus
258 2207 482 2286 magistrorum
506 2207 596 2287 regni
612 2207 782 2273 Bohemiae
809 2207 841 2271 iu
864 2203 1155 2288 praestantioribus
1177 2205 1330 2270 membris

124 2306 286 2371 laeditur?
316 2307 377 2386 Qui
400 2314 510 2374 coetus
533 2327 596 2372 una
619 2326 689 2371 curn
713 2306 832 2373 eisdem
855 2305 1017 2385 magistris
1039 2304 1185 2397 omnibns
1206 2305 1328 2372 viribus

125 2425 230 2472 coram
246 2418 335 2471 ser¹¹¹⁰
358 2407 502 2491 principe
518 2409 607 2473 Rom.
623 2415 656 2472 et
678 2407 713 2470 B.
738 2427 813 2487 rege
836 2412 967 2472 sanetae
991 2404 1150 2472 Romanae
1172 2405 1328 2473 eeclesiae

124 2508 272 2573 continue
287 2519 453 2592 promovet
465 2509 642 2589 collegium,
665 2515 706 2588 et
723 2508 839 2573 ceteris
855 2507 1037 2572 nationibus
1049 2507 1320 2590 oppugnantibus,

122 2609 186 2690 jam
202 2607 352 2690 periculis
367 2610 561 2676 instantibus
573 2628 609 2674 se
624 2611 763 2692 exponit.
778 2609 1010 2692 Quaproptero
1027 2609 1180 2692 patrosin
1198 2607 1325 2676 Christo

125 2708 224 2785 reims,
248 2728 331 2774 nunc
354 2718 482 2777 sanctae
507 2711 632 2775 unionis
654 2710 812 2775 zelatores
836 2709 1112 2792 praestantissimi,
1136 2708 1196 2774 Vf¹⁸
1221 2708 1320 2778 Pat'ffl

124 2815 157 2873 et
180 2807 301 2872 nomba*
332 2805 515 2873 cordialiter
536 2809 759 2891 supplicamus
783 2813 939 2889 quatenus
962 2809 1045 2874 serni
1072 2827 1119 2892 pr.
1143 2812 1247 2876 nostri
1260 2810 1326 2877 DD.

125 2906 233 2973 Wene.
256 2924 294 2971 tt.
318 2909 479 2988 totiusque
496 2907 586 2987 regni
613 2908 785 2973 Bobemiae
807 2909 935 2988 intuitu,
964 2910 1048 2990 quod
1070 2909 1180 2991 utique
1197 2929 1323 2993 regnum

124 3007 154 3072 S.
168 3007 203 3072 R.
217 3007 379 3074 Ecclesiae
391 3009 544 3089 singulari
568 3007 751 3075 obedientia
773 3017 805 3074 et
828 3009 914 3075 fideli
931 3011 1109 3093 subjicitur,
1132 3020 1316 3096 nostraeque

126 3109 384 3188 congregationis
400 3107 585 3173 fidelitatem
602 3115 635 3173 ot
646 3110 861 3174 obedientiam
877 3110 1167 3190 ligamentorum
1195 3112 1310 3180 Βοῦν*

126 3209 306 3289 benigniter
336 3209 498 3290 respicere
528 3217 562 3274 et
583 3211 744 3292 praefatos
771 3211 856 3276 viros
878 3219 912 3276 et
933 3214 1104 3293 magistros
1128 3216 1304 3282 venerabile

127 3308 224 3373 salvis
248 3310 344 3374 rebus
367 3311 543 3375 ethonore
566 3312 715 3391 gratiosis
730 3313 879 3394 prosequi
903 3313 1073 3394 favoribus,
1098 3324 1133 3381 ut
1156 3316 1297 3383 redeunt

125 3409 165 3474 ad
188 3411 323 3490 patriam
346 3430 408 3475 una
430 3412 594 3476 nobiseum
611 3421 717 3477 vestro
741 3420 850 3490 sarrrcto
874 3415 1008 3495 collegio
1032 3434 1137 3482 coram
1161 3426 1253 3482 ser¹¹¹⁰
1279 3437 1291 3502 1

126 3517 159 3575 et
181 3510 210 3574 d.
234 3530 263 3574 n.
280 3510 317 3573 D.
341 3509 527 3576 Wenoeslao
543 3511 578 3574 R.
601 3518 634 3577 et
649 3511 684 3575 B.
712 3532 788 3593 rege
811 3523 944 3595 totoque
959 3516 1050 3594 regni
1065 3517 1185 3598 populo
1203 3517 1284 3584 valet

126 3618 234 3690 grates
265 3610 400 3675 reddere
424 3618 456 3674 et
487 3617 616 3676 sanctae
639 3613 732 3678 matri
756 3614 911 3679 ecclesiae
935 3615 1106 3696 prodesse,
1129 3617 1214 3684 siout
1234 3635 1278 3684 an

125 3711 324 3791 protuerunt.
359 3711 429 3776 Dat.
465 3713 587 3792 Pragae
618 3712 921 3794 incongregatione
948 3717 1173 3797 magistrorum
1189 3720 1272 3786 natio

125 3811 323 3876 Bohemicae.
