2992 5258
153 399 192 459 32
609 378 746 464 Epistulae
765 398 881 468 scriptae

152 597 315 679 conjungit
350 596 481 676 caritas,
515 616 554 662 ex
586 600 682 665 corde
709 600 820 666 intimo
837 605 987 685 'propter
1027 605 1165 668 vestram
1202 601 1338 668 salutem

152 699 294 778 obsecro,
316 714 378 762 nou
400 704 533 780 propter
547 716 648 765 meam
668 703 902 767 excusationem
923 709 1031 784 (quum
1047 703 1122 768 mihi
1137 721 1195 786 pro
1210 705 1339 769 minimo

152 803 210 879 est,
236 805 274 869 ut
298 799 338 864 ab
366 797 544 863 bominibus
569 799 721 881 jndicer),
747 802 832 882 quod
857 804 951 869 nullis
982 805 1119 870 credatis
1140 804 1340 870 sermonibus

51 964 59 972 .
152 901 191 967 de
212 918 272 981 me,
304 898 388 981 quod
417 905 559 965 tenerem
587 901 636 967 vel
657 900 750 967 velim
776 908 887 968 tenere
908 904 1045 986 aliquem
1066 923 1216 986 errorem,
1240 905 1339 988 scrip·

151 1007 241 1067 turae
263 1018 373 1066 sacrae
394 1006 449 1065 aut
470 1001 561 1066 bonis
583 1003 722 1069 moribus
744 1004 952 1084 eontrarium
978 1022 1040 1069 non
1062 1005 1141 1084 dico,
1164 1005 1192 1070 si
1212 1003 1339 1080 willel,

151 1103 208 1167 sed
229 1120 289 1167 nec
315 1102 341 1166 si
364 1101 495 1183 angelus
525 1102 564 1168 de
592 1103 679 1169 coelo
702 1103 911 1171 descenderet
936 1111 970 1171 et
990 1106 1093 1185 aliter,
1126 1123 1218 1187 quam
1240 1104 1340 1188 scrip

152 1209 224 1270 tura
243 1203 359 1284 docuit,
381 1202 520 1269 doceret.
563 1202 688 1269 Etenim
710 1222 847 1285 errores
873 1223 951 1288 quos
972 1207 1048 1272 mibi
1069 1204 1262 1284 adscribunt,
1286 1220 1341 1269 cor

150 1323 253 1371 meum
274 1303 435 1371 abhorret.
478 1302 568 1380 Quod
590 1310 695 1370 autem
713 1322 778 1370 non
805 1306 919 1373 obedio
940 1305 1172 1373 deordinationi
1195 1303 1339 1387 superio·

151 1423 220 1468 rum
241 1405 275 1469 in
296 1421 358 1468 non
380 1403 560 1470 resistendo
582 1407 744 1487 potestati,
771 1425 852 1488 quae
881 1407 1046 1472 adomino
1069 1407 1128 1472 deo
1151 1411 1209 1486 est,
1232 1403 1341 1469 docuit

151 1523 200 1569 me
222 1503 396 1586 scriptura,
430 1511 463 1571 et
484 1507 673 1588 praesertim
701 1508 915 1590 apostolorum
943 1507 1060 1573 dictum
1082 1498 1116 1572 e't
1136 1505 1262 1583 lactum
1285 1502 1338 1585 qui

151 1612 263 1671 contra
293 1604 488 1670 voluntatem
520 1604 703 1688 pontificum
735 1596 999 1691 praedicaverunt
1029 1608 1139 1673 lesum
1178 1605 1339 1672 Obristnm

151 1705 318 1784 dominum,
339 1705 490 1785 dicentes,
515 1706 589 1786 quia
608 1708 707 1787 magis
729 1713 858 1790 oportet
879 1708 1008 1775 obedire
1033 1708 1103 1788 deo,
1125 1724 1217 1789 quam
1238 1702 1339 1770 bomi-

150 1805 252 1871 nibus.
296 1805 386 1883 Quod
407 1812 513 1872 autem
536 1806 650 1872 citatus
672 1807 712 1873 ad
727 1807 855 1875 Curiam
877 1828 939 1875 non
962 1809 1062 1893 parui,
1085 1807 1202 1873 multae
1224 1822 1338 1871 causae

150 1912 232 1971 sunt.
264 1906 414 1972 Volebam
438 1906 521 1971 euim
542 1907 575 1971 in
596 1907 753 1990 principio
777 1909 894 1976 citatus
916 1911 1019 1977 exire:
1042 1908 1099 1974 sed
1113 1911 1338 1991 procuratores
1366 1974 1371 1992 ,

150 2015 213 2073 tam
234 2007 296 2073 mei
319 2025 411 2088 quam
432 2007 533 2089 partis
555 2007 706 2073 adversae
729 2010 927 2092 scripserunt
948 2011 1033 2092 mibi,
1055 2007 1139 2091 quod
1160 2024 1224 2073 non
1245 2023 1338 2088 pare·

150 2126 226 2188 rem,
249 2108 322 2190 quia
343 2107 443 2190 gratis
459 2107 555 2174 vitam
578 2126 804 2192 consumerem,
825 2127 866 2175 ne
882 2128 957 2194 ergo
973 2109 1165 2195 populumin
1177 2105 1274 2173 verbo
1286 2105 1338 2170 dei

149 2208 352 2290 negligerem,
374 2226 415 2272 ne
437 2207 533 2274 vitam
553 2209 586 2274 in
608 2228 722 2275 vanum
736 2228 942 2292 exponerem
965 2211 1038 2293 quia
1048 2207 1184 2292 jndicari
1200 2227 1219 2272 a
1229 2206 1336 2289 judice

149 2308 246 2386 illum,
268 2307 323 2390 qui
344 2307 510 2374 manifesta
529 2309 694 2391 impugnat
712 2311 828 2393 jndicis
855 2317 995 2393 peccata,
1022 2317 1072 2377 est
1092 2309 1126 2374 in
1146 2311 1280 2372 mortem
1302 2322 1337 2369 se

151 2409 237 2476 dare.
280 2408 372 2474 Unde
405 2408 432 2474 si
465 2426 590 2491 possem
622 2410 740 2477 babere
773 2412 985 2494 conjecturam
1017 2407 1220 2493 probabilem,
1253 2403 1337 2487 quod

149 2527 275 2592 possem
306 2526 366 2592 per
393 2510 651 2591 comparitionem
678 2517 711 2576 et
740 2530 798 2593 per
824 2520 957 2578 mortem
985 2529 1086 2577 meam
1115 2506 1272 2590 aliquibus
1296 2504 1337 2570 ad

151 2610 284 2675 salutem
305 2607 477 2691 prolicere,
504 2608 641 2676 libenter
669 2611 839 2677 auxiliante
861 2613 940 2678 Jesu
962 2611 1089 2677 Christo
1111 2623 1335 2690 comparerem.

248 2709 311 2776 Sed
333 2710 404 2791 beu,
427 2709 498 2791 quis
519 2710 591 2775 istis
606 2710 802 2794 temporibus
824 2712 856 2776 in
874 2712 1051 2778 bominibus
1073 2710 1206 2775 maxime
1221 2705 1336 2782 avaris,

149 2809 283 2877 maxime
305 2810 451 2892 superbis
474 2817 507 2876 et
528 2810 692 2877 obduratis
714 2811 868 2894 proficiet,
891 2815 944 2895 qni
965 2812 1106 2879 eruditum
1129 2828 1219 2874 suum
1241 2827 1261 2875 a
1281 2825 1335 2871 ve·

120 2989 121 2992 ῒ
149 2913 245 2979 ritate
267 2916 452 2976 averterunt
472 2918 507 2978 et
527 2911 568 2977 ad
590 2912 710 2979 fabulas
733 2919 807 2978 sunt
829 2913 998 2987 conversi?
1019 2912 1173 2978 Dominus
1193 2909 1336 2989 omnipo·

41 3052 46 3061 ·
149 3021 221 3079 tens
242 3011 392 3094 dignetur
413 3030 500 3078 suam
515 3017 656 3079 sanctam
678 3013 842 3079 ecclesiam
864 3033 927 3080 nna
948 3014 1108 3080 vobiscum
1128 3026 1335 3094 praeservare

150 3114 189 3180 ab
211 3112 398 3179 Antichristi
420 3113 553 3194 insidiis,
573 3119 606 3179 et
627 3132 676 3179 me
698 3114 814 3179 vestris
835 3113 995 3180 lavoribus
1017 3131 1075 3196 pro
1098 3111 1214 3178 auxilio
1235 3107 1336 3173 beati·

149 3212 269 3280 tudinis
280 3212 509 3279 commendare.
533 3214 597 3280 Vos
619 3220 735 3294 autem,
756 3214 794 3278 D.
813 3214 985 3297 Stephane,
998 3211 1219 3297 suspicionem,
1242 3226 1335 3291 quam

148 3321 184 3380 ut
205 3313 298 3380 audio
320 3313 360 3379 de
383 3334 432 3380 me
447 3314 568 3396 geritis,
591 3314 749 3398 deponite,
766 3314 866 3380 donec
880 3314 969 3381 vobis
991 3316 1085 3397 plena
1099 3310 1236 3394 cognitio
1260 3308 1333 3373 illu·

149 3421 262 3481 cescat
304 3415 444 3496 Legistis
465 3413 595 3480 verbum
618 3413 752 3479 Christi:
788 3413 911 3493 ,Nolite
941 3414 1101 3496 judicare,
1134 3417 1171 3476 ut
1201 3426 1265 3475 non
1283 3407 1334 3488 ju·

148 3513 304 3595 dicemini,
332 3514 430 3580 nolite
453 3514 662 3580 condemnare
684 3519 718 3579 et
740 3533 801 3579 non
824 3513 1145 3580 condemnabimur:
1175 3515 1208 3574 et
1229 3515 1336 3574 tamen

148 3633 198 3679 me
216 3596 384 3708 judicatis,
414 3619 447 3678 et
466 3612 589 3695 ,Wilrlef
612 3614 644 3678 in
667 3620 774 3679 vestro
794 3613 903 3679 libello
932 3615 964 3679 iu
986 3612 1089 3680 anime
1110 3607 1335 3677 condemnatis.

150 3714 212 3780 Ubi
234 3713 386 3780 revelatio
408 3714 459 3777 vel
481 3711 639 3794 scriptura
667 3712 717 3776 vol
739 3711 894 3777 sensualis
917 3712 1039 3790 notitia,
1061 3709 1144 3792 quod
1167 3709 1335 3786 bominem,

148 3815 202 3896 qui
224 3819 289 3879 stat
311 3813 362 3878 dei
380 3812 509 3895 judicio,
532 3811 769 3878 condemnatis?
802 3811 871 3876 Non
895 3810 1057 3876 sufficeret
1077 3811 1166 3876 vobis
1188 3808 1335 3874 condem·

150 3932 227 3978 nare
249 3912 334 3979 dicta
355 3912 500 3993 bominis,
532 3920 565 3979 et
586 3918 772 3994 exspectare
807 3910 1099 3976 condemnationem
1120 3908 1255 3973 bominis
1278 3926 1336 3990 per

150 4014 201 4080 dei
221 4013 372 4095 Judicium
395 4013 444 4079 vel
466 4013 677 4096 scripturam?

249 4128 325 4182 Edit.
338 4130 368 4182 in
379 4128 462 4182 ΒΜ.
478 4129 531 4182 Per
547 4128 686 4180 sseauuro
704 4127 827 4179 amodot.
837 4142 898 4179 nov.
909 4123 998 4178 tom]
1002 4123 1034 4190 V,
1044 4132 1130 4193 porte
1138 4122 1166 4184 2,
1178 4139 1206 4192 p.
1215 4121 1334 4176 363-4.
