2992 5258
351 407 392 459 50.
428 404 456 458 C.
475 403 558 458 Balio
576 403 659 459 libros
677 403 756 458 Wicl.
775 404 961 459 condemnans
978 406 1140 475 exagitatur.
1282 412 1342 478 471

146 611 299 674 maneatis
331 608 363 673 iu
398 609 462 673 vitu
495 606 628 686 Christi,
663 624 721 672 nec
749 624 807 688 per
830 609 945 673 ostium
967 610 1171 688 ascendistiS,
1207 611 1263 676 sed
1286 630 1344 693 per

145 712 261 775 fastum
283 716 316 775 et
338 709 518 790 superbiam
541 727 577 773 ac
600 708 760 790 pecunius
784 717 817 773 et
839 709 885 773 sic
908 714 942 773 ut
963 710 1051 774 fures
1073 712 1246 776 secandum
1268 730 1341 779 son-

147 811 279 876 tcntiam
302 811 469 876 salvatoris
495 810 662 875 mactandi.

246 913 362 995 Lepem
385 913 435 973 dei
459 911 754 991 capdecanacum.
789 911 832 977 Et
853 913 898 976 sic
920 930 980 976 nec
1001 914 1185 994 evangelica
1205 913 1291 981 dicta
1312 923 1346 983 et

147 1013 295 1078 mandata
316 1013 367 1088 dei
389 1014 433 1079 ibi
456 1015 569 1095 posita.
613 1012 655 1076 Et
677 1012 751 1094 quid
774 1013 890 1076 clarius
913 1013 975 1079 isto
997 1013 1168 1079 mandato?

248 1114 378 1177 Publice
399 1122 427 1176 et
450 1114 569 1177 occulte.
592 1113 653 1178 Hic
676 1130 827 1194 expresse
851 1112 1041 1179 contradicit
1063 1115 1231 1180 sententiis
1255 1134 1345 1181 sanc-

151 1225 256 1281 torum
283 1223 316 1281 et
344 1217 517 1281 rationibus
546 1216 586 1279 ab
618 1215 754 1279 eeclesia
785 1215 971 1296 approbatis
1004 1216 1155 1280 XXXVII
1181 1217 1253 1282 dist
1277 1236 1346 1283 cum

148 1317 215 1381 suis
238 1318 482 1395 concordantis,
513 1322 546 1380 et
559 1315 658 1379 velint
679 1316 783 1380 nolint
804 1315 949 1396 juristae,
972 1322 1110 1398 oportet,
1132 1318 1216 1399 quod
1238 1318 1348 1399 legant

150 1419 302 1483 haereses
325 1419 358 1481 in
380 1417 511 1483 decreto
536 1416 757 1496 nrauhtipliciter
778 1416 964 1498 descriptas

258 1518 361 1580 Veluti
383 1526 557 1599 conspectum
585 1519 623 1578 dc
637 1518 704 1600 fide
724 1518 858 1598 procedi.
893 1519 1054 1584 Laudetur
1076 1519 1164 1598 dcam,
1187 1518 1271 1601 quod
1293 1518 1348 1584 ha·

149 1620 261 1685 bentes
290 1620 388 1683 libros
422 1618 537 1683 Wielet'
569 1624 643 1681 sunt
665 1618 805 1698 suspecti
831 1618 969 1698 deiide,
1000 1624 1032 1683 et
1054 1620 1115 1701 ipsi
1138 1619 1348 1701 reprobantes

148 1739 203 1785 eos
227 1728 260 1785 et
282 1719 505 1785 comburentes
520 1724 595 1783 sunt
609 1719 751 1799 suspecti
773 1719 813 1782 do
833 1719 969 1797 haeresi,
992 1739 1011 1783 a
1032 1738 1167 1801 regnoa
1187 1722 1347 1786 contrario

148 1838 254 1895 sensu,
277 1821 361 1901 quod
384 1820 487 1885 estin
508 1821 581 1900 juro
603 1819 739 1883 validum
763 1820 811 1883 vel
827 1818 902 1884 alibi
926 1820 979 1884 ubi
1002 1821 1182 1901 contigerit,
1206 1827 1239 1885 et
1264 1839 1347 1889 com·

149 1927 301 2003 parentes
323 1920 511 1985 nundinentur
533 1939 569 1984 ac
592 1919 631 1983 ad
654 1918 871 1983 defensionem
893 1918 1139 1985 admitterentur
1161 1921 1193 1985 in
1210 1924 1344 1987 carceri·

150 2022 211 2086 bus
233 2028 267 2087 et
288 2021 392 2100 serris,
416 2027 451 2085 ut
472 2020 580 2087 docuit
601 2019 809 2099 experientia

248 2122 332 2186 Nota
370 2121 534 2185 mendacia
566 2126 764 2197 nostrorum,
798 2125 875 2200 puta
908 2119 1082 2201 Sbyneouis
1115 2120 1347 2204 archiepiscopi

150 2243 219 2287 cum
241 2224 308 2287 suis
331 2222 536 2303 complicibus
560 2220 721 2284 carrionicis
744 2225 778 2283 et
800 2220 870 2284 aliis
890 2219 1032 2299 juristis‚
1055 2222 1107 2302 qui
1131 2222 1162 2286 in
1186 2223 1252 2286 suis
1275 2240 1348 2287 scn-

151 2326 259 2391 tentiis
288 2324 576 2405 pronuntiaverunt
602 2323 758 2387 doannem
788 2321 905 2387 Wiclef
923 2323 1178 2388 haeresiarcham
1201 2323 1347 2388 condem-

151 2434 266 2505 natum,
291 2432 324 2488 ct
346 2426 398 2489 hic
421 2444 503 2506 papa
518 2423 628 2487 citavit
650 2423 690 2486 ad
707 2422 977 2487 condemnandum
994 2442 1071 2488 curn.
1096 2423 1143 2487 En
1166 2425 1228 2488 ista
1249 2424 1348 2489 stulta

152 2533 182 2591 et
203 2527 388 2606 blasphema
403 2525 632 2599 commissione,
656 2521 844 2587 diffinitione
858 2542 913 2587 seu
936 2524 1030 2603 bulla,
1054 2530 1188 2605 apparet
1210 2525 1348 2589 intuenti

152 2625 333 2706 diligenter,
355 2626 440 2706 quod
463 2626 516 2689 isti
539 2623 735 2702 crardinales,
757 2625 916 2706 episcopi,
945 2625 1089 2689 monaehi
1112 2640 1149 2687 ot.
1170 2624 1251 2704 juris
1273 2642 1347 2706 pro·

153 2726 290 2790 sessores
312 2728 343 2790 in
368 2734 504 2806 quatuor
527 2725 638 2790 diebus
662 2742 771 2789 ornnes
793 2725 891 2790 libros
913 2725 1046 2789 Joannis
1069 2723 1185 2789 Wiclei
1203 2725 1346 2806 perlege-

152 2834 234 2904 runt,
259 2828 521 2892 examinaverunt
544 2834 576 2889 ct
599 2843 797 2905 processum,
820 2834 855 2890 ut
877 2826 993 2890 dieitur
1015 2844 1125 2907 supra,
1148 2825 1293 2890 fecerunt
1315 2831 1348 2889 et

150 2929 332 2994 retulerunt
361 2929 494 2993 concilio
529 2934 561 2992 et
596 2926 885 2991 condemnaverunt
912 2943 948 2990 nc.
972 2925 1058 3006 quod
1081 2931 1207 2990 centum
1230 2925 1346 2991 diaboli

149 3030 350 3093 subtilissimi
384 3036 417 3093 et
450 3029 574 3109 experti
599 3029 628 3091 ia
652 3029 734 3091 orrrni
758 3028 877 3092 malitia
899 3046 961 3092 non
985 3034 1117 3108 possent
1138 3026 1254 3091 tacere.
1300 3026 1347 3090 Ex

148 3148 214 3213 quo
236 3128 404 3194 manifesto
427 3129 625 3194 convincitur
655 3146 764 3202 eorum
787 3128 936 3197 stultitia,
964 3128 1157 3207 praesumtio
1181 3125 1349 3190 temeraria

147 3240 184 3295 et
207 3230 372 3295 mendacia
392 3236 551 3311 apparent
572 3247 674 3310 papam
697 3248 765 3293 enm
788 3235 857 3293 toto
880 3228 1014 3292 coneilio
1035 3229 1068 3291 in
1090 3228 1241 3291 librorum
1264 3244 1347 3290 com·

142 3329 313 3405 bustione,
347 3348 417 3395 cum
450 3331 657 3411 impossibilia
690 3338 723 3393 et.
759 3332 843 3394 omni
871 3330 936 3409 juri
964 3329 1125 3393 contraria
1152 3326 1295 3392 scribunt
1317 3335 1348 3392 et

138 3432 318 3514 publicant
338 3432 408 3495 sine
435 3431 552 3496 rubore
574 3448 611 3496 ot.

253 3532 459 3613 Conpreputia
484 3550 521 3598 tc.
555 3534 604 3594 dic
636 3541 724 3594 nauta
756 3532 911 3595 Jurauurii
932 3550 1018 3592 unua
1041 3530 1164 3591 domini
1185 3526 1350 3591 rnillcoimc

137 3636 458 3718 quadrinpentaoimo
492 3635 602 3705 XIII,
629 3634 698 3711 ‚fouit
727 3654 784 3714 per
806 3655 854 3694 me
878 3634 1047 3695 Gobcrtacm
1063 3632 1219 3712 praefata
1238 3627 1350 3693 cedula

142 3742 240 3805 lecta
259 3733 422 3816 publicata
450 3743 477 3796 ct
496 3755 554 3816 per
577 3757 681 3797 ornnes
703 3735 902 3798 concordata.
946 3734 990 3798 VI
1012 3733 1171 3809 ianuarii,
1195 3738 1228 3796 et
1249 3730 1295 3795 sic
1316 3731 1348 3794 in

140 3840 203 3905 die
226 3835 436 3917 Epiphaniae,
460 3836 682 3917 quodvidetur
704 3837 826 3913 fulsum,
849 3837 924 3918 paria
938 3836 1075 3901 infestis
1098 3833 1215 3899 talibus
1237 3848 1299 3896 non
1314 3830 1349 3896 fit

144 3938 321 4006 concilium
343 3953 380 4001 ot.

256 4038 367 4117 „Haeo
394 4039 533 4100 John-nis
555 4038 630 4101 Huc
649 4038 757 4118 plocen
779 4044 891 4098 contro
911 4036 1029 4098 bullam
1049 4034 1179 4114 popoe.“
