2992 5258
153 406 197 473 48
610 403 751 476 Epistulae
771 404 888 476 scriptae

154 607 294 673 storibns
316 607 433 689 inquit:
456 609 617 676 Annuntio
639 610 728 676 vobis
749 608 899 693 gaudium
920 629 1082 694 magnum,
1113 610 1197 694 quod
1220 616 1254 677 et
1275 612 1347 677 uni·

154 726 247 774 verso
268 709 395 790 populo.
448 708 669 793 Adstatimqae
689 711 858 778 multitudo
881 711 1066 792 angelorum
1088 711 1266 778 vociferare
1296 712 1345 777 in·

156 810 236 891 quit:
272 808 381 875 Gloria
402 809 435 875 in
457 811 591 878 excelsis
620 810 680 878 deo
713 818 746 880 et
773 813 917 879 interra
949 831 1010 895 pax
1044 813 1222 878 hominibus
1244 814 1346 879 bonae

154 910 340 976 uoluntatis!
382 910 473 977 Istud
484 920 775 994 commemorantes,
799 913 963 995 carissimi,
985 913 1131 995 gandete,
1155 914 1229 995 quia
1249 914 1345 980 hodie

154 1011 232 1076 deus
252 1016 413 1078 natusest
433 1013 536 1093 horno,
559 1020 595 1080 ut
605 1015 648 1081 sit
669 1014 814 1097 gloriain
830 1015 965 1080 excelsis
987 1015 1047 1082 deo
1068 1022 1102 1082 et
1124 1015 1156 1081 in
1178 1021 1268 1081 terra
1284 1034 1345 1098 pax

154 1113 333 1179 hominibus
354 1112 457 1180 bonae
472 1115 652 1182 voluntatis.
676 1116 829 1199 Gaudete,
852 1117 925 1198 quia
940 1115 1034 1181 hodie
1048 1115 1198 1183 immense
1213 1135 1345 1198 magnus

154 1220 247 1279 natus
270 1219 320 1278 est
341 1231 435 1295 puer,
468 1219 504 1278 ut
524 1215 567 1279 sit
588 1215 690 1296 gloria
711 1217 744 1281 in
766 1216 900 1283 excelsis
922 1215 983 1281 deo
1004 1233 1056 1295 rt.;
1092 1217 1246 1298 gaudete,
1270 1217 1344 1300 qnia

154 1312 248 1378 hodie
270 1320 363 1379 natus
386 1320 435 1378 est
457 1315 696 1397 reconciliator,
729 1323 765 1382 ut
794 1316 1016 1383 reconciliaret
1041 1316 1200 1383 hominem
1229 1316 1346 1383 decet

153 1415 276 1495 angelo,
299 1420 332 1480 et
353 1414 400 1480 sic
422 1420 458 1481 ut
471 1415 514 1480 sit
535 1416 637 1497 gloria
651 1417 684 1482 in
700 1417 833 1483 excelsis
849 1417 969 1498 denar,
992 1417 1138 1500 gaudete,
1161 1419 1235 1500 qnia
1249 1417 1345 1484 bodie

153 1519 247 1579 natus
270 1518 329 1596 est,
352 1521 387 1580 ιιι
408 1521 594 1597 peccatores
616 1535 634 1582 a
656 1524 787 1600 peccato
809 1523 974 1600 purgaret,
1004 1537 1024 1584 a
1045 1523 1206 1601 potestate
1228 1517 1345 1585 diaooli

153 1614 306 1680 liberaret
338 1621 372 1681 et
402 1635 422 1681 a
456 1616 635 1698 perditione
668 1624 800 1685 aeterna
838 1617 1037 1685 observando
1068 1618 1197 1685 inducat
1229 1619 1344 1701 gaudio

153 1721 294 1796 aeterno,
317 1721 353 1781 ut
374 1717 418 1781 sit
438 1717 540 1800 gloria
561 1718 594 1783 in
616 1719 750 1784 excelsis
774 1719 833 1785 deo
854 1735 902 1797 ar,
924 1719 1060 1801 gaudete
1082 1718 1199 1799 gaudio
1220 1737 1344 1801 magno,

153 1815 229 1897 quia
249 1816 344 1882 bodie
365 1822 459 1882 natos
482 1824 532 1884 est
553 1819 644 1884 nobis
667 1838 732 1900 rex,
761 1824 797 1886 ut
818 1819 945 1902 plenum
968 1836 1099 1901 regnum
1121 1819 1261 1884 coeleste
1282 1818 1344 1885 lur-

153 1916 292 1998 giretnr,
328 1917 507 2000 episcopus,
537 1924 573 1984 ut
601 1919 854 1985 benedictionem
877 1924 1039 1985 aeternam
1062 1919 1229 1997 tribueret
1252 1924 1345 2002 pater

154 2016 253 2087 lutari
286 2018 401 2097 seculi,
435 2026 472 2085 ut
501 2037 559 2086 nos
581 2025 739 2102 umquam
761 2018 843 2086 filios
864 2037 972 2085 secum
994 2024 1150 2102 perpetuo
1171 2019 1344 2099 retineret3

153 2123 248 2183 natus
270 2123 321 2183 est
342 2119 433 2185 nobis
455 2118 556 2185 irater
584 2120 742 2199 caritatis,
774 2120 927 2200 magister
948 2119 1103 2202 prudens,
1136 2120 1201 2184 drrx
1227 2126 1345 2200 certus,

150 2218 249 2301 judex
268 2218 383 2301 justus,
406 2236 446 2283 ex
467 2236 515 2299 eo,
538 2227 575 2285 ut
588 2220 631 2285 sit
653 2218 755 2301 gloria
775 2220 808 2284 in
824 2219 958 2285 excelsis
979 2235 1016 2286 rc.
1039 2219 1184 2287 Gaudete
1205 2220 1343 2299 scelesti,

154 2318 228 2401 quia
249 2325 342 2385 natus
365 2325 416 2385 est
436 2320 516 2385 deus
538 2321 716 2403 presbyter,
745 2322 798 2403 qui
822 2320 952 2389 cuilibet
972 2320 1150 2403 poenitenti
1171 2320 1344 2387 absolutio·

152 2437 224 2484 nem
247 2419 359 2486 tribuit
380 2419 517 2486 omnium
539 2427 752 2502 peccatorum,
774 2428 811 2487 ut
824 2421 867 2487 sit
881 2421 983 2502 gloria
1004 2421 1036 2486 in
1051 2419 1185 2487 excelsis
1199 2437 1237 2486 rc.
1260 2420 1344 2488 Geu-

153 2518 239 2600 dete,·
261 2521 335 2602 qnia
355 2518 450 2586 hodie
468 2521 559 2604 panis
581 2522 776 2603 angelorum,
797 2521 920 2587 scilieet
941 2521 1029 2601 deus,
1055 2519 1158 2586 lactus
1180 2527 1231 2586 est
1251 2521 1343 2587 cibus

152 2620 323 2702 hominum,
346 2621 572 2692 utesuricutes
583 2623 739 2689 refocillet
760 2640 895 2705 corpore
907 2640 964 2688 suo
983 2621 1130 2703 glorioso,
1152 2626 1190 2687 nt
1210 2622 1255 2689 sit
1278 2622 1342 2691 illis

152 2740 214 2805 pax
235 2727 268 2789 et
290 2721 324 2785 in
345 2727 433 2788 terra
452 2739 489 2788 rr.
530 2723 684 2805 Gaudete,
707 2723 781 2805 qnia
801 2728 895 2788 natus
916 2727 967 2788 est
988 2722 1067 2787 deus
1088 2721 1287 2803 immortalis,
1308 2726 1345 2787 ut

152 2821 244 2889 homo
266 2821 409 2888 mortalis
438 2822 524 2889 vivut
546 2823 578 2888 in
607 2829 782 2897 aeternnm.
826 2820 985 2903 Gaudete,
1017 2822 1092 2904 quia
1118 2823 1260 2888 uniuersi
1287 2820 1343 2888 do-

151 2921 253 2986 minus
276 2922 364 2987 dives
382 2922 469 3004 jacet
490 2923 522 2988 in
545 2923 721 3005 praesepio,
744 2929 902 3005 nmquam
924 2941 1055 3006 pauper,
1087 2928 1123 2986 ut
1143 2940 1204 2988 nos
1225 2940 1344 3005 egenos

151 3020 278 3088 ditaret.
302 3023 457 3102 Gaudete,
480 3022 686 3103 dilectissimi,
709 3024 783 3105 quia
797 3023 961 3105 impletum
983 3029 1042 3102 est,
1065 3022 1148 3104 quod
1165 3025 1342 3105 prophelae

151 3123 438 3205 prophetaverunt,
472 3130 508 3188 ut
530 3125 572 3190 sit
593 3124 693 3205 gloria
715 3125 748 3188 in
771 3123 905 3188 excelsis
926 3122 986 3188 deo
1007 3139 1043 3188 at.
1089 3120 1243 3205 Garrdcte,
1270 3122 1345 3205 quia

151 3230 244 3288 nutus
266 3230 316 3289 est
338 3225 429 3290 nobis
450 3223 553 3289 infans
576 3225 676 3290 omnis
708 3224 878 3307 potestatis
908 3229 941 3289 et
970 3222 1045 3304 quio
1072 3221 1155 3287 filius
1177 3221 1271 3289 datus
1292 3227 1344 3289 est

150 3323 242 3388 nobis
264 3325 363 3390 totins
385 3324 568 3404 sagacitatis
590 3330 624 3389 et
645 3324 776 3405 gratiae,
811 3323 912 3389 nteit
943 3322 1045 3405 gloria
1076 3323 1112 3392 in
1142 3323 1278 3389 excelsis
1305 3339 1344 3391 κ.

151 3424 178 3488 Ο
211 3424 381 3504 carissimi,
416 3423 567 3505 numquid
599 3421 755 3488 modicum
788 3423 827 3489 de
862 3423 912 3487 his
944 3422 1014 3488 fieri
1046 3422 1143 3489 debet
1171 3422 1344 3506 gaudium?

150 3542 296 3606 magnum
317 3522 491 3605 siquidem
526 3524 571 3589 ait
586 3541 698 3606 nempe
723 3525 870 3605 angelus:
898 3523 1059 3589 Annuntio
1082 3522 1172 3589 vobis
1193 3522 1342 3605 gandium

151 3642 358 3704 rrragnumex
380 3642 431 3704 eo,
463 3625 538 3706 qnia
560 3630 652 3688 natus
674 3627 724 3688 cst
746 3624 947 3691 redemtore
970 3643 1093 3706 quaque
1115 3624 1258 3704 miseria,
1280 3624 1343 3691 sni·

150 3732 242 3790 vator
262 3730 478 3807 pcccatorum,
508 3723 703 3805 gubernator
724 3720 864 3791 fidelium
885 3743 1030 3804 suorum;
1064 3729 1157 3790 natus
1185 3733 1235 3792 est
1255 3742 1366 3798 moe,

150 3833 272 3890 storum
293 3826 481 3905 consolator,
505 3829 538 3889 et
553 3823 645 3889 dotus
667 3830 716 3890 est
737 3826 828 3891 nobis
851 3825 933 3892 filius
955 3826 1018 3908 dei,
1039 3833 1076 3890 ut
1097 3825 1139 3891 sit
1153 3824 1245 3890 nobis
1265 3842 1342 3906 gau·

150 3926 235 3992 dium
257 3945 412 4006 magnum,
444 3926 504 3991 deo
526 3925 558 3989 in
581 3925 715 3990 excelsis
737 3926 839 4007 gloria
860 3933 893 3991 ct
914 3927 946 3991 in
970 3932 1057 3992 terra
1078 3945 1140 4008 pax
1162 3923 1342 3990 hominibus

149 4026 250 4093 bonae
272 4026 453 4107 voluntatis,
476 4044 569 4107 qnam
585 4025 779 4091 voluntatem
795 4028 918 4108 bonam,
940 4043 1051 4108 pacem
1066 4026 1251 4108 pariterque
1265 4042 1341 4106 gau·

150 4126 234 4192 dium
257 4127 335 4192 deus
356 4126 451 4193 bodie
473 4133 566 4192 natus
589 4125 679 4191 nobis
702 4127 823 4208 pariter
844 4127 994 4207 dignetur
1015 4125 1192 4207 suffragari.

191 4324 196 4338 Ι
232 4241 277 4337 ,Ε
293 4242 356 4298 MS.
375 4244 459 4312 capit.
479 4241 568 4310 Prap.
587 4242 620 4294 F.
637 4241 685 4301 20,
705 4242 730 4312 s
749 4243 801 4295 112
816 4258 856 4309 sq.
881 4241 942 4306 MS.
968 4244 1041 4295 renio.
1060 4240 1149 4310 Pray.
1168 4240 1209 4303 X,
1232 4240 1268 4294 E.
1292 4237 1339 4301 24,

143 4325 168 4395 s'
186 4326 324 4460 ,raam
343 4411 373 4463 an
392 4410 462 4479 epp.
483 4406 556 4471 roo,
575 4409 600 4476 ι,
618 4406 657 4462 ιι
673 4417 698 4461 ιι
716 4408 778 4462 ιιι.
815 4410 921 4478 ιιιιιν,
942 4410 983 4471 ιι,
1000 4408 1061 4463 ιιι.
