2992 5258
149 374 210 438 570
399 368 602 422 (lontrovcrsioe
620 367 654 421 de
671 367 803 434 religione
820 367 848 420 in
870 366 1011 421 Bohemia:
1032 366 1104 420 1415.

149 591 238 637 suam
259 571 526 637 damnatissimam
548 569 724 637 doctrinam
747 568 907 634 adducere
928 569 1102 633 curavisse.
1142 568 1233 646 Quae
1254 568 1289 649 si,
1311 574 1345 633 ut

150 673 241 737 nobis
274 673 447 738 clarissime
470 674 586 753 liquet,
620 673 742 737 cunctis
765 671 857 751 regni
887 670 987 735 vestri
1010 670 1159 751 gentibus
1181 668 1345 734 manifesta

149 780 244 853 esset,
267 774 394 838 minime
416 773 606 853 dubitamus,
630 791 687 854 pro
705 773 825 852 ingenti
850 778 956 836 vestro
980 771 1020 835 ad
1041 769 1136 834 iidem
1161 769 1345 834 catholicam

149 872 279 952 affectu,
313 874 409 939 talem
441 874 558 951 virum,
593 874 659 938 suis
689 873 853 937 demeritis
890 871 1091 952 exigentibus
1125 871 1253 937 notorie
1275 888 1344 936 con·

149 975 267 1040 victum
298 980 331 1039 et
356 976 421 1055 jam
450 974 586 1040 deletum
612 974 814 1039 sanctissima
834 973 960 1053 justitia
980 972 1151 1050 mediante,
1174 990 1234 1053 per
1255 977 1346 1036 antea

150 1075 423 1140 exterminandum
446 1075 661 1139 curavissetis.
687 1073 808 1139 Scitote
824 1081 940 1151 autem,
964 1074 1023 1138 viri
1048 1072 1171 1138 nobiles
1194 1071 1345 1153 (pruden-

150 1176 228 1255 tes),
263 1194 320 1239 nos
345 1176 478 1240 eundern
500 1176 656 1240 loannem
692 1174 761 1238 llus
784 1175 900 1256 primo,
932 1191 969 1236 ox
994 1172 1272 1238 reverendissimis
1293 1171 1346 1237 do·

149 1277 243 1339 minis
276 1276 502 1355 cardinalibus,
537 1295 575 1340 cx
600 1276 815 1356 praelatorum
839 1294 875 1339 ac
898 1274 1122 1354 magistrorum
1146 1272 1346 1338 excellentis·

150 1378 299 1440 simorum
324 1394 415 1458 quarn
439 1377 583 1459 pluribus
606 1377 742 1441 examini
764 1394 821 1439 sno
845 1375 1021 1457 deputatis,
1043 1375 1168 1439 domum
1190 1373 1267 1439 data
1287 1373 1345 1439 sibi

151 1477 270 1558 pluries
292 1478 420 1558 publica
440 1477 619 1554 audientia,
650 1486 739 1541 ser¹¹¹⁰
761 1477 973 1542 Rornanorum
996 1494 1121 1558 semper
1144 1477 1289 1556 trignsto
1311 1493 1346 1540 ac

150 1576 310 1659 Ungariae
343 1596 379 1642 sc.
413 1597 488 1658 rege
525 1579 711 1655 assistente,
746 1596 826 1657 quae
859 1577 1119 1659 quemadmodum
1152 1577 1360 1661 intelligeret¹

149 1679 363 1757 auscultasse;
393 1678 529 1759 denique
553 1697 623 1742 cum
647 1677 916 1743 obstinatissimus
939 1679 972 1742 in
996 1678 1159 1744 erroribus
1182 1679 1345 1755 existeret,

149 1797 190 1843 ne
211 1781 334 1844 animae
368 1780 543 1860 periculum
558 1796 642 1842 snae
666 1783 851 1860 pateretur,
885 1786 983 1860 utque
1006 1779 1152 1844 omnibus
1174 1779 1216 1843 de
1238 1785 1346 1844 nostra

150 1879 313 1959 diligentia
336 1880 557 1961 gravitateque
579 1885 751 1958 constaret,
776 1881 954 1944 ornavimus
976 1881 1079 1963 ipsum
1102 1899 1260 1963 persaepe
1276 1898 1344 1946 evo·

151 1998 224 2045 care
247 1987 279 2045 et
308 1999 413 2046 coram
443 1999 534 2060 quarn
558 1980 701 2062 pluribus
725 1980 896 2060 praelatis,
925 1982 1108 2046 doctoribus
1133 1989 1164 2046 et
1188 1981 1347 2061 magistris

151 2101 227 2146 suae
272 2082 386 2148 mentis
427 2083 605 2148 sententias
643 2080 847 2145 rrrauiiestorc
889 2081 1153 2162 defensionesque
1188 2081 1345 2162 prolerre3

150 2182 250 2246 murita
282 2190 388 2247 autem
421 2184 548 2265 penitus
572 2182 709 2246 absurda
732 2189 765 2246 ct
794 2201 813 2245 a
835 2182 898 2245 lide
920 2183 1136 2264 discrepantia
1157 2201 1194 2247 so
1217 2183 1346 2247 credere

151 2282 314 2347 conlcssus
337 2290 397 2349 est.
424 2283 569 2346 Eundem
592 2290 707 2361 tamen,
731 2289 766 2347 nt
788 2285 1002 2364 resipisceret,
1025 2284 1209 2362 caritative,
1232 2289 1346 2364 quanto

151 2384 310 2463 potuimus
341 2384 446 2448 sturlio
468 2385 664 2462 moverimus,
703 2384 758 2447 secl
784 2403 843 2447 nec
865 2385 992 2465 profuit.
1038 2386 1163 2467 Quippe
1185 2404 1250 2450 non
1273 2385 1345 2450 satis

150 2482 211 2547 dici
234 2490 356 2564 posset,
390 2491 540 2564 quantum
567 2492 600 2548 ct
628 2484 752 2566 plublice
782 2485 1009 2565 privatimque,
1039 2492 1075 2549 ut
1107 2505 1141 2551 se
1176 2485 1343 2550 emendare

152 2583 263 2662 irctllct,
297 2585 401 2648 corinti
425 2603 544 2648 sumus.
590 2587 659 2662 Quo
682 2586 714 2648 in
738 2603 811 2649 casu
840 2586 1013 2650 clementer
1038 2605 1134 2667 agere
1156 2587 1344 2661 volebamus,

151 2684 316 2765 cupientes
350 2686 443 2749 vienn
468 2686 588 2768 potius,
618 2705 711 2766 quam
745 2691 878 2750 rnrrrtem
900 2687 1049 2768 arnplacti
1074 2688 1273 2768 peccatoris
1295 2684 1344 2749 sed

151 2803 210 2848 nec
232 2786 328 2849 ctiam
351 2786 506 2866 prolicere
529 2786 693 2850 valuimus.
735 2787 817 2863 erin
840 2787 902 2851 iuro
929 2789 1079 2852 contiuuo
1102 2787 1295 2852 obstinatior
1314 2787 1342 2849 in

152 2885 353 2965 opinionibus
385 2906 422 2950 ac
444 2888 629 2968 perversior
651 2885 807 2950 diabolica
829 2887 1034 2962 instigatione
1057 2888 1192 2954 exstitit.
1236 2889 1342 2968 ltaque

151 3002 204 3048 res
220 3003 255 3048 se
271 2986 374 3064 habet,
399 2993 434 3051 ut
455 2987 487 3048 in
503 2985 706 3067 apertissima
729 2985 833 3049 heresi
856 3005 893 3050 ac
916 2986 1107 3051 intolerabili
1128 2987 1342 3069 deprehensus

155 3092 187 3148 ct
221 3087 392 3165 convictus
422 3087 504 3168 juris
528 3105 681 3151 censurae
707 3087 834 3169 penitus
858 3087 1108 3169 relinqueretur,
1143 3095 1178 3152 et
1200 3088 1241 3153 ob
1264 3088 1342 3153 idio

152 3186 279 3267 publica
301 3188 402 3252 nostri
434 3188 558 3252 concilii
582 3187 725 3252 sessione
749 3186 915 3253 damnatus
938 3207 975 3253 ac
997 3189 1122 3253 demum
1146 3188 1341 3269 degradatus,

151 3288 306 3368 supplicio
330 3289 438 3353 nltirno
471 3308 528 3371 per
551 3289 669 3353 curiam
693 3289 871 3353 secularem
894 3289 1017 3354 exstitit
1036 3289 1207 3370 Judicatns

250 3389 339 3453 Haec
350 3389 585 3472 perscribimus,
608 3390 666 3452 viri
682 3388 929 3471 prudentissimi,
950 3395 993 3465 nt,
1017 3389 1101 3470 qvvod
1116 3407 1175 3454 nos
1189 3389 1343 3455 indefesse

152 3489 287 3568 egimus,
312 3508 366 3553 nuos
390 3491 505 3566 etiam,
533 3507 612 3569 quos
636 3490 837 3570 percepimus
860 3490 954 3569 hujus
977 3490 1120 3553 haeresis
1143 3489 1343 3570 periculosis·

152 3588 249 3652 simae
279 3595 534 3671 oppugnatores
569 3589 609 3653 ad
632 3590 773 3671 ejusdem
797 3592 1058 3673 exstirpationem
1081 3609 1144 3655 non
1168 3590 1271 3656 solnm
1293 3608 1342 3672 op·

152 3695 303 3770 portame,
341 3689 397 3753 sed
420 3690 569 3755 celeriter
603 3688 793 3767 intendatis,
826 3700 921 3772 atque
944 3697 1056 3755 ser¹¹¹¹¹¹¹¹
1080 3708 1188 3772 regem
1210 3696 1345 3755 vestrum

153 3788 457 3854 Clnistianissinnun
474 3790 723 3871 piissimumque,
747 3797 927 3856 nostrorum
944 3793 1038 3856 etiam
1054 3796 1225 3856 conatuum
1247 3808 1343 3874 prom·

152 3890 307 3953 tissimum
331 3897 364 3953 ct
387 3889 647 3968 efficacissimum,
671 3897 706 3954 ut
728 3891 880 3969 audimus,
905 3891 1095 3956 imitatorem
1119 3890 1159 3954 ad
1181 3887 1345 3956 solitasui·

151 3993 252 4074 fragia
283 3992 439 4056 excitetis.
484 3991 594 4071 Neque
624 3991 820 4069 dubitamus,
855 4012 925 4056 enm
960 3993 1020 4074 piis
1043 3992 1163 4056 nostris
1186 3992 1345 4057 conatibus

151 4095 278 4159 lavares
301 4100 498 4174 opportunos
528 4093 762 4173 impensurum:
786 4112 855 4157 curn
879 4113 897 4158 a
919 4092 1094 4157 venerabili
1118 4091 1219 4157 fratre
1242 4097 1345 4158 nostro

152 4193 301 4275 episcopo
333 4192 568 4273 lutomyslensi
598 4192 732 4272 aliisque
756 4192 939 4256 doctoribus
972 4197 1004 4255 ct
1025 4192 1187 4272 magistris
1213 4191 1346 4274 ejusdem

153 4294 242 4372 regni
280 4311 436 4374 persaepe
469 4291 676 4371 audierimus,
710 4310 803 4371 qnam
834 4291 1057 4356 ardontissime
1091 4294 1347 4375 expurgationem

153 4399 216 4456 tam
239 4391 439 4457 foedissimae
463 4395 564 4474 pestis
580 4392 755 4457 all'ectaret.
780 4391 876 4472 Cujus
898 4392 1039 4473 episcopi
1062 4400 1155 4474 gesta
1177 4414 1241 4459 non
1257 4410 1346 4476 parva

152 4492 246 4556 lande
276 4493 371 4573 digna
402 4501 524 4572 essent,
559 4493 584 4556 si
615 4512 685 4570 nos,
720 4502 838 4574 quanta
864 4510 922 4573 pro
951 4491 1071 4558 honore
1100 4495 1186 4575 regis
1210 4501 1244 4560 et
1264 4491 1347 4575 regni

154 4591 324 4664 Bolremiae
362 4601 394 4659 et
427 4594 600 4659 catholicae
638 4593 710 4661 lidei
739 4593 874 4660 tuitione
907 4593 1029 4661 seriose
1061 4596 1178 4680 gessit,
1213 4595 1344 4661 scribere
