2992 5258
431 421 509 475 annis
528 417 693 474 1408—1412
711 425 775 473 ante
794 418 911 472 exilium.
945 422 969 470 6.
1252 422 1290 482 13

197 625 279 704 Quid
302 642 377 690 vero
399 606 541 691 scribere
562 625 649 692 Tuae
670 622 804 690 caritati
831 642 902 688 cum
924 622 1040 688 ceteris
1061 621 1213 687 fratribus
1236 622 1290 686 de·

97 726 195 805 beam,
218 725 339 806 ignoro.
372 725 473 791 Nimis
494 725 654 791 doctiores
676 726 836 790 instruere
857 741 920 788 non
943 722 1041 802 valeo,
1071 722 1206 788 debilior
1227 722 1291 790 for·

98 826 197 891 tiores
212 827 244 890 in
260 825 378 892 Christi
393 827 507 892 militia
528 826 679 908 numquid
702 827 786 892 dicto
803 825 1006 892 confortare?
1027 831 1061 890 et
1078 824 1154 906 quid
1168 825 1291 891 dicam?

97 927 329 993 informationis
343 928 439 993 verba
453 929 521 993 Tua
543 928 667 994 Caritas
689 928 895 1009 praeeripuit..
918 926 1024 992 Solum
1039 927 1114 992 mibi
1134 932 1291 1008 superest,

99 1038 132 1093 nt
153 1036 260 1111 petam
283 1035 316 1093 et
337 1035 479 1110 repetam
501 1030 655 1094 orationis
685 1028 848 1106 anaxilium,
879 1035 912 1093 et
942 1028 1116 1107 regratinr,
1147 1029 1230 1109 quod
1251 1027 1291 1092 de

98 1130 265 1195 benedicta
286 1129 401 1210 Anglia
430 1137 524 1195 tanta,
547 1130 630 1195 bona
656 1148 714 1211 per
736 1135 823 1193 tuum
846 1128 1001 1208 laborem,
1032 1133 1215 1210 praestante
1237 1127 1291 1192 do-

99 1231 182 1295 mino
196 1230 275 1295 lesu
291 1229 428 1310 Christo,
451 1231 602 1296 Bobemia
613 1230 679 1311 jam
693 1229 849 1311 suscepit3
872 1247 931 1294 nec
947 1229 1071 1308 mirum,
1087 1229 1113 1295 si
1129 1228 1199 1295 aliis
1215 1229 1293 1294 odor

99 1338 131 1396 et
145 1337 278 1396 mortem
294 1329 352 1398 sed
365 1330 523 1411 gaudium,
546 1331 620 1412 quia
640 1331 747 1396 multis
768 1331 848 1395 odor
859 1331 892 1394 in
906 1331 1002 1395 vitam
1022 1335 1185 1395 aeternam
1201 1330 1293 1408 (aie).

100 1430 147 1495 Ad
162 1437 286 1497 tantum
302 1431 385 1496 enim
407 1431 552 1497 inimicus
574 1431 709 1496 hominis
733 1431 884 1497 zizaniam
906 1431 938 1494 in
961 1438 1071 1497 nostro
1088 1447 1186 1511 regno
1203 1447 1292 1512 sper-

99 1540 200 1611 serat,
232 1531 315 1614 quod
338 1532 390 1596 vix
412 1537 446 1597 et
467 1550 539 1598 raro
561 1550 692 1613 granum
716 1532 814 1597 tritici
841 1532 1033 1613 apparebat3
1066 1538 1167 1597 totum
1190 1530 1294 1612 reple-

100 1640 211 1699 verant
245 1633 365 1698 urtieae
395 1650 505 1712 agrurn
539 1621 690 1710 h'ominiS,
721 1631 806 1712 quod
835 1632 975 1712 graviter
1004 1631 1140 1696 inveniri
1168 1636 1294 1713 poterat

102 1735 150 1800 via
171 1734 293 1800 salutis

198 1836 270 1901 Jam
292 1841 396 1901 autem
419 1835 565 1917 populus,
589 1835 642 1916 qui
664 1834 845 1901 ambulabat
867 1835 899 1898 in
922 1834 1073 1914 tenebris,
1096 1832 1174 1899 vidit
1192 1833 1295 1899 lucem

101 1955 243 2018 magnam
258 1936 337 2001 lesu
352 1935 480 2017 Christi,
503 1936 576 2017 quia
598 1936 816 2001 babitantibus
838 1935 870 1999 in
894 1935 1024 2015 regione
1040 1934 1168 1999 mnbrae
1183 1934 1294 2000 mortis

102 2037 152 2101 lux
168 2037 215 2101 eis
229 2036 379 2119 apparuit
393 2038 554 2115 veritatis;
578 2056 670 2118 quam
685 2042 868 2118 praestante
885 2035 1042 2101 salvatore
1058 2042 1167 2101 nostro
1182 2034 1288 2101 arden·

101 2137 222 2201 tissime
245 2137 423 2220 suscipiunt
444 2138 562 2219 populi,
585 2137 731 2217 barense,
758 2136 884 2216 milites,
907 2138 1037 2201 comites
1061 2142 1094 2202 et
1115 2154 1295 2202 communes

103 2238 227 2319 plebeji.
251 2237 342 2316 Quod
365 2238 422 2321 (si)
443 2245 552 2303 vestra
567 2238 644 2303 illud
665 2238 705 2303 ad
727 2238 853 2320 plenum
869 2238 1026 2320 percipiet
1040 2237 1172 2319 Angliae
1186 2244 1297 2303 sancta

101 2339 321 2420 communitas,
350 2339 507 2406 laetanter
529 2339 633 2405 cordis
656 2339 795 2422 tripudio
818 2344 1054 2422 prorumperet:
1088 2338 1209 2405 laetare
1231 2344 1295 2403 ste-

103 2439 179 2518 rilis,
203 2458 284 2521 qnae
306 2457 370 2505 uon
392 2440 494 2522 paris,
518 2459 648 2523 erumpe
671 2445 706 2504 et
725 2441 832 2518 clama,
856 2458 936 2520 oriae
966 2459 1028 2504 non
1052 2441 1200 2521 parturis,
1224 2439 1297 2520 quia

105 2540 193 2606 multi
217 2537 274 2605 tilii
297 2539 425 2607 deserti.

200 2639 299 2719 Scito,
321 2641 525 2707 dilectissime
547 2641 655 2722 frater,
678 2641 762 2724 quod
784 2643 994 2725 populusnon
1013 2643 1080 2706 vult
1094 2641 1213 2719 andire,
1237 2640 1297 2704 nisi

104 2759 222 2807 sacram
246 2741 452 2824 scripturam,
485 2743 674 2825 praesertim
696 2744 893 2825 evangelium
916 2749 950 2809 et
971 2742 1140 2825 epistolas3
1174 2750 1206 2807 et
1228 2741 1296 2805 ubi·

103 2861 223 2924 cunque
254 2842 287 2906 in
323 2842 452 2908 civitate
482 2843 531 2908 vel
561 2842 697 2926 oppido,
727 2844 794 2908 sive
824 2844 898 2908 villa
925 2850 981 2909 aut
1010 2850 1131 2923 castro,
1164 2849 1297 2924 apparet

106 2950 230 3008 sanctae
254 2942 398 3009 veritatis
421 2944 631 3025 praedicator,
654 2945 838 3010 catervatim
861 2944 1023 3010 confluunt
1037 2944 1155 3026 populi,
1178 2942 1297 3007 clerum

105 3043 325 3125 indispositum
347 3051 565 3127 aspernantes
604 3044 651 3108 Ex
674 3063 736 3127 quo
759 3045 959 3110 consurrexit
981 3051 1117 3124 satanas,
1141 3045 1214 3126 quia
1231 3044 1297 3126 Jarn

106 3144 201 3210 carrda
231 3150 317 3209 mota
346 3151 395 3210 cst
417 3145 518 3227 ipsius
540 3145 731 3225 Behemoth,
763 3152 796 3211 et
825 3153 935 3224 restat,
966 3153 1001 3210 ut
1028 3144 1172 3209 dominus
1202 3144 1299 3210 Jesns

106 3243 250 3311 cbristus
273 3251 418 3312 conterat
440 3251 535 3328 caput
557 3245 634 3327 ejus.
678 3246 761 3311 Ecce
777 3243 914 3323 ,carrdam
937 3247 1005 3327 ejus
1026 3244 1113 3310 lente
1136 3244 1237 3324 tetigi,
1266 3250 1299 3308 et

106 3349 230 3427 aperuit
251 3365 287 3412 os
309 3364 415 3426 sirum,
446 3355 482 3412 ut
502 3365 552 3411 me
575 3365 645 3410 cum
667 3345 818 3411 fratribus
841 3345 962 3427 pariter
984 3344 1164 3427 deglutiret.
1207 3344 1299 3408 Furit

108 3464 202 3525 nunc,
238 3454 272 3512 et
300 3446 443 3512 mendaci
472 3448 569 3512 verbo
599 3466 683 3512 nunc
712 3447 900 3525 baereticat,
935 3464 1018 3511 nunc
1047 3445 1183 3526 blandit,
1216 3463 1298 3511 nunc

108 3545 258 3611 lammam
281 3567 435 3614 censurae
458 3548 659 3630 multiplicat,
684 3548 834 3629 expandit
856 3547 955 3613 lacem
977 3546 1203 3611 fulminationis
1225 3547 1297 3612 hor·

109 3646 192 3713 ridae
207 3648 241 3712 in
256 3655 414 3714 terrarum
434 3650 606 3731 jacentium
628 3649 836 3728 dioecesibus,
853 3656 886 3713 et
901 3649 984 3715 domi
1000 3666 1064 3713 non
1079 3649 1176 3713 audet
1194 3667 1297 3713 meum

109 3749 256 3814 verticem
279 3756 420 3832 tangere.
442 3750 587 3816 Nondum
610 3753 692 3817 enim
717 3751 796 3816 bora
818 3753 913 3829 venit,
937 3753 1009 3834 quia
1031 3751 1169 3817 nondrrm
1187 3751 1225 3815 de
1241 3766 1296 3814 ore

109 3867 163 3916 sno
186 3850 307 3934 eripuit
321 3871 381 3934 per
401 3872 451 3916 me
473 3860 506 3918 et
528 3853 642 3918 fratres
665 3871 752 3918 meos
774 3853 927 3934 dominus,
951 3872 1029 3936 quos
1052 3853 1092 3918 ad
1115 3854 1209 3919 vitam
1231 3851 1297 3933 glo-

108 3951 171 4015 riae
185 3952 376 4034 praeelegit;
401 3953 633 4036 propterquod
648 3952 736 4019 dabit
758 3954 975 4020 fortitudinem
998 3952 1296 4036 evangelizantibus,

109 4066 140 4118 ιιι
159 4052 265 4135 ipsum
288 4052 463 4118 Behcmotlr
486 4055 596 4120 saltem
626 4073 684 4136 per
714 4055 844 4120 caudam
874 4054 1044 4133 tribulent,
1075 4054 1175 4119 donec
1204 4060 1299 4134 caput

108 4151 205 4234 ipsius
220 4172 293 4220 cum
308 4155 456 4220 membris
479 4155 548 4237 ejus
571 4156 703 4237 singulis
726 4157 868 4221 totaliter
888 4163 1079 4221 conteratur.
1102 4154 1138 4218 Id
1154 4159 1298 4236 optamus

108 4271 144 4318 en
172 4254 294 4334 animo,
323 4272 382 4337 pro
404 4255 458 4321 illo
479 4255 673 4337 laboramus,
704 4264 798 4339 prout
821 4257 935 4321 Vestra
948 4256 1069 4321 'Gratia
1096 4255 1234 4336 scripsit,
1263 4261 1298 4319 ut

109 4355 218 4421 scribit
239 4355 365 4436 caritas,
389 4358 447 4439 pro
468 4356 523 4421 illo
545 4356 697 4421 debemus
719 4365 852 4423 mortem
874 4357 1035 4420 humiliter
1050 4357 1217 4434 sustinere,
1241 4374 1298 4419 nec

108 4455 258 4522 debemus
280 4456 320 4522 de
343 4457 458 4523 anxilio
482 4457 708 4539 omnipotentis
730 4457 847 4522 domini
870 4455 1015 4534 deficere,
1039 4475 1108 4521 curn
1124 4456 1208 4522 dicat
1223 4456 1297 4537 piis·

107 4559 201 4623 simus
228 4557 391 4623 dominus:
425 4559 586 4640 cumipse
609 4575 678 4622 sum
701 4559 732 4622 iu
755 4558 976 4635 tribulatione,
1006 4558 1136 4639 eripiam
1166 4576 1236 4622 enm
1266 4562 1299 4619 et

106 4657 287 4738 glorificabo
311 4677 392 4723 eum.
436 4658 685 4725 Osanctissima
706 4660 838 4740 ereptio,
866 4675 884 4721 o
907 4656 1107 4737 glorificatio!
1132 4663 1298 4743 exspectes
