2992 5258
151 391 215 457 376
402 391 611 445 Controversiae
630 389 664 444 do
680 389 811 456 religione
829 388 855 442 in
873 387 1017 443 Bohemia:
1036 388 1110 443 1409.

152 595 397 676 captivationem
436 611 645 677 personarum
678 612 805 658 surarum
839 613 876 659 ao
899 593 993 658 etiam
1016 593 1110 671 alias,
1144 585 1248 674 prout'
1261 592 1353 674 culpa

65 707 68 717 ·
145 697 292 778 <ipsorum
328 696 488 776 exegerit,
521 712 580 759 nec
602 713 664 759 non
688 713 747 776 per
769 694 981 776 privationem
1002 691 1230 760 beneficiorum
1252 695 1371 761 eccle-¹

153 799 366 875 siasticorum,
390 814 472 877 quae
495 802 571 861 tunc
593 795 798 873 obtinebunt,
823 802 856 861 et
878 794 1168 861 intrabilitationem
1189 794 1230 860 ad
1252 796 1353 862 illaet

154 916 361 980 qvuaecunque
393 896 455 961 alia
487 894 642 961 beneficia
674 896 890 961 ecetesiastica
922 897 955 960 in
988 902 1154 978 posterum
1180 896 1353 963 obtinenda

152 999 331 1081 compellas
358 1005 391 1063 et
406 998 485 1062 alios
500 997 533 1061 in
549 997 732 1078 praemissis
760 996 906 1061 omnibus
929 1005 962 1063 et
985 997 1116 1079 singuiis
1138 1005 1353 1079 opportunum

147 1100 229 1182 jonis
251 1097 425 1163 remedium
441 1115 604 1179 apponas;
627 1098 878 1163 contradictores
901 1097 1011 1163 eadem
1034 1097 1227 1164 auctoritate
1242 1098 1349 1180 appel·

151 1201 270 1266 latione
303 1198 482 1280 postposita
515 1198 758 1280 compescendo,
793 1200 940 1265 invocato
963 1199 1058 1264 etiarn
1080 1199 1202 1265 adhoc
1224 1199 1251 1264 si
1275 1213 1353 1280 opus

152 1301 249 1366 inerit
280 1301 397 1365 avrxilio
431 1299 550 1364 brachii
586 1301 755 1379 secularis;
788 1318 851 1365 non
886 1300 1088 1365 obstantibus
1113 1299 1354 1381 quibuscunque

146 1400 418 1483 ,appellationibus
456 1400 701 1481 praemissorum
741 1401 906 1466 occasione
942 1400 983 1466 ad
1016 1400 1124 1465 sedern
1156 1398 1354 1482 praedictam

152 1503 260 1567 t'orsan
292 1502 493 1583 interpositis
526 1509 559 1567 et
592 1503 662 1566 aliis
685 1502 855 1569 contrariis
879 1502 1135 1583 quibuscunque,
1169 1507 1226 1567 aut
1248 1501 1276 1567 si
1298 1502 1353 1567 ali·

153 1603 268 1684 quibus
300 1602 511 1667 communiter
542 1604 592 1667 vel
626 1603 750 1669 divisim
772 1623 792 1668 a
815 1603 891 1668 sede
914 1603 1089 1684 apostolica
1111 1603 1153 1667 sit
1188 1601 1353 1682 indultum¹

154 1702 237 1785 qvvod
252 1702 409 1780 interdici,
432 1703 650 1786 suspendive!
672 1705 936 1770 excommunicari
952 1720 1015 1768 nen
1031 1703 1154 1786 possint
1170 1721 1230 1784 per
1245 1704 1352 1768 literas

154 1804 345 1886 apostolicas
374 1822 437 1869 non
468 1804 622 1871 iacientes
661 1807 842 1888 plenumst
868 1824 1052 1888 expressam
1074 1822 1111 1870 ac
1133 1803 1172 1869 de
1195 1803 1294 1869 verbo
1315 1802 1353 1869 ad

154 1905 283 1970 verbum
306 1905 346 1970 de
368 1905 490 1971 indulto
513 1906 691 1988 truvjnsmodi
715 1908 916 1972 mentionem.

255 2022 325 2087 Dat.
359 2022 487 2088 Pistorii
518 2024 593 2088 XIII
614 2024 676 2089 kal.
698 2025 852 2105 Januerii,
877 2023 1078 2107 pontificatus
1099 2023 1202 2089 nostri
1224 2039 1307 2088 antro
1329 2023 1351 2087 Ι.

729 2404 784 2477 22.

156 2632 350 2716 Ioannes
378 2660 452 2740 pp.
483 2628 637 2711 XXIII
668 2633 825 2713 rectori
857 2643 899 2713 et
932 2634 1199 2715 vrriiversitati
1226 2630 1355 2715 studii

155 2765 385 2878 I‘ragensis
416 2766 584 2869 scribit,
627 2795 673 2848 se
700 2795 861 2874 papam
888 2796 980 2850 esse
1007 2766 1238 2873 delectum,
1282 2769 1362 2852 de-

156 2901 255 2983 inde
288 2902 550 3014 singularem
584 2930 705 2984 surano
740 2931 845 3012 ergo
877 2931 949 2985 cos
984 2903 1255 2986 voluntatem
1283 2903 1366 2987 de-

159 3036 343 3142 claraus²
371 3039 530 3120 nuntiis
557 3038 643 3119 suis
682 3036 896 3145 „plenarie
930 3037 1195 3120 informetis“
1226 3036 1367 3121 fidem

546 3160 618 3255 eos
650 3169 809 3254 habere
830 3171 970 3280 jubet.

572 3419 720 3486 Bononiae,
740 3422 814 3485 1410,
834 3422 846 3472 1
865 3419 930 3474 Jun.

658 3626 811 3634 —.--..-.-
817 3628 823 3632 ..
836 3628 854 3634 ..ι

499 3723 543 3789 (a
560 3722 621 3776 ms.
647 3721 745 3779 vomo.
763 3719 845 3785 4937,
859 3721 912 3793 foa
932 3721 1012 3785 214.)

661 3880 785 3888 .—-———-
792 3880 843 3888 ..-

256 4026 396 4092 Joannes
413 4028 707 4109 episcopusservus
729 4047 893 4094 servornm
909 4030 974 4095 dei:
997 4029 1122 4095 dilectis
1136 4028 1211 4096 filiis
1227 4029 1366 4099 Reum

158 4135 191 4192 et
214 4127 414 4192 universitati
439 4127 534 4192 studii
559 4129 740 4209 Pragcrrsis
768 4131 903 4196 salutem
926 4138 959 4196 et
980 4131 1186 4214 apostolicam
1211 4133 1369 4200 moedic-

162 4228 289 4292 tionem.

257 4327 391 4393 Divinae
424 4330 646 4410 providentioe
669 4331 835 4412 dispositio
858 4338 891 4396 et
912 4331 1129 4397 inscrutabilis
1151 4333 1360 4401 scientiarum

159 4428 279 4493 domini
300 4429 450 4508 altitudo,
482 4449 545 4496 non
567 4432 736 4497 humanum
758 4433 926 4498 attendens
945 4432 1115 4516 judicium,
1138 4433 1196 4498 sed
1217 4434 1289 4501 sola
1308 4432 1357 4501 sui

159 4528 332 4610 disponens
355 4531 489 4596 scientia
511 4530 670 4609 universa,
695 4532 859 4597 ecclesiam
882 4538 1022 4597 sanctam
1044 4551 1132 4598 suam
1156 4535 1272 4600 crebra
1292 4534 1355 4616 plc-

159 4645 291 4712 rumque
313 4628 535 4697 decedentium
557 4632 732 4698 mutatione
755 4638 919 4716 pastorum
942 4633 1054 4702 visitat
1073 4652 1111 4701 ac
1133 4652 1237 4701 novae
1257 4634 1349 4720 prolis
