2992 5258
148 419 212 483 454
388 413 595 469 Conaomrsiae
614 413 648 467 de
666 413 797 479 religione
816 413 842 466 in
861 409 1003 468 Bohemia:
1024 411 1097 465 1412.

161 662 164 667 -
248 622 298 682 28.
322 615 359 680 lt.
383 614 588 682 Confirmatio
609 614 770 695 juvenum,
798 615 986 681 clericorum
1009 612 1187 692 ordinatio,
1211 611 1351 679 locorum

149 718 362 794 consecratio,
393 724 557 781 reservata
584 735 684 798 papae
722 724 755 780 et
789 716 947 798 episcopis
978 721 1111 798 propter
1141 713 1350 796 cupiditatem

148 820 229 887 lucri
251 819 436 900 temporalis
460 825 493 883 et
518 818 657 883 honoris.
702 819 882 898 (Err‘aoeaa
903 824 931 878 et
952 813 1186 897 seandalosua)

247 924 297 986 29.
319 920 358 985 It.
382 919 626 997 Universitates
649 919 764 993 studia,
788 919 930 999 collegia,
954 917 1182 998 graduationes
1205 922 1239 982 et
1253 916 1349 995 magi·

149 1022 248 1086 steria
270 1006 302 1084 in
327 1019 446 1086 eisdem
470 1026 545 1084 sunt
568 1039 646 1085 vana
669 1020 849 1100 gentilitate
862 1020 1053 1097 introducta,
1077 1024 1111 1083 et
1132 1022 1259 1083 tantum
1274 1035 1348 1099 pro-

148 1128 223 1186 sunt
244 1121 397 1186 ecelesiae
420 1121 503 1185 sicut
524 1119 678 1186 diabolus.
722 1121 857 1202 (Falsas
878 1128 906 1182 et
929 1116 1163 1199 reaadoleeus.)

249 1226 298 1286 30.
322 1223 360 1285 lt.
384 1221 675 1286 Excomruunicatio
699 1241 800 1303 papae
823 1221 873 1285 vel
896 1222 1112 1303 cujuscunque
1135 1219 1273 1301 praelati
1289 1236 1351 1282 non

150 1327 200 1386 est
221 1322 369 1401 curanda,
393 1324 467 1403 quia
481 1331 532 1387 est
547 1340 684 1388 censura
700 1322 897 1387 antichristi.
922 1318 1059 1402 (Falsas
1080 1329 1108 1383 et
1131 1323 1352 1382 contraponat

153 1427 279 1502 mores.)

209 1578 212 1583 .
250 1529 299 1589 31.
323 1523 361 1588 lt.
395 1524 533 1589 Peccant
564 1523 735 1590 fundantes
770 1524 924 1603 claustra,
959 1533 993 1589 et
1025 1521 1248 1604 ingredientes
1281 1526 1351 1585 sant

152 1623 212 1688 viri
234 1624 390 1689 diabolici.
435 1624 578 1705 (Falsas,
600 1624 770 1687 seditiosos
791 1632 819 1687 et
841 1625 1074 1703 scandaloeas.)

252 1729 302 1788 32.
325 1723 363 1788 lt.
389 1724 500 1789 Ditare
523 1726 643 1788 clerium
666 1732 716 1789 est
738 1734 849 1791 contra
870 1726 1010 1806 regillam
1033 1725 1164 1791 Christi.
1211 1723 1349 1804 (Falern,

150 1825 368 1888 seditiosae
392 1825 624 1906 aeolidalocae.)

250 1932 301 1992 33.
323 1927 363 1991 lt.
385 1925 540 1992 Silvester
562 1947 645 2008 papa
660 1937 694 1992 et
716 1926 945 1994 Constantinus
968 1928 1143 2010 imperator
1166 1932 1350 1992 erraverunt

152 2027 321 2092 ecclesiam
344 2026 491 2092 dotando.
538 2026 768 2106 (Scaradaloaua
790 2035 818 2090 et
839 2027 1031 2107 seditiosus.)

251 2133 300 2193 34.
324 2127 361 2191 lt
392 2128 510 2193 Omnes
540 2128 579 2193 de
608 2128 720 2193 ordine
750 2129 996 2194 mendicantium
1025 2136 1100 2194 sarit
1125 2128 1299 2206 haeretici,
1319 2134 1348 2191 et

151 2229 264 2293 dautes
290 2228 336 2293 eis
363 2228 576 2306 elemosynam
593 2238 667 2293 sarit
689 2230 960 2295 excommunicati.
1005 2227 1196 2310 (mamea,
1219 2227 1347 2292 seanda-

152 2329 240 2391 losoa
261 2336 290 2389 et
312 2335 424 2390 contra
450 2331 545 2390 bonos
566 2331 691 2410 mores.)

253 2433 302 2493 35.
326 2430 363 2493 lt.
394 2429 582 2509 ingrediens
610 2430 754 2496 ordinem
777 2438 833 2496 aut
853 2431 990 2511 aliquam
1012 2431 1201 2512 religionem
1225 2449 1264 2496 eo
1285 2431 1346 2513 ipso

154 2530 301 2595 inhabilis
318 2537 369 2595 est
383 2530 422 2594 ad
439 2530 672 2597 observandum
688 2532 795 2597 divina
810 2540 990 2613 praecepta
1017 2541 1051 2597 et
1073 2550 1131 2613 per
1155 2547 1346 2613 consequens

151 2630 356 2712 perveniendi
379 2631 419 2695 ad
448 2649 583 2712 regnum
612 2633 786 2707 coelorum,
818 2632 879 2696 nisi
902 2633 1133 2714 apostataverit
1154 2634 1196 2697 ah
1226 2631 1345 2698 eisdem.

152 2731 332 2810 (Erroneam
355 2739 382 2791 at
404 2731 638 2813 scaradolomrs.)

251 2836 301 2897 36.
324 2831 362 2897 lt.
386 2833 473 2913 Papa
494 2851 564 2897 curru
580 2832 726 2898 omuibus
741 2834 869 2901 clericis
896 2833 964 2899 suis
985 2833 1224 2915 possessionem
1239 2833 1345 2898 habeu-

152 2933 237 2998 tibus
260 2939 335 2997 sunt
357 2932 518 3011 haeretici,
543 2951 580 2998 eo
604 2933 688 3014 quod
704 2934 924 3015 possessiones
946 2935 1074 3013 habent,
1099 2942 1132 3001 et
1154 2953 1266 3000 omnes
1281 2951 1345 2999 eon·

151 3034 327 3097 sentientes
351 3035 414 3111 eis,
438 3033 504 3097 scil.
528 3034 646 3098 domini
659 3035 820 3100 seculares
843 3041 875 3100 et
898 3035 971 3101 laici
993 3034 1102 3101 ceteri.
1124 3035 1344 3113 (feneratae.

150 3132 368 3212 scandalorum,
383 3133 544 3215 falsasset
566 3136 740 3218 araneus.)

250 3238 300 3299 37.
323 3236 361 3299 It.
385 3236 528 3300 Ecclesia
559 3237 699 3302 Romana
728 3245 778 3301 est
798 3253 973 3318 synagoga
1004 3236 1157 3315 Satanae,
1189 3255 1250 3303 nec
1274 3252 1344 3319 papa

151 3342 201 3398 est
233 3335 434 3404 immediatus
467 3343 501 3402 et
541 3339 701 3418 proximus
736 3337 872 3402 vicarius
906 3336 1026 3402 Christi
1059 3343 1092 3401 et
1127 3337 1342 3419 apostolorum.

151 3432 377 3517 (Haeretr'eue.)

250 3538 361 3603 38..1r.
390 3536 577 3603 Deeretales
608 3539 764 3621 epistolae
792 3544 868 3603 sunt
900 3539 1100 3620 apocryphae
1135 3548 1169 3604 et
1199 3538 1342 3603 seducunt

151 3654 170 3699 a
192 3634 253 3700 lide
270 3637 398 3718 onusti,
422 3648 455 3703 et
477 3640 584 3704 clerici
601 3647 675 3704 sunt
691 3639 791 3717 stulti,
814 3640 868 3721 qui
884 3659 938 3705 eas
960 3640 1098 3705 student.
1124 3639 1340 3721 (Temerarius,

149 3738 362 3801 ,scandoloeas
383 3746 411 3800 et
432 3743 604 3821 erroneas.)

251 3841 301 3903 39.
323 3839 361 3904 lt.
385 3840 564 3922 Imperator
592 3847 624 3906 ct
653 3841 771 3906 domini
801 3845 962 3908 seculares
982 3841 1115 3909 'seducti
1144 3850 1223 3909 sunt
1248 3840 1340 3907 adia·

151 3937 240 4014 holo,
269 3946 305 4004 ut
333 3941 501 4006 ecclesiam
523 3942 673 4008 dotarent
694 3943 734 4007 de
757 3943 848 4008 honis
871 3944 1107 4026 temporalibus.
1153 3941 1338 4024 (Seditioau,

152 4043 339 4102 terraerarins
361 4049 389 4103 et
405 4041 539 4123 salarie.)

251 4145 301 4205 40.
324 4141 362 4206 lt.
386 4142 509 4207 Electio
532 4163 668 4225 papaea
691 4143 904 4209 cardinalibus
927 4164 985 4227 per
1007 4146 1168 4211 diabolum
1191 4152 1242 4212 est
1256 4147 1340 4210 iutro-

151 4232 253 4307 ducta.
278 4242 421 4323 (Falsus,
444 4264 591 4306 aroneis
613 4253 641 4306 a
663 4253 773 4306 contro
797 4247 1087 4309 determinationem
1109 4244 1274 4329 ecelesiae.)

250 4347 301 4408 41.
324 4342 362 4407 lt.
385 4343 456 4410 Non
487 4349 536 4410 est
566 4345 605 4410 de
628 4346 822 4411 necessitate
844 4347 972 4425 salatia,
1003 4345 1156 4427 eredere,
1184 4348 1339 4413 Romamn

153 4443 318 4509 ecclesiam
342 4464 413 4510 esse
429 4464 610 4526 supremam
624 4447 710 4511 inter
732 4447 811 4512 alias
828 4448 986 4513 ccclesias.
1016 4447 1161 4528 (Falsas,
1184 4438 1339 4520 monem.)

251 4546 522 4611 42.1t.Fatuum
556 4554 606 4612 est
633 4547 766 4613 credere
798 4547 1012 4630 indulgentias
1041 4568 1145 4632 papae
1176 4555 1210 4615 et
1233 4546 1341 4631 episco-

151 4662 273 4727 porum.
298 4645 519 4729 (Temerarius
541 4657 569 4710 et
595 4670 617 4711 a
637 4647 739 4711 solete
760 4649 970 4731 retractione.)
