2992 5258
340 431 380 484 ol.
398 426 429 483 (ἱ.
464 427 523 481 llus
544 423 711 481 conditiones
728 421 889 478 concordiae
905 419 1038 489 proponit.
1220 425 1280 489 491

85 630 209 716 raom,
241 632 377 716 bycbom
398 630 463 713 byli
485 627 601 695 suomi
624 645 646 692 u
666 625 776 706 wieie,
802 624 884 707 kdyi
906 624 982 691 toho
1004 623 1130 690 nechtie
1151 622 1283 689 ubiniti?
1325 621 1327 624 ’

83 733 176 803 urlelr
197 733 254 800 tak
275 732 373 799 ilice
405 730 616 812 lbalibycbom
638 725 786 792 Krtlowt
809 725 930 792 llilosti
951 726 963 792 i
984 725 1101 790 wiemu
1123 724 1223 789 sueto
1244 739 1282 789 rt.

667 1078 699 1146 (i.

256 1302 461 1369 Oondilionca
482 1300 671 1368 concordlee
693 1300 873 1383 propositae
894 1316 911 1361 e
934 1296 975 1362 Μ.
997 1296 1024 1362 l.
1047 1297 1121 1361 llus.

76 1624 132 1691 (Β
140 1622 205 1677 ΜΒ.
230 1619 327 1675 Vana.
344 1616 426 1682 4941,
438 1619 464 1690 s.
482 1616 509 1672 9.
544 1617 628 1673 MSS.
648 1617 793 1671 universit-
811 1616 900 1685 Prap.
919 1616 980 1679 111,
1000 1616 1034 1670 G.
1053 1614 1081 1679 6,
1094 1614 1119 1686 f.
1130 1613 1156 1669 4.
1174 1641 1207 1653 -
1225 1613 1283 1675 XI,

77 1708 123 1765 E.
139 1704 167 1769 3,
179 1701 284 1777 f.119.
320 1702 381 1758 MS.
400 1703 522 1758 tabular.
545 1700 658 1755 Trebon.
670 1701 704 1755 A.
718 1699 763 1762 16,
776 1699 802 1771 s.
822 1698 882 1762 118,
901 1716 948 1769 ap.
962 1696 1127 1753 Oocblaeum
1141 1694 1284 1768 p.32aq.)

287 2024 422 2093 „Consilia
447 2029 475 2076 et
492 2023 564 2076 modi
580 2021 740 2077 concordiae
759 2020 947 2090 magistrorum
967 2035 1015 2087 pro
1034 2023 1112 2088 parta
1124 2015 1285 2071 massanis

422 2106 435 2134 t

286 2108 419 2261 ,rugiit
437 2191 474 2245 u.
493 2191 607 2246 rosana
630 2190 689 2246 nus
707 2205 767 2245 cum
786 2189 837 2245 sisi
855 2187 1076 2253 adhaerentibus,
1094 2184 1158 2239 recu
1176 2184 1203 2238 sn
1222 2198 1283 2239 con·

352 2275 509 2344 gregatione
527 2276 592 2332 cleri
610 2276 638 2330 in
656 2278 731 2332 curia
748 2274 968 2344 archiepiscopi.“

187 2448 249 2512 Pro
283 2447 404 2513 honore
437 2444 488 2510 dei
523 2452 557 2512 et
589 2446 746 2528 euangelii
769 2446 871 2528 ipsius
903 2446 1004 2512 libera
1036 2441 1282 2526 praedicatione,

77 2549 190 2615 salute
223 2544 331 2630 populi
353 2553 387 2613 et
418 2546 547 2612 infamia
580 2548 711 2613 sinistra
743 2555 777 2613 et
808 2548 959 2613 mendosa
979 2545 1072 2626 regni
1103 2543 1284 2618 Bobemioe,

82 2648 325 2716 marchionatus
349 2647 527 2729 Moraviae,
556 2649 693 2714 civitatis
715 2649 887 2729 pragensis
908 2666 945 2714 oc
967 2647 1108 2729 ejusdem
1130 2643 1283 2711 universi·

80 2750 164 2816 tatis
190 2747 404 2828 reformanda,
438 2767 515 2831 pace
539 2755 572 2813 et
601 2750 723 2814 unitate
746 2750 831 2814 inter
853 2749 973 2813 clerum
998 2753 1030 2812 et
1053 2745 1212 2811 seculmes
1233 2762 1284 2810 re·

80 2848 275 2916 staurunda:
881 2900 886 2913 .

188 2954 214 3015 l.
236 2949 351 3029 Primo,
374 2956 523 3015 teneatur
541 2950 661 3032 justum
689 2957 722 3015 et
743 2958 866 3016 rectum
889 2951 1028 3015 edictum
1051 2949 1228 3031 principum
1250 2954 1284 3012 et
1310 2954 1314 2961 “

80 3050 210 3119 consilii
242 3049 280 3115 D.
303 3050 401 3129 Regis
433 3050 519 3116 inter
541 3050 578 3114 D.
612 3050 817 3132 Zbynkonem
843 3053 944 3117 bonae
966 3051 1137 3116 memoriae
1159 3049 1281 3114 archie-

80 3153 251 3237 piscopum
274 3157 307 3216 et
328 3151 413 3216 inter
435 3150 473 3214 Ι).
497 3151 666 3217 Rectorem
686 3156 720 3216 et
741 3152 910 3231 magistros
933 3159 966 3217 et
986 3151 1029 3215 M.
1045 3150 1200 3215 loannem
1215 3149 1285 3214 Hus

80 3253 342 3338 pronuntiatum,
371 3251 483 3333 sigillis
506 3252 696 3318 roboratum
722 3259 755 3316 et
777 3251 817 3317 ab
840 3260 974 3333 utraque
996 3257 1088 3334 parte
1110 3250 1285 3317 solenniter

80 3355 120 3421 in
142 3353 231 3419 curia
252 3353 290 3417 D.
312 3352 408 3434 Regis
435 3359 618 3435 susceptum
641 3360 674 3419 et
696 3353 916 3435 approbatum.

185 3461 215 3520 2.
238 3454 275 3520 It.
310 3470 443 3536 regnum
476 3454 647 3520 Bobemiae
681 3462 808 3520 maneat
829 3456 913 3519 eirca
931 3455 1019 3537 jura,
1053 3452 1218 3519 libertates
1246 3461 1284 3519 et

80 3555 332 3623 consuetudines
366 3573 562 3635 commoneo,
597 3555 717 3636 quibus
752 3556 814 3622 alia
835 3575 934 3638 regna
961 3563 994 3623 et
1016 3562 1123 3621 terroe
1144 3552 1285 3634 gaudent

81 3665 120 3725 et
134 3662 210 3722 sunt
231 3662 388 3735 contento,
412 3656 445 3721 in
468 3657 707 3738 quibuscunque
728 3655 1025 3739 approbationibus,
1049 3655 1283 3722 condemnatio·

83 3757 180 3824 nibus
209 3763 241 3823 et
272 3757 343 3839 aliis
380 3757 519 3838 actibus,
550 3765 692 3824 sanctum
718 3766 851 3823 matrem
883 3757 1094 3823 universalem
1116 3756 1283 3823 ecclesiam

81 3858 360 3926 concernentibus.

185 3965 213 4024 3.
237 3955 276 4024 It.
300 3959 341 4024 Μ.
364 3961 505 4027 Joannes
536 3962 624 4042 Hus,
658 3963 708 4026 cui
729 3962 891 4044 praelatus
927 3959 964 4024 D.
999 3958 1129 4042 Zbynko
1162 3957 1282 4023 nullum

82 4061 205 4127 crimen
242 4077 348 4125 coram
369 4061 502 4128 consilio
532 4062 665 4146 objecit,
691 4061 776 4127 adsit
793 4062 858 4143 jam
879 4078 1033 4143 praesens
1055 4061 1088 4124 in
1111 4076 1284 4139 congrega·

81 4162 172 4227 tione
194 4161 287 4226 cleri:
319 4167 352 4227 et
373 4162 418 4228 ibi
439 4163 620 4244 quicunque
642 4164 779 4229 voluerit
801 4162 861 4228 sibi
885 4179 1028 4227 errorem
1049 4159 1100 4225 vel
1122 4158 1279 4225 baeresim

89 4261 241 4344 objicere,
265 4259 406 4342 objiciat,
441 4262 610 4343 obligando
632 4281 667 4328 se
692 4263 732 4329 ad
754 4279 889 4345 poenam
911 4262 1054 4339 talionis,
1077 4263 1103 4325 si
1125 4277 1188 4324 non
1211 4276 1282 4341 pro·

81 4360 218 4427 boverit.

181 4465 210 4526 4.
234 4460 272 4525 lt
295 4459 323 4525 si
345 4461 450 4526 nullus
485 4468 560 4527 tunc
582 4481 617 4528 se
650 4470 772 4546 partem
795 4483 915 4546 ponere
948 4464 1093 4537 voluerit,
1116 4462 1171 4529 liet
1193 4480 1279 4529 man·

80 4561 190 4628 datum
227 4559 272 4625 D.
294 4561 391 4642 Regis
424 4579 483 4644 per
519 4580 628 4627 omnes
661 4565 824 4647 civitateS,
857 4565 1003 4630 similiter
1037 4562 1190 4630 ordinarii
1223 4580 1282 4646 per

77 4679 188 4728 omnes
209 4661 377 4745 plebanos,
412 4669 447 4729 ut
469 4663 699 4747 proclametur,
735 4665 809 4747 quia
830 4665 871 4730 M.
894 4664 1035 4729 loannes
1057 4663 1127 4729 Hos
1150 4671 1280 4751 paratus
