2992 5258
151 430 224 496 390'
388 426 590 481 Controversiae
609 425 642 480 de
660 424 790 494 religione
806 426 835 480 in
851 424 996 480 Bohemia:
1015 425 1089 479 1410.

152 630 243 690 fatum
264 630 299 689 D.
328 629 486 703 Henricum
519 630 681 688 auditorem
713 631 751 690 ad
783 631 1009 702 comparendum
1040 629 1170 701 legitime
1202 628 1232 687 in
1266 628 1345 689 curia

151 731 283 790 Romana
304 731 362 803 ipsi
384 730 421 790 D.
446 730 594 802 Sbynconi
617 731 804 803 assignatum,
825 731 911 789 uobis
935 735 965 788 et
978 731 1088 787 nostris
1103 729 1344 801 procuratoribus

151 831 181 889 in
217 832 297 889 curia
326 831 459 889 Romanu
494 831 610 902 penitus
647 830 848 901 ignorantibus
885 834 915 887 et
950 828 1199 898 dissentientibus,
1237 831 1280 888 sic
1313 835 1346 889 ut

152 929 327 1003 praefertur,
350 929 517 1000 surreptitia
532 929 707 1001 impetravit.
751 930 815 1000 Quo
838 929 917 988 bulla
939 930 982 987 sic
1004 929 1173 1000 surreptitia
1188 931 1346 1001 impetrata

150 1031 359 1106 interemero,
387 1030 456 1088 licet
484 1029 566 1097 salse,
597 1035 741 1098 narratur,
764 1029 840 1101 quod
863 1030 900 1088 ad
923 1029 1100 1087 audientiam
1123 1028 1159 1089 D.
1182 1030 1346 1088 Alexandri

150 1128 276 1202 praelati
297 1145 392 1202 papae
416 1130 508 1201 quinti
530 1143 614 1200 quam
637 1127 761 1198 plurium
783 1126 841 1187 fide
866 1129 1018 1201 dignorum
1040 1130 1184 1188 relatione
1199 1126 1344 1203 pervenit,

152 1231 296 1305 quomodo
328 1231 358 1288 in
392 1229 507 1288 civitate
530 1228 674 1300 Progensi
705 1229 735 1286 iu
767 1244 860 1302 reguo
881 1229 1039 1289 Bohemiae
1073 1245 1107 1287 ac
1140 1229 1344 1288 marchionatu

150 1331 302 1390 Morariae
335 1334 366 1387 et
398 1328 568 1402 quibusdam
601 1329 667 1387 aliis
701 1329 858 1400 provinciis
896 1329 1029 1387 nonnulli
1063 1329 1178 1388 articuli
1219 1330 1345 1399 erronei,

150 1431 201 1505 qui
228 1410 386 1490 scissuram
415 1429 463 1488 rel
493 1430 638 1487 baeresim
666 1430 696 1487 in
718 1429 775 1488 fide
798 1430 941 1488 catholica
963 1431 1089 1505 sapiunt,
1110 1429 1295 1502 pullularunt
1316 1434 1347 1487 et

152 1531 309 1590 multorum
338 1528 429 1589 corda
454 1530 582 1603 graviter
608 1528 786 1602 iniecerunt3
814 1529 891 1602 quod
925 1531 1053 1602 quamvis
1085 1530 1270 1601 postmodum
1292 1546 1359 1602 per·

155 1631 310 1689 ecclesiam
337 1632 418 1703 justo
441 1629 553 1702 jndicio
581 1629 759 1700 reprobandi
787 1629 919 1698 luissent,
949 1630 1069 1700 expedit
1096 1636 1194 1688 tamen
1223 1636 1377 1701 propter·

155 1747 291 1804 magnam
313 1731 526 1789 multitudinem
556 1745 664 1798 eorum,
697 1730 745 1802 qui
777 1729 941 1801 bujnrmodi
974 1728 1121 1801 perversis
1154 1729 1287 1788 articulis
1319 1736 1378 1791 et

152 1831 337 1904 dogmatibus
359 1837 428 1888 sunt
448 1829 559 1898 iniecti,
579 1835 612 1886 ut
631 1830 792 1888 remedium
820 1830 1022 1898 correctionis,
1043 1846 1080 1887 ne
1103 1829 1227 1889 ulterius
1250 1830 1362 1902 pullu-

138 1929 215 1990 'lent
243 1938 272 1989 et
292 1948 409 2003 gregem
433 1930 607 1988 dominicum
635 1930 814 2015 peramplius
836 1928 973 1998 inficiant,
996 1930 1134 1988 celeriter
1154 1930 1361 2002 adhibeatur3

153 2030 288 2103 quodque
321 2032 359 2090 ad
391 2030 446 2090 hoc
468 2030 666 2088 necessarium
689 2030 727 2087 sit
747 2030 914 2101 prohibitio,
936 2047 973 2087 ue
995 2046 1050 2103 per
1071 2030 1194 2102 aliquos,
1217 2032 1356 2090 etiamsi

153 2131 212 2188 sint
243 2147 332 2202 super
360 2131 417 2189 hoc
443 2129 606 2202 apostolico
634 2130 680 2188 vel
709 2129 767 2187 alio
796 2129 900 2202 quovis
922 2129 1037 2188 indulto
1059 2131 1168 2198 muniti,
1191 2131 1348 2201 praedica-

152 2231 248 2288 tiones
271 2236 300 2288 et
321 2246 472 2288 sermones
494 2230 532 2287 ad
555 2230 693 2300 populum
709 2227 787 2298 fiant,
804 2232 859 2287 nisi
875 2231 903 2288 in
921 2231 1091 2303 collegiatis,
1114 2231 1343 2305 cathedralibus,

153 2329 372 2402 parochialibus
405 2335 455 2386 aut
486 2330 728 2388 monasteriorum
763 2330 905 2398 eeclesiis,
938 2333 1022 2402 juxta
1051 2333 1126 2403 Juris
1160 2332 1297 2390 ordinem
1317 2340 1342 2391 et

152 2431 298 2503 antiquom
321 2430 570 2500 consuetudinem,
594 2448 657 2489 cum
679 2430 744 2488 aliis
767 2431 798 2488 in
820 2431 898 2489 dicta
912 2430 994 2488 bulla
1009 2431 1126 2504 scriptis
1142 2437 1173 2489 et
1188 2432 1341 2501 contentis,

153 2545 237 2602 quam
266 2531 312 2589 hic
340 2531 525 2601 inseruimus,
547 2536 578 2589 et
599 2546 653 2603 pro
672 2528 881 2602 justificatione
904 2532 1093 2590 dicendorum
1114 2530 1192 2589 infra
1212 2532 1339 2591 volumus

152 2630 262 2690 habere
292 2646 345 2701 pro
373 2631 493 2688 inserta.
537 2631 647 2703 Vigore
676 2633 759 2703 quus
782 2632 898 2704 quiderm
920 2633 1018 2690 bullae
1041 2630 1232 2702 surreptitiae
1254 2639 1292 2704 et,
1311 2638 1341 2691 ut

151 2730 351 2789 verisimiliter
388 2730 531 2799 creditur,
572 2747 625 2802 per
666 2728 898 2789 falsificationem
934 2730 1089 2803 figurarum
1126 2738 1157 2791 ct
1190 2731 1340 2792 literarum

151 2830 262 2889 domini
291 2845 385 2903 papae
416 2836 447 2889 et
465 2830 559 2904 ipsius
582 2830 831 2900 vicecancellarii,
864 2831 1015 2905 cujusdam
1036 2831 1136 2891 fratris
1159 2839 1190 2891 et
1211 2832 1342 2892 monachi

152 2930 268 3000 Oliveti,
290 2945 385 3002 nuper
406 2930 454 2988 die
479 2934 515 2989 16
537 2932 646 2989 mensis
668 2931 742 3003 Maji
764 2932 833 2989 anni
853 2932 1018 3003 praesentis
1040 2933 1069 2990 in
1086 2933 1202 2991 civitate
1214 2932 1342 2993 Romana

150 3031 267 3104 publice
297 3031 407 3101 scalati,
437 3038 603 3099 emanatae,
633 3031 697 3101 ipse
720 3031 756 3088 D.
787 3030 902 3104 Sbynco
930 3033 1168 3103 praenominatus
1199 3033 1238 3091 de
1269 3049 1343 3092 anuo

151 3132 304 3203 praesenti
334 3131 380 3189 dic
405 3134 442 3189 16
472 3132 582 3189 mensis
609 3132 689 3190 Junii
715 3131 745 3188 in
773 3132 854 3189 curia
881 3147 935 3190 sua
964 3132 1216 3205 archiepiscopali,
1239 3134 1296 3194 sita
1315 3134 1344 3193 in

151 3232 256 3289 minori
279 3231 394 3290 civitate
411 3231 561 3304 Progensi,
584 3232 614 3289 iu
636 3232 805 3302 praeseutia
826 3231 1030 3289 nonnullorum
1054 3232 1236 3292 dominorum
1258 3250 1343 3306 prae·

151 3332 285 3401 latorum,
315 3331 460 3400 abbat-um,
489 3334 626 3403 priorum,
653 3332 845 3403 plebanorum
868 3338 897 3391 ot
927 3333 1048 3390 aliorum
1076 3332 1186 3392 Christi
1208 3332 1343 3405 fidelium,

152 3432 190 3490 ad
212 3432 353 3504 synodum
374 3432 484 3491 ibidem
506 3440 757 3504 congregatorum,
779 3433 856 3490 mala
877 3434 962 3491 malis
984 3434 1178 3503 accumulans,
1202 3436 1345 3506 quandam

153 3538 338 3603 praetensam
376 3532 551 3590 sententiam
590 3530 767 3589 definitivam
800 3539 830 3590 et
863 3549 1020 3604 processus
1053 3531 1190 3602 frivolos,
1223 3534 1346 3608 iniquus,

152 3631 279 3704 injustos
302 3638 332 3689 et
354 3631 459 3700 nullos,
482 3632 579 3689 varias
601 3632 632 3689 in
655 3648 686 3689 se
711 3633 893 3690 continentes
915 3648 1026 3704 poenas
1054 3639 1085 3690 et
1106 3650 1247 3692 censuras
1272 3634 1347 3692 into·

151 3731 301 3801 lerabilcs,
322 3731 395 3800 tulit,
418 3732 632 3804 pronuntiavit,
654 3732 820 3791 fulminavit
836 3741 865 3792 et
885 3732 1051 3805 publicarit,
1073 3733 1162 3791 talem
1184 3735 1231 3793 rel
1252 3735 1347 3793 cousi·

153 3833 250 3891 rnilem
270 3832 301 3891 in
324 3849 356 3891 se
378 3838 509 3891 tenorem
532 3836 741 3892 continentem:

255 3968 383 4041 „Christi
404 3969 519 4026 nomine
543 3969 685 4037 invocato,
707 3984 761 4042 pro
784 3968 923 4027 tribunali
940 3968 1079 4027 sedentes
1101 3984 1138 4027 se.
1162 3967 1346 4041 (aldemaro

272 4084 345 4141 pop.
368 4070 439 4137 380,
468 4085 574 4141 aspero:
599 4067 766 4146 „definitive
787 4068 817 4125 in
841 4068 887 4126 bis
911 4067 1054 4140 scriptis“
1081 4068 1121 4126 Et
1141 4067 1234 4126 iufra:
1258 4066 1345 4143 ,Cum

278 4176 374 4227 autem
401 4185 439 4226 ex
466 4169 631 4228 nonninibus
658 4169 954 4242 praenominati....
978 4186 1049 4241 pag.
1078 4169 1148 4238 381,
1176 4184 1286 4241 usgue:
1314 4167 1345 4225 iu

278 4284 394 4327 camera
415 4269 591 4327 thesaurarii
613 4268 768 4340 deponatis
791 4287 855 4328 cum
877 4267 1026 4347 effeetu.“)

253 4435 378 4508 Insuper
391 4442 460 4507 post
474 4436 532 4494 alia
554 4436 643 4494 multa
664 4435 778 4505 frivolo,
800 4437 910 4509 injusta
930 4441 960 4495 et
980 4435 1069 4508 nulla,
1091 4436 1122 4494 in
1139 4435 1213 4507 ipsis
1228 4450 1341 4508 proces-

156 4534 235 4592 sibus
269 4541 299 4593 et
330 4536 479 4595 sententia
518 4538 671 4606 contentis,
705 4537 769 4609 ipse
798 4537 835 4598 D.
866 4536 982 4610 Sbynco
1014 4533 1165 4607 praelatus
1198 4533 1341 4609 subjunxit

154 4632 355 4707 infrascripta:
