2992 5258
364 108 421 159 105.
440 106 633 159 decusationes
650 106 722 171 reple
741 107 893 161 Woneeslai
911 121 945 161 oc.
1190 110 1252 173 639

287 306 517 371 'aereticorum
541 308 573 371 'r
599 324 657 373 sua
684 310 811 373 civitate
834 310 986 389 Prugeusi
1015 306 1250 385 decollatorum,

338 409 478 473 ¹siturum
501 413 534 473 et
557 408 811 475 Wiclefistarum.

401 509 501 574 solum
525 508 760 592 praedicatores
789 510 956 575 haeresum
977 508 1063 577 louet
1084 528 1121 576 ac
1143 510 1250 576 delen·

423 608 540 675 ‘ensari
555 630 613 693 per
627 610 771 676 subditos
783 612 885 676 literis
907 612 973 677 suis
988 612 1143 691 bortatur,
1157 629 1251 694 prae·

527 820 560 877 et
584 820 772 894 aggravatos
799 813 830 877 in
854 812 1051 893 consolidet,
1079 813 1249 894 praecipue

545 920 673 977 'emtum
696 914 828 977 clavium
857 914 973 980 tolerat
992 914 1084 995 cique
1114 931 1249 979 courmu-

590 1014 801 1095 ricomagensi
824 1020 857 1079 et
878 1014 949 1079 aliis
971 1014 1114 1079 ecclesiis
1138 1022 1247 1079 etmo-

633 1116 741 1179 nlures
763 1132 863 1180 annos
886 1121 1008 1180 tentum
1031 1123 1081 1180 est
1107 1120 1140 1178 et
1161 1120 1249 1179 tene·

682 1214 721 1279 de
744 1214 868 1280 haeresi
892 1216 1096 1281 uehementer
1121 1232 1249 1297 suspec-

586 1317 725 1380 muiuum
753 1316 870 1380 cultum
899 1322 1032 1399 propter
1061 1316 1130 1396 ejus
1159 1334 1249 1397 prae·

485 1418 565 1480 ,orie
588 1416 728 1491 diminui,
759 1418 860 1498 ipsum
883 1424 987 1481 tamen
1010 1417 1148 1481 libenter
1175 1416 1248 1481 lrac·

397 1516 496 1581 multa
518 1535 575 1598 pro
598 1535 636 1581 eo
659 1517 794 1582 furiebat
817 1523 849 1580 et
870 1515 954 1581 lacit.

301 1638 334 1680 au
356 1622 389 1681 et
410 1616 497 1681 fovet
519 1618 769 1681 communionem
793 1616 1002 1682 errclraristiae
1026 1617 1084 1682 sub
1115 1623 1249 1698 utraque

217 1726 263 1780 ml.
288 1716 379 1798 panis
402 1723 435 1780 et
456 1716 530 1795 vini,
547 1724 658 1782 contra
674 1716 863 1782 traditiones
880 1724 1061 1782 sanctorum
1076 1724 1200 1798 patrum
1217 1722 1250 1785 ct-

121 1817 312 1881 „rvationem
334 1815 486 1885 ecclesiae
509 1817 667 1897 generalis
689 1824 784 1898 atque
807 1817 937 1882 decreta
959 1818 1051 1899 hujus
1074 1817 1246 1883 sacricola

49 1915 131 1996 oilli,
153 1915 186 1980 in
206 1915 347 1981 favorem
370 1916 573 1982 Ilussitarum
596 1924 629 1982 et
651 1917 905 1983 Wielefistarum.

157 2017 195 2081 It.
217 2015 349 2082 abstulit
370 2019 521 2099 reliquias
544 2036 615 2083 cum
638 2037 746 2083 eorum
766 2020 969 2097 ornamentis
993 2017 1247 2099 quusadhucdie

47 2116 181 2183 detinet
201 2116 356 2183 hodierna
378 2119 409 2182 in
432 2118 571 2184 favorem
593 2120 759 2184 haeresum
782 2120 1006 2184 ‹lurunatarum

157 2214 195 2282 lt.
217 2216 301 2283 bona
322 2220 509 2301 temporalia
535 2221 799 2286 monasteriorum
821 2227 854 2285 et
876 2218 1082 2285 ecclesiarum
1111 2226 1144 2284 et
1173 2218 1249 2283 cleri

48 2317 182 2387 auferre
205 2323 239 2384 et
260 2317 398 2401 spoliare
421 2319 577 2384 commisit
599 2327 633 2385 et
660 2320 827 2399 mandavit,
859 2326 891 2385 et
913 2318 1094 2385 auferentes
1116 2324 1149 2384 et
1176 2337 1248 2402 spo-

49 2418 171 2486 liantes
185 2417 332 2484 defensat
346 2424 379 2485 et
401 2420 432 2483 in
455 2421 543 2485 curia
564 2438 622 2486 sua
644 2422 753 2501 muttit,
777 2428 810 2485 et
832 2438 896 2499 eos,
920 2421 973 2501 qui
995 2419 1066 2501 plus
1088 2420 1248 2499 ecclesias,

50 2518 248 2586 monasteria
258 2518 552 2599 ecclesiasticasque
564 2537 717 2600 personas
731 2517 903 2595 offendunt,
922 2519 993 2600 plus
1005 2537 1096 2585 caros
1111 2518 1171 2583 sibi
1193 2520 1248 2584 ba-

51 2620 110 2687 bet
130 2622 165 2686 in
185 2622 325 2687 lavorem
352 2619 509 2685 dictorum
535 2620 777 2699 haereticorum,
806 2626 928 2701 partem
952 2638 1077 2700 (puroque
1110 2619 1247 2702 praedae

54 2721 187 2804 recipit;
209 2721 326 2802 quique
348 2719 520 2800 sacrilegos
541 2720 721 2801 hujusmodi
744 2719 884 2798 offendit,
909 2738 980 2783 eum
1002 2718 1172 2784 offendisse
1194 2738 1245 2782 re-

54 2826 188 2905 putatur
209 2827 242 2887 et
264 2820 383 2887 crimen
404 2820 510 2885 laesae
531 2820 708 2901 majestatis
730 2820 872 2887 incurrit.
886 2820 1020 2900 Propter
1043 2836 1124 2900 quiue
1146 2820 1247 2901 spolia

54 2926 166 2989 secuta
186 2928 237 2987 est
258 2920 356 2985 diuini
379 2922 482 2986 cultus
504 2920 670 2986 diminutio
693 2921 880 3004 perplures
909 2938 1008 2985 anuos
1035 2926 1245 3000 monstruosa,

55 3028 89 3089 et
109 3022 299 3105 praesertim
321 3022 354 3086 iu
377 3022 512 3087 ecclesio
542 3022 705 3104 Prugensi
733 3021 766 3085 iu
789 3040 851 3103 (pua
872 3020 976 3086 cultus
1005 3019 1129 3084 divinus
1151 3026 1247 3085 noctu

54 3122 169 3205 dieque
191 3122 261 3188 sine
288 3122 523 3188 intemnissione
552 3123 619 3187 fere
642 3140 701 3205 per
722 3126 819 3187 300¹*
840 3140 993 3203 personas
1014 3121 1183 3200 agebatur3
1208 3121 1248 3184 de

53 3238 117 3305 qua
136 3222 241 3289 cultus
263 3222 471 3288 diminutione
493 3223 649 3288 modicum
672 3224 796 3288 claravit
816 3228 1023 3303 atquecurat
1048 3222 1080 3284 in
1107 3220 1247 3286 savorem

53 3320 301 3390 Wiclelistarum
323 3328 356 3388 et
377 3322 590 3389 Hussitarum.

152 3423 323 3490 ltclerum
345 3423 532 3489 catholicum
554 3432 587 3489 et
609 3424 677 3491 sedi
689 3424 883 3507 apostolicae
895 3424 1096 3488 obedientem
1108 3423 1244 3505 opprimi

53 3530 87 3593 et
100 3524 255 3591 trucidari
270 3524 437 3607 permittit,
453 3543 661 3608 oppressores
684 3532 717 3589 et
729 3524 941 3591 trucidaturus
957 3524 1135 3605 hujusmodi
1152 3523 1245 3589 simili

52 3626 147 3693 modo
164 3626 267 3692 nutrit
289 3630 322 3690 ct
343 3622 439 3703 louet,
461 3642 523 3690 non
538 3625 657 3690 faciens
672 3623 808 3706 aliquam
820 3626 975 3706 justitiam
999 3642 1056 3688 seu
1073 3624 1244 3690 vindictam

53 3724 95 3793 dc
115 3724 246 3807 eisdem,
268 3725 301 3789 in
323 3724 462 3790 levorem
485 3724 577 3791 Wiel.
600 3731 633 3791 et
653 3726 776 3791 Hussit.

153 3826 193 3893 It
208 3825 457 3891 destructionem
474 3825 569 3890 studii
586 3826 755 3908 Pragensis
772 3844 829 3908 per
841 3823 1030 3890 Wiclefistas
1049 3824 1163 3890 laemm
1180 3824 1247 3889 dis·

54 3926 191 4006 simulat
214 3927 277 3991 imo
300 3925 430 3992 eandem
452 3927 635 4007 procuravit
658 3934 691 3993 et
711 3926 806 3992 luvet.

153 4026 192 4093 lt
214 4026 334 4093 clerum
356 4027 423 4093 sedi
439 4027 632 4109 apostolicae
655 4033 688 4092 et
710 4026 883 4093 catholicae
896 4026 1096 4091 obedientem
1118 4026 1243 4110 adpro·

51 4124 221 4193 beandum
242 4126 348 4191 divina
369 4127 515 4209 compelli
537 4147 595 4209 per
620 4127 754 4210 spolium
776 4128 997 4210 temporalium
1027 4133 1060 4190 et
1092 4144 1241 4207 persona·

51 4246 121 4295 rum
142 4226 387 4311 captivationem
408 4228 569 4293 mandavit
590 4234 623 4294 et
644 4230 828 4311 procuravit
849 4247 907 4311 per
934 4229 1079 4293 scabinos
1102 4228 1241 4294 civitatis

52 4328 224 4409 Pragensis
244 4333 279 4393 et
299 4346 374 4391 suos
395 4327 574 4399 familiares,
596 4329 627 4391 iu
651 4329 790 4393 devorem
813 4330 861 4394 W.
885 4336 916 4391 et
939 4328 978 4393 H.
