2992 5258
351 430 398 484 lll.
432 429 473 485 De
491 431 528 484 M.
545 430 570 484 J.
589 428 1002 496 1111111110111111107.11111.
1210 434 1272 500 277

87 631 168 715 quod
195 632 255 711 sic,
286 650 356 697 cum
391 640 424 698 et
453 633 555 698 saneti
577 628 766 699 llnshelmus
794 641 827 699 et
855 635 908 699 alii
936 635 992 701 illa
1012 641 1140 718 ponant.
1183 635 1272 701 Tune

87 735 151 815 ipse
191 732 347 811 arguebat
384 732 565 796 cardinalis:
601 732 768 813 Sequitur,
802 733 886 816 qrxod
917 733 1002 800 iacta
1032 737 1271 802 consecratione

84 839 245 898 remaneat
266 833 444 898 substantia
457 833 550 914 panis
571 833 764 912 materialis;
788 839 822 898 et
843 835 998 916 probabat
1018 835 1073 915 sie,
1096 837 1169 917 quia
1189 835 1272 902 lacta

85 933 333 1010 consecratione,
356 932 429 996 dum
450 933 542 1014 panis
564 938 705 997 mutatur
719 938 753 997 01
767 934 1093 1000 transsubstantiatur
1107 937 1138 1000 in
1155 954 1271 1018 corpus

85 1031 221 1112 Christi,
255 1038 291 1098 nt
314 1032 380 1113 iarn
402 1032 522 1106 dicitis,
555 1034 606 1097 vel
627 1033 672 1099 ibi
692 1039 800 1098 manet
822 1035 1080 1101 communissima·
1094 1036 1273 1103 substantia

85 1134 173 1215 panis
202 1133 386 1207 materialis,
418 1133 469 1198 vel
497 1151 574 1208 non:
606 1133 711 1211 sisic,
744 1134 881 1199 hahetur
901 1136 1114 1218 propositum3
1148 1137 1176 1200 si
1197 1152 1271 1216 non,

82 1234 235 1315 seqnitur,
266 1233 349 1313 quod
380 1233 420 1298 ad
442 1233 630 1298 desitionem
652 1234 821 1314 singularis
843 1234 1005 1301 desineret
1025 1237 1125 1319 ipsius
1146 1234 1271 1298 111101·

82 1333 155 1399 sale.
199 1331 387 1414 Respondit,
410 1331 494 1414 quod
521 1332 640 1398 desinit
666 1351 738 1398 esse
759 1335 791 1398 in
813 1333 873 1399 hoc
894 1335 1047 1417 singulari
1068 1352 1151 1417 pane
1172 1339 1271 1399 mate·

80 1433 164 1513 riali,
199 1450 271 1498 cum
298 1431 353 1496 ille
384 1436 459 1497 tune
487 1438 628 1498 11011111
654 1433 705 1499 101
733 1435 910 1499 transitio
941 1452 1057 1518 corpus
1080 1435 1198 1500 Christi
1220 1432 1271 1497 101

79 1532 421 1611 transsubstantiatur,
455 1532 512 1597 sed
538 1533 741 1599 nihilominus
762 1535 796 1598 in
818 1534 889 1599 aliis
912 1536 1126 1618 singularibus
1148 1534 1271 1615 subjec-

78 1638 177 1698 tatur.
222 1632 310 1697 Tune
331 1632 458 1713 quidam
479 1633 630 1714 anglicus
653 1653 692 1698 ex
713 1634 767 1699 illa
788 1634 922 1700 materia
943 1635 1121 1716 argumenti
1144 1634 1272 1700 volebat

74 1731 273 1815 expositoria
293 1730 440 1815 probare,
465 1733 547 1813 qnod
573 1733 617 1797 ibi
639 1742 801 1800 remaneat
823 1736 915 1817 panis
937 1737 1120 1802 materialis.
1163 1735 1205 1801 Et
1225 1733 1271 1797 hlr

71 1831 171 1897 dixit:
194 1831 265 1897 Hoc
279 1838 329 1897 est
343 1833 466 1914 puerile
482 1843 711 1914 argumentum,
735 1834 818 1915 qnod
840 1835 932 1917 pueri
948 1835 1079 1902 student
1093 1837 1126 1900 in
1140 1834 1268 1914 scholis,

69 1939 103 1998 et
133 1932 235 1996 solvit
262 1932 323 1997 sibi
352 1932 440 1997 illud.
482 1933 571 1998 Tunc
592 1933 708 1998 iterum
730 1935 856 2015 quidam
877 1936 1037 2016 anglicus,
1060 1942 1148 2001 stans
1170 1951 1270 2016 penes

68 2030 161 2096 Mnnn
182 2032 355 2109 loannem,
378 2033 478 2098 voluit
504 2032 651 2114 probare,
682 2033 767 2114 qrrod
788 2041 863 2116 post
885 2035 1155 2100 consecrationem
1169 2052 1272 2101 rema·

65 2137 172 2197 neret
192 2131 295 2196 forma
316 2132 536 2198 substantialis
559 2134 650 2214 panis
667 2134 851 2215 materialis,
873 2140 907 2200 et
921 2133 1055 2200 materia
1067 2134 1178 2216 prima,
1200 2152 1271 2200 cum

64 2231 126 2296 ille
148 2231 244 2313 panis
259 2249 323 2296 non
338 2232 543 2297 annihilatur.
560 2232 602 2298 Et
617 2233 783 2314 respondit
793 2235 953 2314 magister,
977 2234 1061 2315 quod
1073 2252 1134 2298 non
1147 2234 1270 2300 annihi-

62 2329 170 2409 latur,
186 2330 245 2396 sed
255 2332 298 2396 ibi
309 2331 363 2396 ille
375 2332 582 2412 singulariter
596 2332 713 2397 desinit
728 2351 799 2398 esse
811 2353 868 2416 per
880 2334 1268 2400 transsubstantiationem

60 2431 105 2496 in
128 2448 249 2512 corpus
261 2429 388 2496 Christi.
431 2432 551 2497 lterum
574 2450 708 2513 surgens
720 2434 871 2513 anglicus
894 2433 1028 2516 quidam,
1052 2440 1087 2498 nt
1102 2434 1269 2498 dicebatur

56 2530 118 2596 Μ’
140 2531 340 2610 wilhelmus,
363 2530 457 2595 dixit:
479 2531 689 2613 Exspectetis,
719 2533 787 2614 ipse
810 2533 952 2614 loquitur
984 2534 1157 2613 eantulose,
1186 2533 1271 2598 sicut

58 2638 110 2698 et
130 2631 250 2695 Wielef
273 2630 359 2696 fecit.
402 2630 460 2694 llle
489 2631 573 2695 enim
601 2632 705 2696 omnia
731 2633 786 2696 illa
813 2633 978 2712 concessit,
1009 2651 1090 2714 quae
1112 2632 1173 2697 iste
1196 2650 1268 2698 eon·

51 2731 171 2809 cedit,
194 2738 229 2796 ct
249 2730 452 2795 nihilominus
476 2735 573 2811 tenet,
596 2748 710 2813 panem
724 2733 920 2797 materialem
936 2751 1101 2799 remanere
1116 2734 1149 2798 in
1164 2751 1269 2797 sacra·

45 2837 181 2897 mento
202 2830 313 2896 altaris
335 2836 410 2912 post
431 2832 711 2910 consecrationem,
734 2832 795 2896 imo
813 2838 846 2897 et
868 2839 969 2898 totum
992 2833 1165 2914 capitulum
1179 2832 1268 2912 „Fir-

45 2933 171 2996 miter
192 2930 369 2997 credimns“
395 2931 521 3011 reduxit
541 2930 581 2994 ad
603 2931 687 2995 illius
710 2949 787 2996 suae
810 2950 963 2998 erroneae
980 2933 1138 3013 opinionis
1154 2930 1266 2997 confir-

40 3031 252 3097 mationem.
296 3030 338 3095 111
366 3030 437 3096 ille:
458 3030 530 3094 Non
553 3029 725 3109 eantulose,
749 3029 806 3095 sed
836 3030 896 3095 deo
918 3038 1002 3096 teste
1024 3033 1148 3097 sincere
1173 3036 1267 3096 etex

44 3131 171 3196 corde
185 3132 308 3213 loqnor.
332 3130 393 3196 Sed
415 3148 533 3211 quaero
555 3131 694 3210 anobis,
715 3130 920 3209 M.Joannes,
950 3140 1055 3195 utrum
1077 3131 1219 3195 totaliter
1235 3137 1268 3195 et

42 3232 206 3297 realiter
233 3238 268 3297 et
297 3231 537 3314 multiplicative
563 3231 606 3294 sit
631 3230 676 3294 ihi
703 3248 819 3312 eorpus
846 3229 989 3294 Christi?
1010 3230 1053 3296 Et
1068 3231 1111 3295 M.
1126 3230 1267 3294 Jonnnes

46 3330 250 3414 respondit,
273 3329 357 3411 quod
377 3347 454 3396 1010
476 3337 510 3396 01
531 3330 662 3395 realiter
682 3329 767 3394 idem
789 3348 903 3412 corpus
928 3330 1047 3395 Christi
1068 3338 1102 3396 01
1123 3329 1267 3395 totaliter

48 3434 125 3495 est
154 3430 189 3495 in
222 3436 421 3496 sacramento
453 3430 579 3508 altaris,
613 3430 697 3512 qumi
725 3435 833 3495 natum
863 3438 913 3495 est
944 3450 983 3495 ex
1004 3430 1106 3497 Maria
1132 3428 1265 3509 virgine,

53 3532 210 3610 nassum
237 3538 397 3596 mortuum
420 3531 606 3611 resurrexit,
637 3536 671 3597 01
692 3531 776 3612 quod
800 3531 892 3596 sedet
912 3530 952 3594 ad
971 3530 1133 3595 dexteram
1155 3529 1266 3612 patris.

63 3615 119 3695 Et
149 3629 252 3695 multa
281 3630 327 3695 ibi
358 3631 597 3712 impertinentia
625 3632 664 3696 de
694 3632 830 3697 materia
859 3631 1084 3697 universalium
1111 3630 1266 3695 immisce·

62 3715 198 3796 barm.
240 3729 284 3796 Et
306 3731 458 3812 Anglicus
488 3730 551 3811 ille,
581 3733 635 3813 qui
656 3732 695 3797 dc
717 3732 852 3797 materia
872 3731 973 3814 prima
994 3730 1143 3810 instabat,
1173 3727 1265 3792 dixit:

71 3826 232 3913 ,11111
259 3828 316 3895 illa
344 3830 583 3913 impertinentia
608 3831 833 3912 immiscentur,
863 3849 945 3912 quae
969 3831 1048 3895 nihil
1075 3829 1194 3895 iaciunt
1224 3828 1266 3893 ad

73 3924 190 3996 factum
216 3928 318 3995 fidei?
340 3931 414 4013 Ipse
445 3932 654 3999 benesentit
681 3932 721 3996 de
755 3938 954 3997 sacramento
989 3930 1115 4008 altaris,
1148 3935 1183 3993 ut
1214 3928 1265 3992 hic

76 4029 272 4096 muitetur!

169 4130 213 4195 Et
234 4129 351 4195 Stokes
366 4130 517 4212 anglicus
532 4131 628 4197 dixit:
652 4131 720 4213 Ego
742 4131 806 4196 vicli
828 4133 951 4212 Pragae
964 4149 1061 4194 unum
1083 4135 1262 4205 tractatum,

77 4230 125 4312 qui
159 4230 235 4296 huic
255 4230 326 4295 nus
348 4231 585 4310 ascribebatur,
615 4232 649 4296 in
670 4249 731 4313 quo
753 4232 862 4313 posuit
883 4248 1052 4313 expresse,
1085 4228 1170 4309 quod
1191 4235 1264 4308 post

77 4330 349 4395 consecrationem
368 4330 401 4393 in
417 4338 614 4396 sacramento
630 4338 793 4396 remaneat
807 4331 897 4413 panis
919 4329 1100 4395 materialis.
1143 4329 1185 4393 Et
1216 4324 1264 4392 Μ’

73 4429 164 4496 dixit:
186 4429 282 4495 Salva
302 4431 492 4512 reverentia,
516 4449 578 4496 non
602 4438 652 4496 est
673 4448 793 4494 verum.

166 4529 289 4594 Iterum
317 4547 375 4612 pro
401 4530 486 4594 illins
515 4531 641 4596 articuli
673 4529 889 4597 uerificatione
911 4529 1129 4610 allegaverunt
1150 4533 1262 4610 testes,

64 4630 249 4711 magistros,
270 4629 418 4696 doctores
440 4637 474 4695 et
488 4632 640 4714 plebanos
656 4634 843 4712 l'ragenses,
867 4630 921 4712 qui
943 4629 1168 4713 deposuerunt,
1184 4648 1262 4711 qua-
