2992 5258
270 452 274 459 .
371 417 414 471 72.
432 414 586 469 Kuncaonis
603 414 637 469 de
653 416 707 471 Zur.
725 414 821 470 relatio
839 414 872 469 de
890 415 1011 471 concido
1227 419 1288 486 547

97 620 185 700 regis
206 625 428 700 consequetur.
451 617 494 683 Et
516 618 582 684 dati
603 622 678 682 sunt
702 635 761 700 per
783 618 950 683 concilium
971 622 1162 683 tractatores
1184 619 1217 683 in
1232 619 1292 685 hac

97 721 246 799 materia,
280 725 314 784 et
334 725 482 802 speratur
514 717 657 796 indubie,
695 717 780 798 quod
813 718 895 782 idem
917 717 980 782 dux
1014 718 1145 784 reducet
1167 737 1288 801 papam.

96 819 172 884 Istis
194 820 383 886 ducatibus
403 837 466 885 uou
489 819 705 897 obstantibuS,
729 819 800 900 quia
823 839 905 902 papa
926 819 1188 885 ambasiatoribus
1211 839 1288 886 con-

96 920 161 987 cilii
177 938 240 985 non
261 919 351 985 dedit
365 921 429 985 tale
444 937 640 1001 responsum,
665 938 722 1000 per
745 918 829 1000 quod
852 919 1019 986 concilium
1034 926 1289 987 contentaretur:

96 1019 195 1100 igitur
227 1019 322 1086 hodie
343 1026 433 1087 tenta
466 1028 517 1085 est
538 1021 654 1099 sessio,
687 1021 775 1086 etin
807 1021 917 1087 eadem
940 1020 1023 1087 idem
1056 1040 1139 1103 papa
1174 1022 1289 1088 citatus

96 1138 154 1202 per
175 1120 310 1201 modurn,
332 1121 434 1203 quiin
455 1120 568 1187 cedula
588 1120 714 1186 domiuo
729 1127 839 1187 nostro
862 1122 931 1204 regi
952 1121 1075 1186 directa
1097 1121 1287 1187 continetur.

95 1219 213 1286 Datum
235 1219 449 1301 Constantius,
471 1222 503 1287 11
525 1222 576 1287 die
598 1221 683 1287 Maii.

641 1410 739 1417 .--..—
757 1410 773 1416 -.
788 1410 792 1415 .

665 1600 723 1676 73.

94 1822 286 1910 Berones
300 1827 618 1912 marchionatus
629 1826 846 1912 Moraviae
861 1827 978 1936 apud
991 1856 1140 1938 regem
1155 1823 1289 1938 Sigis-

94 1961 301 2044 mundum
327 1975 575 2072 queruntur,
605 1963 661 2046 M.
686 1962 716 2046 J
719 1991 901 2045 oannem
921 1960 1015 2045 Hus
1042 1991 1129 2044 non
1155 1960 1284 2045 modo

94 2124 181 2179 non
212 2097 410 2178 emissum
444 2125 535 2177 esse
570 2125 805 2201 coarcere,
848 2096 925 2180 sed
956 2098 1000 2178 in
1031 2098 1286 2179 atrociorem

139 2231 268 2312 etiam
284 2228 497 2313 earcerein
513 2233 765 2339 conjectum,
794 2241 1048 2340 rogantque,
1076 2242 1123 2313 ut
1141 2258 1237 2313 eum

426 2366 468 2445 in
494 2365 736 2448 libertatern
762 2364 961 2449 vindicet.

522 2612 638 2680 Brunae,
659 2614 731 2681 1415,
749 2615 766 2666 8
783 2613 857 2666 Maii.

453 2912 496 2975 (a
512 2911 573 2964 rus.
595 2911 718 2966 masa.
737 2929 765 2981 p.
785 2909 919 2973 ott-67.)

191 3230 487 3297 slusbanateTu1¹¹
506 3231 799 3313 ,uaj0swieceuejsi
814 3230 935 3311 knieie,
951 3230 1031 3294 krali
1047 3248 1066 3295 a
1087 3248 1181 3311 pane,
1201 3248 1282 3311 pane
1405 3218 1408 3222 “

88 3331 149 3397 nas
172 3331 352 3414 milostiuy‘i
396 3331 463 3396 Tak
486 3331 562 3412 jairo
592 3349 658 3396 sme
680 3331 757 3396 Τ111Η
774 3330 859 3413 prud
888 3330 967 3412 psali
997 3349 1014 3394 o
1038 3331 1079 3394 M.
1101 3331 1184 3396 Jana
1204 3330 1282 3409 Hus,

88 3432 232 3499 cloweka
252 3430 508 3514 sprawediiweho
530 3450 549 3496 a
569 3431 714 3497 kauatele
736 3451 755 3496 a
776 3431 1001 3496 rozmuoiitele
1022 3434 1122 3512 pisma
1144 3432 1283 3498 suvatdho

88 3532 240 3599 werueho
267 3552 286 3598 a
315 3531 506 3610 welebneho,
538 3551 563 3594 w
593 3531 692 3596 iadne
723 3532 815 3597 alosti
844 3552 869 3595 w
891 3532 1001 3597 nasich
1024 3532 1163 3598 zemiech
1185 3532 1280 3615 nikdy

88 3632 336 3709 neshledaneho,
364 3631 478 3696 kteralr
508 3638 561 3696 teu
590 3631 664 3713 mily'
691 3632 782 3696 nristr
804 3653 824 3697 a
844 3632 968 3698 kazatel
990 3633 1189 3716 kiestansky‘,
1224 3651 1304 3716 pro·

89 3733 188 3799 kiiwe
210 3754 229 3799 a
250 3731 377 3798 scestne
408 3732 556 3796 narteuie
580 3731 672 3813 zly'mi
694 3732 783 3798 iidmi
804 3753 822 3797 a
844 3733 1028 3815 utrhawi'mi
1050 3755 1070 3799 a
1091 3718 1280 3816 protiwuiiry

89 3836 187 3902 siowa
215 3833 337 3912 bosono,
372 3840 444 3914 (pro
472 3831 624 3896 kterehoi
654 3833 794 3898 tloueka
823 3833 949 3898 scestue
980 3835 1126 3899 narteuie
1160 3835 1283 3900 usecka

87 3939 214 4005 keruna
242 3921 345 4000 Cesko
367 3936 377 3998 i
388 3932 483 4015 jazyk
504 3932 686 4015 Sloueusky'
705 3934 771 4014 jest
794 3935 949 4016 pohuueu,
972 3935 1074 3999 atkoli
1097 3936 1155 3999 bez
1177 3936 1279 4016 wiuy),

85 4038 132 4123 jel
144 4038 211 4120 jest
226 4034 404 4111 swobodue,
429 4033 505 4097 beze
528 4034 632 4099 wseho
656 4035 850 4114 piiuuceuie,
874 4036 913 4100 do
927 4035 1122 4100 Konstaneie
1144 4035 1165 4099 k
1188 4036 1283 4102 ebec-

22 4133 30 4147 '
89 4140 185 4203 nemu
207 4136 364 4212 swolauie,
394 4134 519 4200 achtel
543 4135 609 4214 iest
639 4143 671 4199 to
702 4136 827 4200 scestne'
861 4157 881 4201 a
913 4136 1099 4218 bezprtlwne
1133 4136 1282 4202 nardeuie

89 4259 105 4305 s
127 4240 205 4306 sebe
224 4238 299 4319 jako
321 4235 421 4318 dobry‘
437 4234 540 4316 acerui
558 4235 724 4301 kiestaua
749 4221 878 4300 sCeskd
895 4238 1017 4318 keruny
1035 4236 1113 4318 pied
1128 4234 1282 4318 obecuy‘m

88 4342 216 4406 sborem
241 4338 346 4404 wseho
375 4335 586 4400 kiestaustua
617 4336 738 4414 suesti,
775 4337 837 4417 pud
866 4337 963 4419 gieity
993 4336 1069 4400 TM¹i
1098 4335 1280 4417 wydauymi,

89 4440 194 4507 acuoli
232 4438 305 4504 terh
339 4436 414 4517 Jako
448 4434 546 4516 dobr5y
587 4434 705 4499 dlowdk
738 4434 982 4518 nepotiebuwal.
1037 4438 1063 4499 Α
1096 4443 1130 4501 tu
1164 4435 1281 4518 piijew,

88 4539 217 4609 uemohi
244 4536 420 4603 nididndho
449 4535 586 4618 slysenie
612 4536 732 4616 jruieti,
761 4537 863 4603 atkoli
896 4538 970 4603 tohu
1001 4537 1105 4603 utenti
1134 4536 1279 4602 1166166-

88 4641 194 4727 61ᾴωί
214 4639 345 4705 cesterni
366 4635 456 4702 dadai
476 4655 496 4700 a
518 4635 636 4701 hledal:
658 4640 717 4701 nei
739 4638 833 4703 inimo
856 4637 948 4703 iada
969 4637 1075 4719 prauo
1097 4637 1161 4719 pud
1182 4637 1279 4719 gieity

1084 4755 1133 4808 351
