2992 5258
147 399 209 460 422
401 389 605 445 Controversiam.
623 389 657 441 de
676 388 804 451 rannone
823 388 850 439 in
868 385 1012 439 Bobenia:
1026 352 1105 456 Ι1410.

716 635 779 709 34.

53 893 55 898 ·
152 864 244 947 Rex
272 878 313 946 et
339 866 490 974 regina
521 859 754 943 Bohemiae
788 862 941 943 iterum
968 857 1211 943 Romanum
1238 885 1345 966 pon-

153 999 309 1082 tificem
350 1012 479 1106 atquc
519 994 756 1078 cardinales
788 1004 965 1104 rogant,
1009 1004 1056 1075 ut
1082 991 1139 1074 M.
1168 988 1267 1074 Hus
1298 1022 1345 1097 „a

368 1131 584 1240 personali
612 1132 814 1212 citatione
842 1127 1128 1211 absolvatur.“
1224 1112 1228 1119 ⁶

494 1376 610 1443 Pingue,
629 1380 701 1442 1410,
720 1378 752 1429 311
771 1375 847 1442 Sept.
865 1404 897 1412 —
915 1377 931 1426 2
949 1373 1006 1428 Oct.

658 1585 826 1592 ——--.
844 1586 848 1590 .

462 1679 505 1739 (n
522 1678 583 1730 ns.
614 1677 708 1729 viat.
728 1672 813 1735 moa
827 1675 850 1744 f.
871 1674 1036 1741 rra-120.)

748 1828 849 1836 m—

727 1978 763 2043 A.

448 2162 512 2227 Rex
533 2161 742 2226 Wenceelaue
765 2161 871 2226 loanni
895 2180 925 2244 p.
949 2160 1055 2225 xxm.

347 2346 552 2413 Sanctissimo
587 2347 617 2410 in
634 2333 773 2411 'Christo
807 2347 891 2427 patri
924 2354 958 2411 et
992 2346 1135 2424 domino,
1163 2346 1201 2410 D.
1231 2345 1348 2413 Jcanm

431 2445 527 2526 digna
560 2445 611 2510 dei
635 2445 836 2527 providentia
867 2454 1089 2512 sacrosanctae
1119 2447 1282 2513 Romanae
1312 2466 1350 2512 ac

438 2545 627 2610 aniversalis
669 2545 823 2610 ecclesiae
865 2562 985 2609 summo
1023 2544 1184 2628 pontifici.
1221 2545 1349 2613 domino

433 2652 543 2712 nostro
566 2645 840 2711 reverendissimo.

237 2799 327 2863 ¹Post
360 2795 699 2863 recommendationem
733 2795 899 2875 humilem,
928 2796 1098 2863 Sanctitati
1132 2798 1348 2867 reverentiam

150 2899 288 2965 debitam
311 2898 469 2964 exhibere.
514 2898 610 2963 Pater
632 2897 830 2962 beatissime!
876 2896 1000 2962 Pridem
1024 2898 1053 2964 S.
1079 2898 1146 2964 Vne
1173 2898 1348 2965 direximus

149 3000 269 3080 literas,
292 2999 504 3065 sublationem
526 2997 690 3080 quusdam
713 3005 900 3079 praetensae
924 3000 1112 3078 sententiae,
1135 3017 1216 3080 quae
1232 2999 1348 3067 honori

150 3105 259 3165 nostro
275 3099 418 3182 derogat,
441 3099 659 3181 postulantes;
683 3105 715 3163 et
739 3117 813 3164 ecce
835 3105 980 3182 tempore
1003 3098 1106 3165 medio
1130 3098 1258 3183 quidam
1276 3102 1349 3166 novi

149 3218 320 3284 processus
342 3220 400 3283 pro
423 3200 507 3265 dicta
530 3200 561 3264 in
585 3206 676 3281 parte
701 3197 913 3264 confirmanda
928 3200 1089 3266 sententia
1105 3218 1176 3265 curn
1191 3198 1347 3268 citatione

149 3300 308 3383 personali
331 3301 412 3381 Mag.
444 3300 577 3366 loannis
599 3298 678 3379 Hus,
711 3318 820 3364 sacrae
849 3300 1027 3380 theologiae
1058 3300 1259 3371 baccalaurei
1286 3300 1349 3368 lor·

149 3402 234 3480 mati,
268 3401 423 3483 capellani
457 3401 556 3466 nostri
588 3399 689 3465 tidelis
724 3400 829 3466 devoti
863 3400 980 3478 dilecti,
1012 3400 1050 3464 ad
1084 3400 1349 3483 inquietationem

142 3507 289 3566 nostram
313 3508 347 3566 et
369 3503 459 3582 regni
483 3500 584 3566 nostri
607 3500 764 3563 nescimus
788 3500 943 3580 quomodo
967 3509 1169 3579 enranarunt;
1195 3501 1292 3566 etiam
1314 3508 1350 3566 ut

149 3601 302 3680 audimus,
335 3602 418 3683 parti
450 3601 626 3682 postulanti
648 3601 850 3679 authentiam,
875 3601 944 3683 ipsa
966 3601 1094 3683 penitus
1116 3619 1178 3666 uon
1201 3600 1340 3668 admissa

150 3704 353 3785 Quapropter
376 3701 406 3765 S.
431 3701 468 3766 V.
503 3721 541 3767 ex
574 3702 677 3766 animo
711 3702 934 3783 supplicamns,
969 3711 1126 3783 ‹pratenus
1160 3701 1348 3783 dignaretur

150 3820 319 3884 processus
343 3801 520 3882 hujusmodi
545 3820 615 3866 cum
638 3803 797 3867 sententia
819 3802 942 3878 tollere,
968 3809 1001 3867 et
1022 3809 1130 3884 partes
1153 3804 1348 3869 contenden-

151 3904 229 3967 tium
253 3902 292 3967 ad
317 3908 505 3984 perpetuum
536 3902 696 3966 silentium
728 3920 887 3968 revocare.
933 3902 1084 3967 Volumus
1107 3905 1234 3976 etenim,
1266 3902 1347 3985 qnod

151 4004 190 4067 lis
213 4003 337 4067 ratione
362 4002 514 4067 librorum
536 4009 648 4067 exorta
670 4003 814 4084 sopiatur
836 4002 990 4081 totaliter,
1015 4008 1050 4067 ut
1067 4011 1174 4068 cesset
1188 4004 1220 4068 iu
1236 4008 1346 4071 nostra

150 4121 247 4184 regno
279 4103 478 4181 disturbinm
509 4103 592 4185 quod
626 4104 692 4185 pati
726 4104 882 4182 nolumus,
916 4123 986 4168 cnm
1019 4111 1213 4186 procurante
1249 4105 1345 4171 omui·

150 4204 274 4285 potenti
298 4201 435 4282 domino,
458 4204 582 4271 ratione
604 4203 756 4268 librorum
779 4203 957 4282 hujusmodi
982 4204 1085 4269 nullus
1108 4212 1220 4270 noster
1242 4205 1345 4288 regni·

150 4304 221 4368 cola
244 4304 274 4367 in
298 4321 408 4368 errore
431 4304 481 4368 vel
503 4305 627 4369 haeresi
651 4311 702 4369 est
723 4313 914 4386 compertus.
960 4304 1112 4370 Volumus
1135 4306 1241 4383 etiam,
1264 4304 1344 4388 quod

150 4404 273 4486 capella
294 4403 468 4483 Bethleem,
498 4423 590 4486 quam
619 4424 676 4486 pro
706 4404 827 4469 honorc
857 4406 907 4470 dei
940 4412 973 4470 et
1003 4406 1105 4470 salute
1136 4406 1258 4489 populi,
1289 4423 1344 4489 pre

149 4504 386 4586 praedicatione
414 4505 570 4585 evangelii
601 4505 826 4585 liberavimus,
856 4507 888 4570 in
919 4524 976 4570 suc
999 4512 1063 4571 stet
1085 4505 1194 4587 vigore
1217 4515 1252 4573 et
1272 4525 1341 4573 con·

149 4610 292 4670 armetur
314 4605 368 4685 sic,
392 4605 476 4687 quod
506 4605 574 4687 ejus
597 4605 767 4672 collatores
785 4608 859 4689 J'ure
882 4606 1060 4672 collationis
1081 4624 1145 4672 non
1168 4608 1339 4691 priventur,
