2992 5258
151 401 213 466 226
389 399 582 453 decusationes
599 398 635 452 M.
654 399 680 452 J.
697 398 756 452 Hus
774 397 886 465 ejusque
905 398 1043 467 responsa.
1062 400 1102 452 10.

149 600 405 682 praedestinatus
427 617 554 681 semper
575 605 682 665 manet
697 601 871 664 membrum
887 598 1050 680 ecclesiae,
1071 599 1147 665 licet
1170 600 1342 682 aliqnando

151 700 268 765 excidit
289 720 309 765 a
329 701 432 780 gratia
452 700 635 780 adventitia,
657 701 714 765 sed
736 718 798 764 non
821 720 840 763 a
862 700 964 778 gratia
985 699 1298 780 praedestinationis.

614 856 653 901 eat
669 849 806 900 cantantia
824 847 898 900 beati
915 847 1167 917 Azrpuatatsuper
1182 849 1288 903 Joamm.
1306 847 1343 903 1r.

614 948 699 1000 anper
721 930 915 984 Encbiridiom.
938 931 975 984 It.
997 947 1081 999 anper
1106 934 1279 1000 psalterium.
1305 933 1342 986 1r.

611 1017 645 1069 de
662 1015 792 1067 doctrina
811 1013 976 1066 carterium
994 1030 1026 1065 cm
1042 1015 1114 1067 libro
1131 1016 1165 1068 de
1184 1017 1239 1069 Oce

248 1085 278 1149 6.
320 1082 477 1149 Sumendo
501 1084 666 1148 ecclesiam
688 1101 746 1165 pro
774 1081 999 1146 convocatione
1020 1082 1343 1164 praedestinatorum,

150 1183 217 1247 sive
240 1183 305 1249 sint
326 1182 358 1246 in
381 1183 484 1261 gratia
506 1185 573 1249 sire
594 1202 659 1248 non
685 1181 856 1247 secundum
877 1189 1079 1262 praesentem
1096 1183 1263 1266 justitiam,
1279 1185 1343 1250 isto

148 1283 241 1349 modo
264 1283 398 1349 ecclesia
425 1290 475 1349 est
495 1284 648 1349 articulus
669 1282 753 1349 fidei.

966 1432 1133 1485 emineraaiie
1146 1431 1345 1500 propriissime

249 1499 278 1565 t.
320 1500 435 1565 Petrus
460 1519 523 1565 non
545 1500 604 1566 luit
626 1518 686 1566 nec
711 1505 762 1565 est
791 1502 886 1579 caput
907 1506 1037 1564 sanctae
1059 1499 1212 1565 ecclesiae
1234 1501 1344 1566 catbo-

152 1617 245 1668 dietae

151 1683 241 1750 boae.

248 1836 278 1899 8.
321 1831 510 1898 Sacerdotes
541 1831 777 1913 quomodolibet
808 1831 975 1897 criminose
1003 1832 1146 1897 viventes
1169 1830 1344 1897 sacerdotii

503 1956 528 1999 et
546 1948 677 2000 Demere.
694 1945 749 1999 32:
766 1949 907 2014 pancratio
922 1963 1056 2015 peruersa
1073 1955 1098 1998 et
1115 1946 1239 2014 infideles
1251 1947 1310 2014 filii

150 2016 296 2098 polluunt
317 2020 524 2098 potestatem,
548 2022 581 2079 et
602 2015 685 2080 sieut
706 2013 763 2078 filii
784 2014 927 2080 infideles
950 2015 1093 2079 sentiunt
1114 2013 1289 2080 infideliter
1303 2013 1344 2078 de

151 2123 275 2198 septem
295 2116 502 2181 sacramentis
523 2115 694 2194 ecclesiae,
716 2113 755 2178 de
778 2114 928 2195 claribus
951 2111 1063 2178 officiis
1078 2118 1112 2178 et
1132 2114 1232 2179 sacris
1247 2113 1346 2178 rebus

150 2217 313 2295 ecclesiae,
337 2216 525 2296 cerimoniis,
548 2216 700 2295 censuris,
727 2215 877 2296 moribus,
901 2214 1105 2280 veneratione
1126 2213 1346 2296 reliquiarum,

150 2314 356 2395 indulgentiis
378 2323 413 2380 et
435 2314 609 2379 ordinibus.

248 2415 318 2477 Pro
338 2415 400 2476 icto
422 2414 538 2478 dicitnr
557 2417 592 2476 ia
608 2415 736 2495 psalmo
760 2415 832 2476 77⁰:
852 2412 1041 2476 Dilecemmt
1055 2433 1125 2475 eam
1146 2414 1182 2474 ire
1204 2433 1258 2475 ore
1278 2433 1348 2495 ereo,

150 2521 180 2577 et
200 2513 361 2596 indiaque
382 2534 440 2577 aaa
453 2516 576 2578 mentiti
590 2522 663 2576 eruat
678 2516 706 2576 ei
713 2535 721 2593 ;
744 2534 797 2576 cor
810 2521 916 2576 aretem
929 2533 1036 2576 corum
1050 2532 1115 2576 mou
1135 2518 1204 2575 crat
1215 2520 1348 2586 rectum,

149 2634 205 2677 mee
216 2613 329 2696 fidelos
349 2615 449 2676 babiti
475 2621 550 2676 errat
570 2615 604 2676 ia
627 2621 809 2676 testamento
830 2633 894 2679 atto,

251 2766 280 2829 9.
322 2764 448 2846 Papulis
473 2764 611 2844 dignitus
636 2783 655 2828 a
678 2764 813 2829 Caesare
833 2763 972 2842 inolevit
995 2767 1029 2827 et
1048 2781 1150 2844 papae
1170 2760 1347 2841 praefectio

151 2869 186 2929 et
206 2864 365 2929 institutio
386 2883 406 2929 a
427 2863 572 2929 Caesaris
594 2864 739 2944 potentia
760 2862 926 2928 emanavit.

251 2963 366 3039 Quoad
397 2965 644 3026 dominationem
676 2965 711 3025 ia
743 2963 966 3043 temperabitur
1002 2967 1031 3022 ct
1066 2967 1212 3023 orantum
1248 2962 1347 3042 impe-

149 3062 261 3127 meam
275 3069 303 3126 ct
310 3064 543 3144 praefecturam
556 3084 651 3144 cuper
665 3072 798 3144 quotuor
816 3061 967 3125 eccleciae.
985 3062 1083 3124 Patet
1098 3062 1171 3124 diat.
1194 3060 1239 3133 96
1251 3071 1281 3125 et
1294 3061 1347 3124 63.

566 3213 695 3282 speciali,
720 3213 788 3280 qaia
804 3213 909 3265 Baetes.
937 3209 958 3264 9
980 3212 1099 3264 dicitur.-
1119 3228 1199 3265 memo
1221 3213 1283 3273 ecit,
1307 3230 1347 3265 aa

565 3299 663 3365 pratia
678 3298 721 3350 vel
737 3298 801 3350 odio
817 3297 919 3364 diqnmr
935 3301 979 3347 att.

252 3367 299 3428 10.
341 3361 454 3426 Nullus
485 3363 555 3428 sine
583 3364 778 3429 revelatione
807 3369 969 3428 assereret
993 3361 1227 3427 rationabiliter
1249 3362 1289 3427 de
1312 3380 1348 3427 se

150 3462 202 3526 uel
230 3462 270 3526 de
292 3462 365 3541 alio,
387 3462 471 3542 quod
494 3470 580 3528 esset
602 3470 698 3546 eaput
721 3464 874 3529 ecclesiae
896 3463 1098 3546 particularis
1122 3467 1271 3543 sanctae,
1287 3480 1348 3529 nee

151 3562 310 3627 Romanus
331 3561 474 3644 pontifex
497 3569 593 3644 caput
615 3565 775 3629 Romanae
797 3564 960 3648 ecclesiae.

252 3731 300 3791 ll.
342 3727 413 3792 Non
435 3736 601 3810 oporteret
622 3730 763 3802 credere,
786 3730 870 3812 quod
892 3731 953 3794 iste
975 3730 1162 3810 quicumque
1184 3727 1359 3796 Romanus

349 3845 497 3897 armandam
515 3847 588 3896 vitae
606 3847 733 3897 meritum
748 3862 930 3913 promeneruat

151 3907 293 3990 pontifex
316 3910 358 3975 sit
373 3916 467 3992 caput
489 3913 711 3994 cujuscumque
726 3914 928 3996 particularis
951 3912 1105 3979 ecclesiae
1126 3916 1267 3992 sanctae,
1285 3913 1362 3981 nisi

152 4007 230 4073 deus
253 4026 325 4074 eum
345 4011 642 4093 praedestinaverit.

548 4160 641 4229 officio
657 4170 684 4214 et
701 4163 798 4215 merito

254 4231 300 4292 12.
343 4226 443 4292 Nemo
466 4229 550 4309 gerit
571 4229 671 4295 vicem
693 4229 812 4295 Christi
827 4229 877 4294 vel
899 4227 997 4309 Petri,
1020 4228 1081 4292 nisi
1103 4232 1258 4308 sequatur
1274 4247 1367 4295 earn

152 4407 185 4472 in
220 4409 380 4491 moribus,
414 4428 484 4476 cum
515 4411 603 4477 nulla
634 4411 696 4478 alia
717 4413 847 4492 sequela
869 4412 912 4477 sit
933 4411 1146 4495 pertinentior
1167 4344 1367 4479 „0321ngss

153 4523 333 4673 malagna
354 4593 413 4660 deo
435 4594 686 4676 procuratoriam
707 4601 912 4676 potestatem,
947 4595 1021 4676 quia
1041 4594 1081 4659 ad
1103 4593 1181 4659 illud
1204 4592 1359 4661 officium
