2992 5258
171 429 231 490 334
387 423 589 478 Conuoversiae
606 424 640 479 de
657 424 787 492 religione
806 426 832 479 in
850 426 992 480 Bobenia:
1010 429 1075 481 1405
1093 443 1132 495 sq.

502 623 623 691 (troci)
659 627 840 689 „obseruatio
857 628 1025 683 inradians*

270 759 308 827 lt.
331 762 479 827 Nonnulli
508 762 633 841 exemti,
667 767 731 826 tam
757 762 975 828 mendicantes
998 782 1090 845 quam
1118 767 1181 843 alii,
1214 766 1366 833 mandata

171 863 287 928 domini
317 864 418 928 nostri
447 862 677 944 archiepiscopi
712 869 745 928 et
777 880 904 928 suorum
938 862 1118 930 officialium
1153 867 1265 948 exequi
1298 886 1364 934 non

170 971 281 1029 curant
302 964 334 1027 in
358 981 404 1041 eo,
427 963 511 1044 qnod
534 982 568 1027 se
591 964 788 1028 conforment
810 964 962 1029 ecclesiae
984 967 1106 1030 matrici
1128 967 1161 1030 in
1177 969 1359 1034 cessatione

169 1064 346 1130 divinorum
369 1072 424 1129 aut
446 1063 668 1128 observatione
691 1064 870 1143 interdicti;
894 1085 932 1130 cx
955 1084 1016 1147 quo
1032 1067 1180 1132 scandala
1194 1067 1227 1132 in
1241 1067 1364 1149 populo

167 1173 369 1247 generantur.
414 1165 544 1230 Mandat
573 1165 610 1228 D.
640 1166 906 1247 archiepiscopus
929 1166 1074 1232 omnibus
1096 1167 1249 1249 plebanis,
1272 1168 1362 1249 quod

168 1266 223 1332 tali
253 1285 329 1332 casu
358 1267 604 1349 superveniente
634 1265 811 1347 hujusmodi
830 1267 974 1332 ‘exemtis
1004 1268 1178 1349 praemissa
1199 1268 1361 1347 nuntient

167 1368 251 1449 quod
284 1385 346 1432 non
379 1368 504 1450 possint
535 1366 746 1448 ignorantiam
778 1368 926 1448 allegare.
969 1367 1011 1433 Et
1049 1368 1076 1432 si
1109 1368 1205 1449 aliqui
1239 1368 1364 1435 fuerint

165 1468 287 1550 reperti
309 1468 501 1533 contrarium
522 1467 683 1546 iacientes
707 1470 818 1532 contra
840 1468 922 1533 tales
944 1468 1136 1550 procedetur
1157 1487 1216 1551 per
1238 1487 1362 1551 poenas

166 1569 498 1634 excommunicationis
521 1575 553 1633 et
576 1586 780 1634 censurarum
803 1587 937 1651 corpore
956 1569 1037 1650 jnris
1060 1570 1192 1635 clausas.

280 1869 367 1935 (1410
374 1872 397 1934 l)
434 1869 608 1934 „Quodnam
622 1870 795 1939 praedicent.
814 1871 862 1936 qai
878 1887 935 1921 aaa
952 1869 1049 1922 debeat
1067 1887 1099 1922 ea
1117 1870 1235 1939 officio.“

263 2008 301 2072 It.
323 2005 454 2071 Mandat
477 2012 509 2070 et
531 2003 665 2082 ordinat,
688 2004 772 2086 quod
795 2004 899 2069 nullus
922 2004 1099 2086 presbyter,
1128 2005 1178 2069 cui
1194 2025 1234 2070 ex
1248 2004 1359 2073 officio

165 2106 215 2170 vel
244 2106 410 2189 privilegio
441 2105 518 2170 alias
548 2123 610 2170 non
640 2105 793 2187 competit
815 2105 1008 2187 praedicare,
1032 2105 1072 2170 de
1095 2112 1203 2171 cetero
1226 2107 1357 2189 praedi·

164 2224 237 2272 care
265 2224 329 2271 non
359 2212 550 2289 praesumat,
578 2207 638 2270 nisi
668 2207 756 2287 prius
779 2206 907 2272 licentia
929 2225 947 2271 a
969 2206 1007 2270 D.
1029 2203 1280 2290 Arcbiepiscopo
1304 2208 1357 2273 vel

163 2306 289 2371 vicariis
322 2306 354 2370 in
384 2306 601 2387 spiritualibus
629 2306 730 2388 petita
758 2314 791 2370 et
820 2306 960 2375 obtenta.
995 2307 1054 2372 sub
1084 2325 1188 2388 poena
1217 2325 1357 2390 suspen·

159 2407 257 2472 sionis
287 2406 326 2471 ab
355 2408 501 2488 ingressu
531 2407 694 2487 ecclesiae.
723 2408 788 2472 lata
815 2407 848 2471 in
870 2407 1016 2488 scriptis;
1038 2407 1165 2488 plebani
1188 2425 1267 2474 voro
1292 2408 1355 2475 sub

160 2524 263 2589 poena
284 2507 342 2569 XV
373 2524 473 2586 gross.
500 2507 638 2572 fabricae
662 2507 816 2572 ecclesiae
846 2507 1016 2588 Pragensis
1050 2506 1252 2573 fabricandae
1280 2508 1296 2592 (
1320 2510 1358 2591 ')

159 2607 287 2672 eosdem
309 2625 370 2671 non
389 2607 566 2673 admittant.

652 2774 852 2783 --.---.

258 2892 299 2975 (l)
322 2892 360 2958 It.
383 2892 519 2972 mandat,
542 2892 626 2974 quod
648 2892 752 2956 nullus
767 2892 861 2957 debet
877 2908 1076 2956 murmurare
1091 2897 1204 2957 contra
1218 2901 1354 2962 senten-

156 2993 218 3058 tias
251 2992 584 3057 excommunicationis
618 2992 699 3057 latas
734 3000 846 3056 contra
880 3009 1033 3057 erroneos
1070 2997 1199 3057 sauctae
1236 2996 1354 3060 matris

157 3093 319 3159 ecclesiae.

255 3193 293 3257 It.
316 3192 453 3272 mandat,
483 3191 567 3273 quod
595 3193 700 3257 nullus
722 3192 819 3257 debet
839 3191 1024 3274 praedicare
1047 3209 1106 3257 nec
1127 3191 1348 3271 dogmatisare

154 3300 267 3359 contra
290 3292 352 3373 illa,
376 3310 456 3374 quae
480 3297 569 3356 tenet
584 3298 694 3357 sancta
707 3299 810 3357 mater
824 3292 958 3357 ecclesia
975 3293 1121 3371 Romana,
1144 3291 1204 3356 sub
1220 3309 1351 3359 excom-

153 3392 376 3458 municationis
408 3409 518 3473 poena.
561 3392 603 3456 Et
630 3394 657 3457 si
680 3393 750 3474 quis
773 3398 884 3457 contra
905 3392 1069 3474 praedicta
1089 3395 1348 3471 murmuraverit

155 3493 194 3557 D.
230 3494 495 3575 archiepiscopus
528 3492 665 3557 intendit
698 3499 731 3556 et
764 3493 831 3557 vult
862 3492 1036 3574 procedere
1068 3497 1181 3557 contra
1210 3493 1348 3559 eundem

153 3612 212 3675 per
233 3593 371 3673 rigorem
389 3594 481 3675 jnris.

650 3743 848 3754 -ι-ι-ι-

548 3858 590 3924 (r)
626 3861 690 3922 „ne
707 3861 787 3913 tibris
811 3859 938 3930 Wrcafr‘

250 3995 289 4060 lt.
317 3994 505 4073 Mandatur,
542 3995 625 4076 quod
662 3995 759 4060 libros
781 3996 899 4061 Wiclel
931 3995 1013 4061 inlra
1047 3995 1120 4061 binc
1155 4003 1191 4061 et
1224 3996 1338 4062 festum

150 4096 180 4162 S.
203 4097 350 4178 Procopii
373 4096 404 4160 in
428 4095 616 4160 cancellaria
638 4103 805 4178 reponant,
835 4103 967 4178 propter
995 4114 1122 4162 errores
1142 4096 1175 4160 in
1198 4097 1246 4162 eis
1268 4114 1336 4161 con·

150 4205 255 4262 tentos
279 4196 494 4277 corrigendos.
603 4228 606 4233 ·
