2992 5258
350 390 434 464 'Ordo
452 403 614 477 procedendi
631 407 659 462 ln
676 388 759 463 causa
776 407 816 461 M.
831 408 857 461 J.
875 407 944 468 Hos.
964 409 1035 463 1414.
1230 395 1292 476 ’189

202 598 247 674 Et
268 610 341 691 quia
362 611 496 693 primum
516 608 698 676 mandatum
718 609 778 676 luit
800 609 985 676 irrationale
1008 615 1040 675 et
1063 615 1175 677 contra
1194 608 1291 677 liher-

109 718 190 779 tates
212 718 245 778 et
266 709 432 793 privilegia
452 708 678 790 universitatis,
701 718 778 794 puta
799 711 839 776 de
861 712 1056 793 repositione
1078 707 1231 794 librorum
1253 709 1294 776 ad

110 811 369 892 comburendum,
396 816 429 876 et
450 811 623 876 secundum
650 811 832 877 mandatum
854 830 924 877 cum
946 810 1129 879 continebat
1151 809 1293 894 errorem

109 910 346 990 intolerabilem,
369 911 430 977 imo
449 911 614 992 haeresim,
638 929 707 976 cum
728 918 802 994 post
816 911 1085 977 consecrationem
1107 906 1293 976 non‘sdlum

109 1019 157 1077 est
178 1028 293 1095 corpus
315 1009 433 1076 Christi
462 1008 714 1077 in'sacramento
737 1012 925 1091 venerabili,
955 1030 1015 1077 nec
1036 1012 1137 1076 solum
1164 1007 1292 1090 sanguis

108 1111 139 1175 in
171 1110 285 1176 calice:
314 1110 386 1176 ideo
409 1112 448 1176 ah
471 1111 533 1177 illis
555 1110 712 1178 mandatis
733 1111 793 1178 fuit
814 1113 1007 1195 appellatum
1027 1111 1068 1177 ad
1089 1106 1200 1177 sedem
1218 1127 1293 1193 apo

110 1210 250 1275 stolicam
273 1219 415 1293 tempore
437 1211 584 1292 Gregorii
605 1211 676 1277 XII.

204 1309 339 1375 Demum
371 1311 408 1375 I).
438 1311 562 1393 Sbynco
601 1330 666 1378 non
697 1311 806 1377 valens
835 1312 869 1377 in
901 1312 950 1376 his
979 1329 1068 1376 suam
1099 1309 1294 1376 voluntatem

110 1406 271 1490 perficere,
293 1413 440 1494 exposuit
461 1412 523 1494 ipsi
545 1431 645 1496 papae
661 1411 816 1494 Gregorio
831 1412 902 1493 XII,
925 1417 1052 1494 etpost
1078 1412 1294 1480 reversionem
1340 1490 1343 1495 ,

109 1527 195 1573 suam
221 1509 262 1574 ad
290 1512 503 1577 obedientiam
525 1511 563 1576 D.
586 1511 765 1577 Alexandro
793 1514 918 1593 quinto,
951 1509 1106 1593 quomodo
1137 1509 1172 1578 in
1192 1508 1293 1590 regno

111 1607 288 1691 Bohemiae,
310 1611 343 1675 in
370 1611 498 1677 civitate
517 1613 671 1695 Pragensi
700 1618 733 1677 et
760 1613 977 1678 marchionatu
999 1609 1160 1676 hloraviae
1189 1611 1293 1696 pullu,-

110 1709 228 1777 lassent
250 1728 376 1777 errores
398 1717 432 1777 et
452 1713 602 1778 haereses
629 1731 668 1777 ex
690 1713 780 1778 libris
794 1712 912 1777 Wiclel
929 1716 963 1777 et
984 1729 1025 1776 ex
1044 1704 1184 1775 incautis
1201 1728 1294 1792 prae·

110 1807 327 1890 dirutionibus,
349 1830 429 1892 quae
444 1810 525 1877 fiunt
539 1812 570 1876 in
585 1811 716 1895 capellis
737 1813 770 1878 in
793 1813 921 1878 civitate
942 1818 975 1877 et
996 1811 1116 1876 diocesi
1130 1811 1293 1892 Pragensi.

111 1906 150 1973 Et
170 1908 209 1972 Ι).
230 1910 410 1976 Alexander
437 1910 566 1983 sinistre
596 1919 629 1978 ct
653 1912 803 1977 mendose
832 1911 1025 1991 informatus,
1055 1911 1215 1977 mandavit
1234 1930 1294 1994 per

112 2011 298 2092 rescriptum
320 2029 411 2076 suum
431 2011 516 2077 dicto
539 2012 576 2077 D.
593 2011 759 2094 Sbynconi,
782 2019 819 2077 ut
840 2010 1035 2093 diligentiam
1053 2019 1240 2093 apponeret,
1262 2017 1295 2080 et

112 2110 137 2174 si
157 2111 211 2190 qui
234 2117 310 2175 sunt
331 2130 458 2177 errores
480 2113 531 2177 vel
553 2113 712 2192 haereses,
735 2112 941 2195 exstirparet;
964 2117 997 2178 et
1017 2109 1187 2191 mandavit,
1209 2106 1294 2194 quod

111 2209 219 2275 nullibi
241 2211 480 2292 praedicaretur
500 2214 631 2279 verbum
656 2212 708 2278 dei
735 2213 776 2278 ad
803 2212 968 2296 populum,
999 2212 1062 2277 nisi
1089 2213 1122 2277 in
1151 2212 1293 2278 ecclesiis

112 2309 353 2390 cathedralibus,
374 2313 557 2393 collegiatis,
578 2311 780 2379 monasteriis
795 2318 828 2377 et
842 2312 1083 2395 parochialibus,
1105 2308 1239 2378 sednon
1260 2311 1294 2376 in

113 2409 239 2491 capehis
253 2409 349 2475 etiam
364 2411 403 2476 ad
419 2411 479 2477 boc
500 2431 519 2476 a
540 2413 616 2478 sede
634 2413 809 2494 apostolica
823 2411 1014 2477 confirmatis
1029 2418 1062 2478 et
1077 2410 1293 2494 privilegiatis.

207 2510 250 2576 Et
271 2512 345 2591 quia
365 2511 482 2577 dictum
505 2512 604 2594 ipsius
619 2531 720 2595 papae
736 2512 904 2578 Alexandri
920 2513 1110 2594 rescriptum
1124 2511 1183 2576 luit
1198 2510 1295 2576 tacita

112 2611 243 2675 veritate
266 2618 418 2692 suggesta
438 2612 576 2677 falsitate
597 2613 784 2696 surreptitIe
806 2614 1018 2695 impetratum,
1042 2629 1079 2677 eo
1095 2609 1179 2694 quod
1194 2626 1295 2692 usquo

111 2697 309 2790 praesentem
342 2711 425 2776 diem
453 2713 557 2776 nullus
579 2713 740 2778 Bohemus
762 2713 801 2779 ab
823 2713 877 2778 illo
910 2718 1052 2794 tempore
1074 2719 1125 2776 est
1144 2711 1294 2776 inventus

112 2810 254 2890 pertinax
279 2812 468 2891 haereticus,
491 2820 527 2877 ut
552 2813 630 2878 false
660 2813 945 2896 praetendebatur,
978 2819 1045 2879 tum
1078 2810 1187 2890 etiam,
1221 2800 1295 2892 quia

111 2910 240 2975 verbum
261 2909 313 2974 dei
334 2929 398 2977 non
420 2911 516 2977 debet
537 2932 556 2978 a
577 2913 707 2995 capellis
729 2912 861 2992 excludi,
893 2931 962 2977 cum
989 2929 1053 2975 non
1081 2909 1197 2976 debeat
1223 2927 1295 2987 esse

110 3009 277 3090 alligatum,
292 3028 363 3076 cum
377 3013 494 3078 multae
510 3012 575 3077 sint
589 3013 728 3094 capellae
744 3013 776 3077 in
792 3030 890 3092 regnu
906 3009 1076 3077 Bohemiae
1091 3026 1150 3092 pro
1167 3006 1294 3090 praedi·

110 3110 232 3175 catione
246 3108 335 3174 verbi
357 3109 408 3176 dei
429 3112 470 3176 ad
491 3113 641 3194 populum
656 3113 688 3176 in
704 3110 858 3176 beneficia
872 3118 1028 3192 perpetua
1043 3128 1101 3191 per
1115 3107 1296 3173 ordinarios

111 3211 259 3275 canonice
279 3209 439 3292 fundatae,
466 3219 592 3278 erectae
621 3219 653 3277 et
675 3213 802 3277 dotatae
825 3218 858 3277 et
880 3229 938 3293 per
960 3208 1067 3275 sedem
1090 3207 1297 3290 apostolicam

108 3307 324 3387 confirmatae;
353 3317 421 3375 tnm
449 3313 559 3391 etiam,
592 3312 667 3393 quia
689 3312 726 3376 D.
756 3312 880 3393 Sbynco
908 3310 1006 3374 libros
1037 3306 1154 3373 Wiclei
1181 3306 1297 3371 nedum

106 3408 313 3488 examinatos,
335 3409 392 3474 sed
406 3428 465 3476 nec
486 3412 654 3493 perlectos,
678 3430 736 3495 per
758 3429 846 3476 suam
868 3408 1074 3475 diffinativam
1105 3407 1297 3472 sententiam

104 3508 183 3575 fecit
203 3508 279 3588 igne
301 3512 511 3576 concremari:
543 3512 614 3577 ideo
637 3531 676 3578 ex
697 3513 747 3577 his
770 3518 803 3576 et
823 3511 893 3576 aliis
915 3509 1018 3575 causis
1040 3507 1100 3573 iuit
1120 3506 1236 3587 iterum
1256 3504 1296 3569 ad

103 3609 217 3673 sedem
238 3609 443 3690 apostolicam
464 3612 674 3693 appellatum
701 3619 735 3678 et
756 3629 850 3676 causa
871 3610 930 3674 iuit
951 3608 1077 3692 publice
1099 3626 1157 3690 per
1178 3623 1295 3689 propo·

98 3709 253 3773 sitionem
275 3709 526 3776 consistorialem
548 3719 635 3778 certo
658 3713 825 3777 commissa
845 3710 998 3776 auditori.

207 3807 347 3873 Tandem
370 3828 464 3875 causa
484 3813 706 3894 appellationis
733 3811 871 3878 nondum
907 3811 1070 3889 inchoata,
1108 3813 1141 3873 et
1169 3805 1297 3885 domino

101 3905 288 3975 Alexandro
303 3909 461 3991 defuncto,
477 3911 621 3977 dominus
635 3930 718 3994 papa
728 3913 868 3978 Joannes
880 3911 987 3974 XXIII
1002 3926 1127 3974 causam
1144 3906 1296 3988 praemis-

102 4024 174 4072 sam
202 4015 340 4088 quatuor
374 4012 529 4078 commisit
557 4012 777 4091 cardinalibus,
805 4012 858 4092 qui
892 4011 1100 4075 convocantes
1128 4007 1294 4070 universos

102 4106 257 4172 doctores
290 4109 485 4191 theologIae,
517 4117 592 4176 tunc
623 4112 785 4178 BononIae
824 4109 1020 4188 existentes,
1051 4107 1149 4172 libros
1182 4098 1300 4167 WIclei
1399 4156 1403 4167 ,

105 4207 332 4273 examinandos
354 4211 593 4293 commiserunt,
626 4213 680 4277 ubi
701 4213 787 4278 inter
807 4214 916 4275 cetera
930 4225 989 4290 per
1006 4207 1157 4290 majorem
1172 4207 1300 4286 partem·

107 4306 168 4371 fuit
200 4310 401 4390 conclusum,
435 4310 518 4391 quod
550 4313 624 4378 libri
655 4310 773 4378 Wiclei
801 4329 865 4377 non
897 4307 1034 4374 debeant
1066 4302 1209 4370 comburi
1236 4319 1297 4385 per

109 4405 285 4486 praefatum
308 4408 346 4473 Ι).
369 4409 575 4492 Sbynconem.
1099 4422 1105 4434 “

207 4506 340 4572 Demum
356 4510 482 4590 quidam
496 4512 612 4577 aemuli
627 4514 864 4594 proposuerunt
883 4508 921 4572 Ι).
936 4506 1055 4573 loanni
1074 4520 1190 4586 papae,
1211 4500 1295 4584 quod

111 4603 151 4669 M.
165 4606 304 4674 Joannes
319 4609 388 4674 Hus
404 4612 621 4694 praedicasset
634 4613 756 4677 multos·
766 4626 893 4678 errores
913 4616 947 4675 et
965 4607 1124 4685 haereses,
1147 4609 1294 4686 petentes
