2992 5258
313 421 482 492 Responsum
499 422 538 478 hl.
556 424 581 479 J.
599 423 658 478 llus
675 422 710 478 ud
728 421 856 482 articulos
871 425 962 481 Patet
981 426 1056 483 141³.
1229 431 1292 495 213

10 656 13 721 t
107 626 214 697 positio,
237 626 301 686 scit.
323 628 401 700 quod
423 627 528 702 aliquis
550 633 649 701 potest
670 629 749 689 licite
771 629 944 702 praedicare
966 635 1068 689 contra
1088 628 1292 690 inhibitionem

10 740 13 749 ·
106 726 233 799 papalem
254 743 309 800 per
329 727 463 788 dominos
485 729 658 798 cardinales,
681 731 731 802 qui
752 735 855 789 contra
875 730 1076 789 inhibitionem
1097 745 1191 802 pupae
1215 729 1290 788 Gre-

10 892 12 897 ,
105 827 245 897 goriinl
259 833 327 885 ante
350 844 431 887 suam
452 828 667 902 depositionem
689 829 859 889 direxerunt
884 829 1038 903 magistros
1059 829 1097 887 ad
1119 828 1290 900 praedicau-

10 910 12 975 l
105 924 164 983 dum
185 933 290 986 contra
309 928 409 1001 ipsum
430 943 485 999 per
505 944 603 1002 regua,
626 929 675 1002 qui
697 930 904 1001 praedicarunt
925 935 1027 989 contra
1047 929 1142 1001 ipsum
1162 929 1291 987 noudum

102 1023 264 1097 depositum
287 1042 305 1084 a
326 1034 443 1100 papatu.

192 1125 269 1183 item
290 1133 389 1197 potest
410 1127 515 1200 aliquis
537 1127 708 1200 praedicare
727 1133 832 1186 contra
853 1127 1055 1187 inhibitionem
1078 1126 1213 1200 papalem
1236 1126 1290 1185 sub

95 1225 307 1297 appellatione.

196 1326 247 1385 24.
271 1325 503 1398 capitutotxin
526 1326 601 1387 fine:
627 1328 732 1402 „Papa
752 1345 814 1387 non
834 1328 906 1402 quia
928 1330 1003 1388 tenet
1027 1327 1106 1387 vices
1125 1326 1217 1397 Petri,
1238 1325 1291 1385 ced

86 1425 164 1496 quatu
185 1424 272 1485 natet
291 1442 427 1500 mapsam
449 1426 642 1496 dotationem,
672 1427 737 1486 ideo
759 1430 801 1485 cst
821 1428 1053 1486 sanctissinum
1095 1428 1157 1486 Ista
1178 1441 1287 1499 propo·

85 1526 161 1584 sitio
184 1540 245 1584 uon
267 1526 363 1584 estin
385 1526 495 1596 libello,
524 1527 577 1586 sed
599 1528 677 1588 ista:
706 1528 771 1585 h'on
794 1528 879 1598 enim,
907 1528 975 1600 quia
1003 1527 1082 1586 vices
1104 1532 1186 1585 tenet
1207 1526 1289 1585 Petri

78 1634 120 1686 et
153 1627 225 1700 quia
250 1626 341 1685 habet
368 1642 501 1699 magnam
530 1628 719 1704 dotationem,
749 1643 785 1685 ex
815 1643 851 1685 eo
884 1634 930 1686 est
960 1627 1160 1686 sanctissimus
1188 1623 1288 1707 [videl.

77 1727 189 1800 quoad
216 1727 358 1796 meritum,
386 1727 457 1786 licet
484 1728 559 1786 bene
589 1727 684 1801 quoad
713 1728 915 1787 auctoritatam
943 1732 974 1786 et
1004 1723 1153 1805 officium],
1187 1724 1239 1786 sed
1262 1727 1288 1784 si

71 1825 239 1886 Christum
270 1826 400 1899 sequitur
430 1827 461 1885 in
494 1827 664 1896 bumilitate,
696 1827 801 1886 mititia
830 1834 860 1886 ct
884 1826 1026 1900 patientia
1053 1832 1085 1885 et
1115 1826 1217 1885 labore
1251 1841 1288 1885 ex

69 1941 196 2000 magno
219 1925 350 1984 caritatis
371 1926 495 1995 vinculo,
517 1932 585 1986 tuuc
607 1934 652 1985 est
668 1933 786 1986 sauctus
808 1927 904 2000 quoad
926 1932 1090 1999 utrumqne.
1133 1926 1174 1984 Et
1195 1930 1286 1998 patet,

64 2028 157 2098 quia
184 2031 266 2086 sator
294 2024 431 2084 salsitatis
459 2025 593 2086 iuimicus
622 2028 708 2086 homo
742 2032 772 2086 et
802 2027 833 2085 iu
863 2027 959 2086 medio
988 2031 1018 2085 et
1044 2026 1075 2084 iu
1102 2024 1160 2084 fine
1187 2041 1287 2085 varum

65 2126 232 2198 scriptum
254 2125 374 2184 vitiavit.

190 2227 240 2283 25.
263 2224 351 2298 cnp.⁰
374 2226 410 2282 15
434 2224 504 2284 lolio
521 2223 569 2284 3⁰:
595 2227 717 2299 „Papae
732 2228 895 2300 praefectio
911 2230 939 2285 et
953 2225 1097 2286 inermis
1112 2242 1132 2283 a
1149 2221 1287 2283 Caesaris
1311 2302 1315 2309 ³

50 2325 408 2393 pometiamanavitr
432 2326 495 2385 Hoc
517 2327 690 2399 intelligitur
711 2328 806 2400 quoad
821 2327 1023 2399 temporalium
1038 2325 1284 2397 dispensationes.

60 2419 198 2484 Verum
211 2432 259 2484 est
281 2425 376 2498 quoad
399 2425 611 2498 praefecturam
634 2443 723 2499 super
744 2427 817 2486 alias
832 2426 982 2496 ecclesias,
1003 2426 1080 2484 uude
1097 2423 1285 2509 distinctione

62 2523 127 2583 96
150 2524 225 2584 dicit
233 2526 409 2597 Imperator:
431 2525 596 2585 Tribnimus
619 2527 646 2584 ei
669 2532 845 2598 potestatem
867 2533 954 2600 atque
976 2526 1106 2600 vigorem
1121 2531 1151 2583 et
1165 2523 1284 2582 honori·

60 2619 235 2683 ficeutiam
268 2624 457 2697 imperialem,
487 2626 688 2696 decernentes,
722 2631 755 2684 ut
775 2627 967 2699 principatum
992 2631 1093 2685 teneat
1114 2630 1173 2683 tam
1195 2638 1286 2695 snper

59 2724 135 2780 4⁰¹
148 2725 238 2784 sedes
250 2725 484 2795 Alexandrinam,
496 2726 714 2796 Antiochenam,
730 2727 1007 2801 ierosolimitanam,
1017 2723 1284 2796 Constantinopoli·

59 2824 186 2884 tanam
206 2824 316 2884 celsior
337 2832 368 2883 ot
389 2827 528 2898 princeps
550 2828 663 2886 cunctis
685 2827 888 2887 sacerdotibus
910 2827 1008 2885 muudi
1030 2826 1146 2886 existat.

186 2927 260 2984 item
282 2924 469 2984 distinctione
493 2929 531 2985 63
554 2926 703 2986 decretum
725 2929 767 2986 sic
789 2927 875 2987 dicit:
906 2927 971 2999 Ego
996 2925 1163 2984 Lodovicus
1182 2924 1279 2996 Impe-

58 3033 169 3083 rator
196 3026 346 3098 Augustus
379 3031 475 3084 statuo
504 3029 535 3083 et
566 3024 695 3084 concedo
728 3041 783 3096 per
814 3024 871 3084 hoc
907 3030 1022 3096 pactum
1053 3021 1281 3083 confirmationis

59 3131 208 3184 nostrae
238 3124 293 3183 tibi
325 3124 412 3183 beato
434 3124 523 3183 Petro
545 3123 671 3196 principi
692 3123 892 3195 apostolorum
917 3128 947 3182 ct
971 3140 1025 3195 por
1052 3129 1082 3182 te
1110 3123 1219 3182 vicario
1241 3122 1280 3182 D.

60 3214 203 3284 Pascsli
225 3240 336 3283 summo
357 3221 487 3296 pontifici
508 3230 539 3283 et
561 3224 781 3283 successoribus
803 3224 833 3283 in
856 3230 1037 3296 perpetuum,
1059 3224 1135 3284 sicut
1155 3239 1173 3281 a
1193 3239 1279 3295 prae·

68 3320 295 3383 decessoribus
325 3325 434 3383 nostris
461 3341 553 3397 usquo
576 3324 662 3382 modo
691 3325 721 3382 in
743 3330 846 3383 nostra
866 3323 1007 3398 dignitate
1031 3330 1061 3383 et
1081 3329 1227 3396 potestate
1249 3330 1280 3384 et

73 3423 200 3483 ditione
222 3424 359 3482 tenuistis
381 3427 411 3480 ot
433 3422 627 3494 disposuistis,
650 3422 798 3482 civitatem
820 3421 990 3480 Romanam.
1012 3422 1091 3481 Ecca
1113 3422 1279 3482 ostenditur

68 3522 248 3591 praefectio
270 3538 408 3595 papasa
437 3523 585 3592 Caesare,
618 3522 714 3595 quoad
743 3523 817 3583 alias
847 3522 1008 3593 ecclesias,
1041 3523 1137 3596 quoad
1158 3523 1281 3582 Romam

67 3623 251 3698 regendum,
267 3629 298 3682 et
310 3622 406 3696 quoad
418 3623 494 3681 ulios
514 3622 700 3694 sacerdotes;
723 3638 816 3696 aeque
831 3624 906 3682 hene
922 3631 1017 3682 tamen
1033 3631 1134 3683 sancta
1148 3624 1281 3683 Romana

73 3724 211 3783 ecclesia
231 3739 290 3782 uon
312 3721 350 3781 ab
366 3723 510 3794 apostolis
530 3723 577 3780 sel
601 3723 739 3797 Caesare,
764 3723 815 3782 sed
838 3724 962 3795 abipso
986 3723 1104 3783 domino
1125 3725 1278 3797 primatum

74 3823 218 3893 obtinuit,
239 3829 270 3881 et
290 3837 369 3894 papa
388 3823 546 3882 inmediate
567 3823 605 3881 ab
634 3823 700 3896 ipso
723 3825 780 3883 deo
804 3824 955 3894 spirituale
976 3824 1107 3898 regimen
1129 3831 1160 3885 ot
1179 3842 1238 3884 uon
1259 3843 1279 3886 u

78 3922 211 3982 Caesare
232 3924 358 3994 occepit.

183 4026 233 4085 26.
258 4022 343 4098 „Vae
363 4020 436 4094 iilic,
458 4024 510 4098 qui
532 4024 663 4084 videntes
683 4025 716 4083 in
731 4041 818 4097 popu
840 4041 929 4097 opera
946 4022 1061 4084 Christo
1076 4022 1186 4084 directe
1207 4041 1276 4084 core·

85 4123 186 4193 truria,
207 4125 314 4182 cocant
324 4113 389 4181 mem
398 4126 516 4195 panea
529 4126 764 4183 sanctissimnm“
782 4121 891 4205 [quoad
911 4125 1054 4197 meritum,
1072 4123 1142 4183 licet
1162 4125 1278 4196 possint
1316 4106 1321 4121 ’

86 4237 149 4280 eum
179 4221 269 4281 talem
301 4238 407 4281 vocare
430 4230 552 4295 propter
572 4225 776 4284 auctoritatem
798 4231 829 4284 et
850 4221 999 4306 officium}
1029 4226 1091 4285 Ista
1111 4227 1276 4297 propositio

88 4321 225 4389 probatur
252 4322 363 4382 ibidem
393 4323 490 4381 statim
520 4339 575 4397 per
602 4325 675 4383 illud
697 4325 793 4383 Isaiae
817 4323 865 4383 5⁰:
894 4324 956 4383 Vae
980 4327 1029 4400 qui
1051 4326 1150 4385 dicunt
1169 4325 1276 4385 malum

88 4418 198 4480 bonum.
246 4421 333 4482 Unde
365 4422 439 4493 dico,
474 4425 552 4496 quod
584 4425 620 4484 de
656 4441 836 4498 quocumque
865 4425 980 4484 homine
1016 4424 1086 4484 mihi
1119 4432 1275 4497 constaret,

91 4523 159 4592 quod
188 4537 279 4594 opera
308 4520 419 4582 laceret
445 4523 556 4585 directe
579 4525 695 4585 Christo
719 4526 879 4594 contraria,
911 4530 943 4583 ut
971 4525 996 4584 si
1023 4524 1153 4584 viderem
1179 4527 1275 4597 ipsum

90 4618 275 4683 fornicantem
295 4623 344 4683 rel
363 4623 443 4684 aliud
465 4625 575 4686 crimen
597 4625 752 4685 facientem
773 4631 804 4685 et
824 4641 957 4685 vocarem
980 4642 1045 4684 eum
1060 4626 1274 4686 sanctissimum
