2992 5258
371 417 375 425 '
418 418 581 472 ssacarcara
598 415 672 487 apud
689 416 789 471 dames
807 415 936 473 Minores.
971 419 1012 472 'lb
1030 419 1075 472 79·¹
1281 421 1346 486 ‘127

150 621 296 703 abjurare
317 620 469 687 articulos
485 640 543 703 per
565 626 665 687 testes
687 621 784 687 falsos
806 622 882 686 mihi
902 621 1083 704 impositoS,
1106 620 1180 703 quia
1200 621 1371 703 abjurare·

150 727 198 787 cst
217 718 374 802 confiteri,
390 739 425 788 se
440 738 568 787 errores
585 721 635 787 vel
651 740 793 787 errorem
810 722 967 802 tenuisse,
992 728 1026 787 et
1043 722 1083 787 ab
1103 721 1167 786 illis
1183 721 1347 787 discedere

151 824 182 886 et
202 821 385 904 oppositum
415 829 536 888 tenere.
567 822 648 902 Quia
670 823 731 889 scit
752 823 850 904 Deus,
873 822 957 905 quod
978 840 1147 904 numquam
1168 820 1349 905 praedicavi

148 920 220 988 illos
234 938 375 1002 errores,
397 939 478 1004 quos
499 922 607 989 multis
632 924 805 991 subtractis
828 923 1016 989 veritatibus
1039 929 1073 987 et
1086 922 1242 1005 appositis
1263 922 1349 989 falsi-

149 1021 268 1088 tatibus
289 1019 520 1089 confinxerunt.
536 1022 763 1090 Libentissime
777 1030 895 1104 autem,
911 1024 939 1089 si
953 1042 1048 1106 quem
1069 1023 1184 1088 scirem
1206 1021 1248 1087 de
1268 1022 1349 1089 meis

149 1121 292 1189 articulis
312 1123 440 1190 veritati
463 1141 535 1191 esse
550 1125 754 1207 contrarium,
778 1126 989 1206 emendarem,
1011 1142 1195 1191 revocarem
1218 1130 1251 1190 et
1280 1124 1349 1206 ejus

151 1223 334 1307 oppositum
347 1223 496 1291 docerem
512 1230 546 1291 et
561 1224 796 1308 praedicarem3
818 1224 876 1291 sed
897 1226 1040 1307 aestimo,
1064 1224 1149 1308 quod
1170 1223 1276 1290 nullus
1299 1229 1350 1291 est

149 1322 209 1406 legi
233 1321 355 1391 Christi
369 1330 404 1390 et
425 1330 609 1391 sanctorum
623 1324 789 1391 doctorum
805 1324 901 1391 dictis
924 1325 1112 1406 contrarius,
1134 1324 1277 1407 quamvis
1298 1323 1350 1389 di·

150 1424 231 1491 citur
251 1423 293 1491 ab
313 1423 393 1506 illis,
424 1425 537 1507 quibus
560 1425 724 1510 displicet,
747 1424 953 1493 scandalosus
975 1425 1026 1491 vel
1048 1443 1211 1491 erroneus.
1256 1423 1348 1490 Unde

149 1525 337 1609 quicumque
365 1543 480 1592 sensus
506 1525 605 1592 falsus
634 1527 667 1591 in
690 1544 888 1608 quocumque
909 1525 1115 1592 articulorum
1134 1525 1225 1608 juxta
1246 1543 1348 1592 meam

150 1624 361 1693 intentionem
397 1625 625 1708 includeretur,
662 1626 750 1693 illum
779 1627 942 1705 detestor,
977 1626 1286 1709 omnipotentissimo
1316 1630 1350 1692 et

150 1725 269 1810 optimo
290 1727 443 1817 magistro
464 1745 515 1792 me
529 1726 571 1792 ad
584 1726 817 1792 correctionem
832 1725 1022 1809 subjiciens,
1045 1725 1207 1793 confidens
1229 1725 1269 1792 de
1291 1744 1349 1792 sua

151 1824 274 1917 infinito
294 1826 522 1908 misericordia,
538 1826 622 1908 quod
643 1828 683 1892 ab
706 1827 839 1893 occultis
861 1827 1002 1910 peccatis
1016 1826 1095 1892 meis
1116 1827 1186 1910 ipse
1201 1846 1251 1892 me
1272 1827 1348 1910 piis·

145 1927 226 1993 aime
255 1928 429 2006 mundabit.
473 1928 643 2009 Regratior
672 1928 816 1993 omnibus
846 1929 936 2010 regni
963 1928 1134 1994 Bobemiae
1166 1927 1347 2007 baronibus,

150 2027 303 2094 militibus
326 2035 361 2095 et
380 2029 560 2108 clientibus,
583 2035 616 2093 et
638 2029 827 2111 praesertim
855 2029 925 2110 regi
942 2028 1127 2094 Wenceslso
1149 2038 1183 2095 et
1205 2028 1349 2093 dominae
1397 2108 1406 2125 ι

150 2127 279 2210 reginae
294 2148 384 2195 meae
398 2129 560 2211 gratiosae
571 2127 716 2194 dominae
733 2129 901 2209 regratior,
925 2128 1009 2210 quod
1021 2149 1071 2196 me
1085 2129 1274 2209 dilexerunt,
1297 2127 1348 2211 pie

151 2233 369 2296 bmtaverunt
390 2235 424 2295 et
445 2227 642 2310 diligentiam
657 2247 716 2311 pro
738 2229 800 2294 mei
822 2229 1011 2295 liberatione
1034 2235 1263 2312 apposuerunt.
1286 2229 1349 2293 Re·

152 2330 271 2410 gratior
285 2329 381 2396 etiam
403 2329 472 2411 regi
488 2328 689 2411 sigismundo
704 2329 744 2394 de
760 2330 843 2394 omni
866 2329 965 2410 bono,
989 2330 1075 2412 quod
1095 2329 1172 2396 mihi
1194 2329 1347 2395 exhibuit.

153 2428 319 2512 Regratior
334 2430 478 2497 omnibus
501 2429 636 2495 dominis
652 2430 801 2495 Bobemis
823 2436 857 2494 et
879 2430 1014 2495 dominis
1037 2429 1174 2509 Polonis,
1199 2429 1252 2510 qrri
1274 2447 1349 2495 con·

155 2534 276 2596 stanter
303 2538 337 2598 et
358 2529 491 2596 firmiter
506 2549 541 2596 se
564 2549 622 2613 pro
646 2531 780 2597 veritate
796 2538 830 2595 et
850 2550 909 2615 pro
932 2531 993 2596 mci
1015 2530 1205 2596 liberatione
1228 2529 1347 2596 habue-
1414 2536 1418 2545 '

154 2637 233 2711 runt,
256 2648 391 2713 quorum
413 2632 551 2697 omnium
572 2638 649 2714 opto
672 2632 816 2715 salutem,
838 2650 923 2697 nunc
945 2633 977 2696 in
1000 2633 1103 2712 gratia
1125 2639 1158 2698 et
1180 2636 1292 2714 postes
1313 2630 1347 2694 iu

155 2730 251 2810 gloria
279 2731 483 2814 sempiterna.
506 2732 594 2797 Deus
616 2733 716 2798 omnis
738 2733 862 2814 gratiae
885 2732 981 2798 vitam
1001 2738 1140 2799 vestram
1169 2751 1240 2796 cum
1262 2731 1347 2797 soni-

156 2835 216 2896 tate
237 2831 362 2898 animae
382 2839 417 2898 et
438 2833 582 2914 corporis
604 2833 813 2916 perducat'ad
836 2832 1028 2912 Bobemiam,
1048 2838 1087 2897 ut
1107 2832 1141 2896 in
1163 2832 1234 2914 ipsa
1255 2831 1347 2896 Chri·

156 2936 199 2998 sto
226 2932 298 3014 regi
327 2932 504 2998 servientes
526 2933 571 3024 ad
595 2933 691 2999 vitam
712 2932 834 3013 gloriae
851 2935 1003 2999 >veniatis
1025 2931 1217 2998 Salutabitis
1239 2949 1348 2997 omnes

158 3033 276 3117 amicos,
313 3051 392 3116 quos
415 3052 477 3099 non
500 3051 629 3117 possum
651 3033 804 3115 scribere,
838 3039 872 3098 et
903 3034 930 3098 si
953 3034 1074 3115 aliquos
1107 3032 1281 3100 scriberem
1317 3039 1350 3096 et

151 3132 228 3199 alios
242 3152 317 3215 uon,
332 3133 460 3199 viderer
475 3134 521 3200 eis
544 3153 616 3200 esse
638 3141 789 3217 acceptor
803 3152 1020 3217 personarum,
1043 3139 1076 3198 et
1089 3149 1168 3215 quos
1191 3149 1253 3196 non
1266 3132 1347 3196 scri-

159 3231 267 3316 berem,
283 3235 499 3316 aestimarent,
515 3235 599 3316 quod
614 3240 723 3301 eorum
739 3235 922 3301 memoriam
937 3252 1000 3299 non
1015 3234 1175 3311 haberem,
1191 3232 1241 3296 vel
1263 3230 1347 3313 quod
1466 3245 1468 3248 ⁴

160 3333 236 3416 ipsos
257 3353 322 3401 non
354 3335 531 3419 diligerem,
561 3345 596 3400 ut
618 3336 777 3401 deberem.
817 3335 975 3418 Scriptum
997 3335 1029 3398 in
1052 3350 1190 3411 carcere,
1226 3332 1257 3395 in
1282 3331 1347 3396 vin·

161 3435 243 3516 ordis,
262 3436 320 3501 ier.
344 3436 387 3501 VI
409 3444 484 3502 aute
505 3435 621 3502 festum
643 3435 745 3500 sancti
766 3436 900 3501 loannis
923 3435 1095 3518 Baptistae.

348 3537 488 3603 loannes
510 3536 579 3600 Hus
602 3535 635 3599 in
657 3554 713 3617 spe
737 3554 849 3600 servus
870 3536 950 3600 lesu
972 3534 1108 3616 Christi,
1138 3534 1268 3618 acujus
1290 3550 1348 3614 spe
1394 3544 1401 3556 ·

434 3655 600 3718 numquam
623 3636 767 3702 diabolus
790 3637 895 3719 potuit
922 3656 972 3701 me
1003 3652 1154 3719 separare
1176 3653 1235 3701 uec
1257 3651 1348 3717 sepa·

432 3737 531 3819 rabit,
560 3742 746 3820 praestante
775 3744 868 3819 patre
897 3742 931 3803 et
951 3734 1017 3801 filio
1041 3743 1074 3801 et
1096 3735 1212 3819 spiritu
1236 3740 1347 3802 sancto

433 3839 466 3904 in
487 3838 595 3904 secula
616 3837 795 3904 seculorum
817 3836 995 3903 benedicto.
1038 3837 1148 3903 Amen.

248 3954 277 4009 Β
292 3955 355 4009 MS.
374 3954 500 4010 Mloderc
515 3971 546 4024 p.
564 3954 609 4009 81.
645 3953 732 4008 MSS.
761 3953 853 4007 Victus.
873 3952 959 4015 4524,
981 3954 1005 4023 f·
1024 3953 1070 4008 80.
1091 3984 1121 3992 -
1139 3951 1224 4014 4557,
1237 3951 1263 4020 f.
1281 3950 1348 4006 150.

162 4032 214 4089 HS.
232 4039 316 4108 capit.
336 4037 427 4109 Pray.
443 4039 468 4111 j.
488 4038 530 4093 74.

121 4145 126 4153 ·
249 4122 325 4176 Eds.
343 4125 374 4176 ia
391 4125 448 4192 Ep.
464 4125 543 4193 plica.
562 4125 595 4176 E.
613 4124 641 4176 5.
662 4124 735 4193 Opp.
754 4123 828 4187 Huc,
846 4124 870 4185 1,
889 4121 927 4175 64
945 4132 970 4175 el
988 4121 1034 4174 82.

653 4411 851 4422 ——-—-——
