2992 5258
152 391 213 452 330
390 382 593 437 Controversiae
612 381 645 436 de
663 381 793 449 religione
811 382 839 435 iu
857 381 999 436 Bohemia:
1019 383 1098 437 1408:

248 585 301 652 31.
324 586 362 650 It.
378 590 512 667 peccaut
528 583 702 650 ‘fundantes
725 585 871 665 claustra
895 589 928 650 et
949 584 1167 666 ingredientes
1188 593 1265 653 sunt
1286 587 1347 652 riri

152 688 307 754 diabolici.

251 795 299 853 32.
322 789 434 854 Ditare
457 787 576 854 clerum
599 793 649 852 est
670 793 782 853 contra
803 787 946 868 regulam
969 785 1098 852 Christi.

250 914 299 973 33.
333 908 486 973 Silvester
513 925 596 989 papa
621 910 654 969 et
684 903 910 970 Constantinus
942 907 1118 987 imperator
1152 912 1345 972 erraverunt

151 1011 289 1080 dotando
317 1009 491 1075 ecclesiam.
535 1007 572 1071 lt.
600 1007 722 1071 inducit
751 1023 844 1086 reges
874 1012 908 1071 et
930 1007 1091 1089 principes
1113 1007 1288 1087 seculares,
1309 1013 1347 1073 ut

151 1116 233 1180 bona
255 1130 364 1178 eorum
387 1109 447 1174 sibi
469 1108 675 1188 incorporent
696 1114 729 1171 et
745 1106 882 1188 spolient
898 1124 962 1187 eos,
986 1113 1020 1172 ct
1034 1108 1217 1173 universum
1232 1106 1348 1174 laicum

152 1214 264 1280 incitat
286 1216 399 1278 contra
419 1227 483 1275 ecs.

251 1318 299 1380 34.
322 1311 403 1376 ltcm
432 1309 509 1374 dicit
542 1326 651 1374 omues
673 1309 713 1374 de
736 1309 848 1374 ordina
870 1309 1116 1376 mendicantium
1138 1328 1210 1377 esse
1231 1312 1348 1379 hacre-

151 1416 241 1494 ticos,
264 1419 297 1478 ct
318 1412 431 1477 dantes
453 1410 500 1476 eis
523 1409 736 1492 elemosynam
758 1427 830 1475 esse
853 1411 1150 1477 excommunicatos.

250 1535 299 1597 35.
322 1529 364 1594 lit
386 1529 469 1610 quod
491 1527 674 1609 ingrediens
697 1528 840 1593 ordinem
862 1530 1077 1613 autaliquem
1099 1528 1291 1611 religionem
1307 1549 1347 1598 eo

150 1634 220 1716 ipso
235 1631 383 1698 inhabilis
399 1631 441 1695 sit
455 1629 494 1694 ad
510 1629 701 1694 servandum
712 1629 818 1694 divina
829 1636 1010 1712 praecepte,
1027 1637 1060 1696 et
1071 1648 1131 1713 per
1142 1647 1345 1713 consequeus

74 1751 77 1756 ·
152 1732 357 1817 perveniendi
385 1730 424 1796 ad
452 1747 584 1811 regnum
614 1730 783 1809 coelorum,
815 1729 877 1794 nisi
899 1731 1131 1812 apostataverit
1152 1731 1193 1813 ab
1215 1732 1347 1799 eisdem.

151 1834 193 1898 Et
221 1833 268 1898 sic
299 1830 413 1896 suadet
440 1830 614 1912 apostasim
645 1835 678 1894 et
698 1829 799 1895 multa
820 1830 882 1895 alia
904 1831 1046 1896 enormia
1066 1830 1210 1897 invenies
1233 1832 1267 1898 iu
1288 1850 1348 1899 suc

151 1933 283 2013 Dialogo
311 1938 345 1996 et
372 1932 480 2014 plures
509 1947 636 1995 errores
665 1930 697 1994 iu
729 1948 787 1995 suo
809 1931 957 2011 Trialogo
981 1936 1014 1997 et
1035 1932 1105 1997 aliis
1127 1931 1229 2013 libris,
1252 1939 1350 2016 prout

153 2039 244 2117 patet
266 2032 298 2096 iu
321 2031 463 2097 articulis
484 2029 640 2096 damnatis
663 2031 802 2113 repertis
824 2033 856 2096 iu
878 2031 970 2096 libris
992 2032 1067 2096 suis.
1117 2064 1120 2069 ·

250 2150 299 2215 36.
322 2148 402 2213 ltem
424 2167 507 2230 papa
523 2167 592 2212 cum
607 2148 752 2213 omnibus
767 2147 891 2214 clericis
907 2149 973 2214 suis
988 2149 1209 2231 possessiones
1224 2147 1345 2216 habeu-

151 2250 236 2316 tibus
267 2255 317 2314 est
347 2249 536 2328 haereticus,
565 2266 604 2313 eo
633 2249 717 2331 quod
738 2249 960 2332 possessiones
981 2250 1087 2330 habet
1110 2256 1143 2316 et
1165 2267 1278 2316 omues
1300 2250 1346 2317 eis

152 2350 398 2429 consentientes,
429 2349 494 2416 scil.
525 2350 643 2415 domini
671 2350 833 2416 seculares
865 2357 898 2416 et
925 2350 1026 2417 ceteri
1047 2351 1135 2429 laici3
1158 2355 1192 2416 et
1213 2356 1348 2434 propter

151 2453 212 2518 hoc
244 2470 327 2534 papa
359 2449 516 2517 neminem
549 2450 645 2515 hahet
683 2450 828 2533 judicare
861 2449 901 2516 de
938 2451 1080 2531 haeresi,
1115 2468 1153 2516 co
1187 2451 1273 2531 quod
1305 2450 1346 2517 sit

152 2553 341 2617 hacreticus,

253 2654 302 2718 37.
324 2651 364 2717 1t.
394 2650 530 2717 ecclesia
551 2651 691 2716 Romana
719 2659 769 2715 est
798 2667 959 2734 synagoga
987 2649 1137 2725 Satanae,
1171 2668 1233 2718 nec
1265 2671 1346 2735 papa

154 2761 203 2818 est
224 2751 423 2818 immediatus
445 2756 478 2817 et
500 2751 662 2834 proximus
685 2752 819 2816 vicarius
843 2751 961 2818 Christi
984 2757 1016 2818 et
1038 2750 1265 2834 apostolorum.

251 2873 301 2935 38.
323 2870 362 2936 It.
395 2869 572 2936 decretales
600 2868 754 2951 epistolae
785 2875 859 2933 suut
888 2869 1097 2951 apocryphae,
1128 2875 1161 2935 ct
1190 2870 1347 2937 seducunt

152 2969 253 3036 afide
277 2970 404 3050 Christi,
428 2976 461 3035 et
482 2969 590 3035 clerici
612 2975 687 3034 sunt
707 2970 797 3035 stulti
820 2987 859 3033 ex
881 2986 929 3049 eo,
952 2970 1036 3051 quod
1059 2987 1112 3035 eas
1134 2969 1277 3037 student.

253 3091 303 3155 39.
325 3088 504 3171 Imperator
530 3093 564 3153 et
592 3087 710 3152 domiui
737 3088 897 3153 seculares
926 3086 1048 3152 seducti
1071 3093 1146 3153 sunt
1167 3106 1187 3152 a
1209 3086 1346 3168 diabolo,

152 3194 188 3254 ut
208 3188 360 3255 ecclesias
383 3187 531 3254 dotarent
553 3188 706 3253 debonis
730 3187 967 3269 temporalibus.

249 3294 300 3356 40.
323 3289 361 3355 It.
384 3290 498 3354 electio
521 3308 622 3371 papae
644 3309 663 3354 a
685 3288 897 3353 cardinalibus
912 3307 970 3371 por
985 3288 1145 3353 diabolum
1161 3288 1347 3355 introducta

152 3396 209 3454 est.
253 3388 329 3453 ldeo
360 3388 474 3455 suadet
502 3408 521 3454 a
542 3408 626 3471 papa
647 3396 680 3453 et
702 3409 721 3453 a
742 3388 954 3453 cardinalibus
977 3388 1130 3454 recedere
1153 3395 1186 3454 et
1209 3406 1245 3453 se
1271 3390 1343 3454 sim·

152 3491 278 3573 pliciter
301 3490 360 3556 deo
383 3491 591 3556 committere.

250 3596 300 3657 41.
323 3592 362 3657 lt.
391 3609 455 3656 non
485 3598 535 3655 est
556 3590 596 3655 de
627 3589 820 3655 necessitate
848 3589 977 3668 salutis,
1008 3589 1151 3669 credere,
1173 3588 1348 3673 Romanam

152 3692 318 3758 ecclesiam
340 3709 411 3757 esse
434 3707 613 3773 supremam
635 3691 720 3755 iuter
741 3689 820 3755 olias
843 3690 1003 3755 ecclesias.

250 3798 299 3859 42.
316 3794 395 3860 Item
403 3793 522 3859 fatuum
531 3799 590 3873 est,
598 3792 731 3859 credere
740 3792 954 3872 indulgentias
963 3809 1065 3874 papae
1073 3793 1347 3875 etepiscoporum

249 3899 300 3960 43.
326 3895 514 3960 duramenta
548 3893 659 3959 illicita
694 3902 786 3971 sunt,
824 3911 904 3975 quae
939 3890 1019 3957 liunt
1055 3892 1095 3958 ad
1132 3890 1347 3960 roborandum

151 3995 304 4061 humanos
326 4002 509 4062 contractus
532 4000 565 4060 et
586 3993 775 4060 commercia
798 3993 910 4058 civilia.

248 4112 359 4178 4414.
391 4112 597 4192 Atrgustinas
620 4111 821 4189 Benedictus,
844 4110 1051 4176 Bernhardus
1084 4107 1225 4176 damnati
1258 4116 1347 4191 suut,

152 4212 213 4276 nisi
235 4211 463 4294 poenituerunt
485 4211 525 4276 de
546 4213 616 4292 hoc,
639 4210 723 4292 quod
749 4210 930 4276 habueruut
952 4209 1182 4292 possessiones,
1206 4218 1240 4275 et
1254 4211 1345 4277 iusti·

152 4319 283 4378 tucrnnt
316 4320 349 4378 et
383 4312 584 4378 intraverunt
616 4311 796 4393 religiones.
840 4310 884 4376 Et
915 4311 961 4377 sic
994 4330 1013 4376 a
1048 4329 1130 4392 papa
1166 4328 1271 4392 usquc
1305 4311 1345 4378 ad

151 4410 291 4478 infimum
312 4412 496 4494 religiosum
519 4412 688 4478 habentem
710 4412 945 4494 possessionem
967 4417 1042 4477 sunt
1064 4411 1226 4477 baeretici.

249 4517 299 4579 45.
322 4514 402 4578 ltem
432 4513 510 4579 dicit
532 4529 642 4578 omnes
663 4512 792 4578 ordines
815 4513 983 4594 religiosos
1005 4511 1221 4580 indiffirenter
1242 4514 1343 4579 iutro·

151 4614 263 4679 ductos
285 4633 305 4679 a
327 4613 461 4680 diabolo.
