2992 5258
150 394 211 454 502
405 385 609 439 Controversiam
627 383 661 436 de
679 383 810 449 religione
827 384 861 438 in·
873 384 1013 437 Bobemia:
1034 385 1106 438 1413.

152 591 287 656 ulterius
318 590 493 655 consiliari:
521 589 623 672 primo
651 595 781 655 etanta
807 589 911 654 omnia
933 589 1099 654 consilium
1123 589 1347 670 magistrorum

152 700 185 757 ct
207 691 371 757 doctorum
394 708 547 767 veneror,
570 691 609 755 ad
633 691 674 754 hl.
696 692 724 756 J.
747 691 815 754 Hus
839 690 1024 772 respiciens,
1046 690 1236 756 intentionis
1257 707 1344 756 meae

151 793 283 858 consilia
311 791 497 873 praestabo,
531 796 697 872 postquam
730 791 771 856 ad
801 790 1050 856 destructionem
1080 789 1230 857 infamiae
1261 791 1347 870 regni

150 893 321 959 Bohemiae
345 898 377 957 et
399 892 536 973 partium
554 911 593 956 ex
615 891 780 973 principiis
795 892 1032 971 emergentibus
1054 900 1204 973 oporteat
1226 893 1345 958 instare

146 995 239 1075 juxta
260 1010 370 1058 eorum
393 992 600 1058 conditiones.

251 1100 275 1158 l.
299 1095 402 1158 Primo
426 1100 461 1159 nt
483 1093 761 1185 vicecancellarius
789 1093 885 1157 studii
921 1094 1089 1174 Pragensis
1120 1094 1275 1173 eligatur,
1297 1094 1348 1175 qui

150 1201 257 1260 errata
289 1193 514 1274 magistrorum
548 1198 579 1257 et
613 1193 808 1258 studentium
841 1193 981 1273 inquirat
1013 1199 1046 1259 et
1068 1195 1220 1275 corrigat,
1257 1194 1347 1259 etad

151 1296 335 1360 ulteriorem
358 1293 516 1358 infamiam
539 1294 652 1358 deduci
676 1313 737 1359 non
760 1294 915 1359 admittat.
941 1293 1020 1359 Nam
1043 1314 1081 1360 ex
1104 1295 1199 1377 hujus
1222 1294 1345 1360 defectu

152 1394 360 1460 dissensionis
394 1402 427 1459 et
454 1393 600 1458 infamiae
631 1394 786 1476 principia
817 1395 956 1459 arbitror
985 1394 1147 1472 evenisse3
1171 1403 1205 1460 et
1227 1412 1346 1473 vereor,

151 1495 212 1561 nisi
235 1495 405 1560 obventum
428 1494 534 1571 fuerit,
562 1502 795 1575 consequenter
818 1496 953 1560 evenire.

250 1604 279 1663 2.
302 1594 342 1661 It.
372 1597 445 1676 quia
474 1596 505 1658 iu
536 1595 652 1659 scholis
685 1595 900 1659 uiruversitatis
932 1596 1101 1675 singularis
1131 1594 1347 1660 controversia

151 1703 257 1762 riotam
290 1695 435 1761 infamiae
469 1714 531 1761 non
565 1695 736 1776 sparsisset
769 1695 801 1758 in
838 1695 971 1776 populo,
1004 1696 1064 1758 nisi
1095 1694 1347 1777 praedicationes

152 1799 298 1878 vulgares
332 1798 550 1880 publicassent
591 1796 774 1878 opinionum
808 1797 1054 1861 controversias:
1089 1796 1161 1861 hinc
1200 1796 1346 1873 arbitror,

150 1900 267 1966 debere
283 1899 324 1962 M.
347 1900 366 1963 J
370 1950 376 1962 .
400 1898 469 1962 Hus
485 1917 555 1962 cum
570 1899 636 1961 suis
649 1898 853 1979 complicibus
877 1899 1004 1961 omnino
1020 1914 1158 1974 cessare,
1175 1904 1209 1963 et
1231 1895 1347 1962 debere

154 2000 316 2083 prohiberi
353 2020 372 2062 a
406 1997 710 2079 praedicationibus
746 1998 892 2079 quioniam
929 2016 967 2060 ex
990 1997 1052 2061 illis
1086 1999 1188 2063 omnis
1217 1998 1349 2064 materia

151 2101 298 2167 infamiae
316 2100 355 2164 ab
378 2099 496 2164 exteris
515 2106 547 2164 et
567 2099 774 2163 dissensionis
786 2097 826 2163 ab
837 2098 991 2163 intraneis
1013 2098 1155 2163 noscitur
1178 2097 1348 2179 divulgata.

251 2206 280 2263 3.
305 2201 342 2264 lt.
365 2200 745 2280 quiajuxtaapostolum:
768 2198 924 2279 quomodo
940 2197 1179 2279 praedicabunt,
1201 2199 1264 2263 nisi
1279 2198 1346 2263 mit·

151 2304 282 2369 tantm?
315 2308 348 2365 et
378 2300 403 2364 si
434 2301 520 2364 missi
556 2300 698 2365 indebite
732 2299 859 2377 fuerint,
883 2305 1089 2364 revocentur:
1112 2299 1186 2364 hinc
1209 2300 1347 2376 consulo,

150 2409 306 2485 quatenus
335 2401 403 2465 Hus
427 2419 496 2464 cum
520 2402 585 2464 suis
615 2400 819 2482 complicibus
850 2420 869 2464 a
890 2400 958 2464 loco
982 2399 1170 2464 Bethlehem
1193 2408 1347 2475 arceatur,

149 2522 190 2568 ne
214 2503 378 2585 praedicet
399 2510 557 2582 tamquam
585 2502 678 2583 lupus
701 2520 764 2565 nou
787 2502 971 2575 caritatem,
1007 2517 1088 2581 quae
1110 2500 1290 2566 intenditur
1311 2519 1348 2565 ex

151 2603 388 2685 praedicatione
425 2603 504 2683 legis
528 2604 660 2682 domini,
699 2603 756 2667 sed
779 2602 1009 2667 dissensionem
1033 2620 1217 2684 procurans.
1263 2602 1348 2667 Deus

150 2712 256 2770 autem
280 2714 414 2769 nonest
448 2705 672 2781 dissensionis,
706 2705 763 2769 sed
786 2704 888 2785 pacis,
923 2704 1082 2785 praelatos
1105 2703 1260 2768 ecclesiae
1275 2720 1348 2784 apo·

151 2805 232 2870 stolo
266 2812 498 2870 commonente:
534 2805 701 2869 Attendite
735 2804 823 2869 vobis
858 2810 890 2868 et
912 2804 1060 2868 universo
1090 2804 1199 2885 gregi,
1233 2804 1348 2885 inquo

151 2925 207 2972 vos
230 2906 362 2988 spiritus
385 2912 513 2970 sanctus
536 2906 642 2986 posuit
659 2906 825 2986 episcopos
843 2922 956 2985 regere
972 2904 1138 2970 eeclesiam
1161 2903 1222 2983 dei,
1257 2922 1348 2985 quarn

151 3007 318 3089 acquisivit
350 3007 502 3087 sanguine
536 3025 611 3084 suo;
635 3025 693 3086 ego
727 3007 806 3084 scio,
830 3006 977 3086 qnoniam
1000 3005 1164 3070 intrabunt
1189 3012 1264 3087 post
1284 3005 1348 3071 dis·

151 3108 328 3174 cessionem
350 3126 450 3172 meam
472 3107 537 3187 lupi
562 3125 708 3188 rapaces,
739 3124 800 3169 non
825 3112 993 3188 paroentes
1015 3106 1121 3186 gregi,
1145 3114 1239 3170 etex
1263 3105 1349 3172 vobis

152 3209 229 3292 ipsis
251 3215 424 3288 exsurgent
457 3208 516 3270 viri
546 3207 712 3287 loquentes
735 3225 902 3288 perversa,
937 3213 972 3271 ut
994 3206 1152 3271 abducant
1175 3207 1347 3290 discipulos

152 3315 225 3392 post
246 3326 281 3372 se
298 3308 448 3388 (Actuum
470 3314 532 3385 20).
556 3307 603 3370 De
626 3307 696 3372 istis
714 3308 797 3388 lupis
821 3308 960 3372 salvator·
982 3308 1085 3389 inquit
1108 3307 1280 3391 (Matthaei
1303 3308 1348 3387 il:

152 3407 317 3474 Attendite
346 3428 366 3472 o
397 3408 484 3473 falsis
507 3408 687 3489 prophetis,
721 3410 775 3489 qui
797 3409 929 3472 veniunt
951 3409 991 3473 ad
1014 3427 1069 3473 vos
1092 3410 1124 3473 in
1148 3409 1347 3477 vestimentis

153 3511 272 3588 ovium,
301 3509 494 3573 intrinsecus
516 3516 621 3574 etitem
644 3516 719 3573 suunt
741 3509 805 3591 lupi
829 3528 969 3592 rapaces.
1014 3511 1038 3574 Α
1063 3508 1219 3575 fructibus
1242 3528 1348 3576 eornm

153 3610 351 3692 cognoscetis
375 3626 437 3672 eos.
462 3608 539 3672 Cum
562 3609 644 3673 euim
668 3610 790 3674 fructus
812 3610 855 3675 sit
870 3611 1024 3691 ultimum,
1048 3610 1350 3693 quodexspectatur

153 3714 192 3778 ab
214 3712 341 3787 arbore,
378 3711 521 3790 profecto
551 3710 673 3774 fructus
695 3728 790 3775 verae
824 3710 1072 3793 praedicationis
1097 3728 1160 3776 nou
1184 3717 1234 3776 est
1255 3711 1347 3791 aliud,

152 3801 213 3876 nisi
236 3811 379 3876 dilatatio
396 3810 538 3875 caritatis
561 3810 662 3875 delet
684 3812 826 3892 proximi,
851 3812 977 3877 Christo
994 3814 1120 3877 dicente
1138 3811 1270 3893 (Matmt
1283 3813 1348 3893 22):

152 3913 189 3977 Iu
211 3911 261 3976 his
283 3910 406 3975 duobus
429 3910 584 3975 mandatis
608 3911 755 3976 universa
777 3912 828 3976 lex
851 3913 970 3993 pendet
991 3918 1025 3977 et
1047 3912 1234 3993 prophetae.
1267 3913 1348 3991 Quo·

154 4012 236 4076 niam
260 4012 381 4075 fructus
403 4010 535 4091 spiritus
558 4020 606 4076 est
629 4011 759 4087 caritas,
793 4013 915 4076 inuictus
938 4019 1044 4078 autem
1066 4014 1172 4078 carnis
1194 4018 1270 4079 sunt
1290 4013 1346 4077 ini·

153 4112 305 4189 micitiae,
341 4111 560 4175 contentiones
582 4127 618 4175 tc.
642 4110 704 4192 (nd
728 4112 796 4176 (dal.
819 4112 862 4193 5.)
887 4111 969 4176 Hinc
991 4113 1129 4178 salvator
1150 4110 1211 4179 ait:
1235 4113 1345 4179 lntrin·

153 4229 245 4277 secus
277 4217 399 4290 autem,
434 4211 462 4274 h.
486 4230 513 4274 o.
546 4211 579 4274 in
601 4218 708 4275 niente
742 4219 774 4276 et
800 4214 977 4278 intentione
1011 4232 1120 4278 eorum
1155 4215 1215 4280 hoc
1248 4214 1343 4279 solum

154 4317 308 4380 versatur.
332 4311 415 4393 ipiuod
437 4312 521 4392 apud
538 4312 638 4393 lupos
663 4314 766 4381 ldoan.
793 4317 861 4393 lfllz
883 4315 991 4396 Lupus
1014 4314 1098 4396 rapit
1120 4321 1153 4379 et
1176 4315 1344 4399 dispergit;

153 4412 199 4476 sic
220 4412 303 4493 apud
327 4413 418 4491 istoS,
453 4418 488 4476 ut
510 4429 586 4478 oves
608 4412 795 4493 dispergant
818 4422 851 4479 et
875 4414 1017 4479 lacerent
1038 4436 1057 4480 a
1078 4415 1220 4498 propriis
1243 4422 1341 4499 pasto·

154 4511 251 4575 ribus.
286 4512 402 4589 Quales
426 4530 544 4593 quaeso
566 4512 672 4576 forent
694 4515 829 4594 praelati
853 4515 1017 4595 ecclcsiae,
1040 4516 1101 4581 nisi
1123 4517 1217 4598 lupos
1239 4518 1278 4583 ab
1297 4515 1339 4579 in·

152 4610 322 4676 testatione
346 4612 522 4694 hujusmodi
545 4614 650 4678 ovium
671 4620 846 4679 arcerent?
888 4614 986 4680 Secus
1009 4616 1263 4685 maledictionem
1283 4616 1339 4682 sal·
