<?xml version="1.0" encoding="UTF-8"?>
<!DOCTYPE html PUBLIC "-//W3C//DTD XHTML 1.0 Transitional//EN"
    "http://www.w3.org/TR/xhtml1/DTD/xhtml1-transitional.dtd">
<html xmlns="http://www.w3.org/1999/xhtml" xml:lang="en" lang="en">
 <head>
  <title>
</title>
<meta http-equiv="Content-Type" content="text/html;charset=utf-8" />
  <meta name='ocr-system' content='tesseract 3.04.00' />
  <meta name='ocr-capabilities' content='ocr_page ocr_carea ocr_par ocr_line ocrx_word'/>
</head>
<body>
  <div class='ocr_page' id='page_1' title='image "./documentamagjoa00palagoog_0427.png"; bbox 0 0 2992 5258; ppageno 0'>
   <div class='ocr_carea' id='block_1_1' title="bbox 149 421 1103 494">
    <p class='ocr_par' dir='ltr' id='par_1_1' title="bbox 149 421 1103 494">
     <span class='ocr_line' id='line_1_1' title="bbox 149 421 1103 494; baseline 0.004 -19"><span class='ocrx_word' id='word_1_1' title='bbox 149 426 212 492; x_wconf 75' lang='lat'><strong>406</strong></span> <span class='ocrx_word' id='word_1_2' title='bbox 401 421 606 479; x_wconf 80' lang='lat' dir='ltr'><strong>Controuersine</strong></span> <span class='ocrx_word' id='word_1_3' title='bbox 624 422 658 478; x_wconf 93' lang='lat' dir='ltr'><strong>de</strong></span> <span class='ocrx_word' id='word_1_4' title='bbox 675 425 806 494; x_wconf 80' lang='lat' dir='ltr'><strong>religiono</strong></span> <span class='ocrx_word' id='word_1_5' title='bbox 823 427 851 481; x_wconf 92' lang='lat' dir='ltr'><strong>in</strong></span> <span class='ocrx_word' id='word_1_6' title='bbox 868 426 1010 483; x_wconf 86' lang='lat' dir='ltr'><strong>Bobemie:</strong></span> <span class='ocrx_word' id='word_1_7' title='bbox 1029 427 1103 482; x_wconf 82' lang='lat'>1410.</span> 
     </span>
    </p>
   </div>
   <div class='ocr_carea' id='block_1_2' title="bbox 149 627 1352 2221">
    <p class='ocr_par' dir='ltr' id='par_1_2' title="bbox 149 627 1352 2221">
     <span class='ocr_line' id='line_1_2' title="bbox 149 627 1349 715; baseline 0.004 -25"><span class='ocrx_word' id='word_1_8' title='bbox 149 628 178 690; x_wconf 86' lang='lat' dir='ltr'><strong>S.</strong></span> <span class='ocrx_word' id='word_1_9' title='bbox 200 627 246 708; x_wconf 53' lang='grc' dir='ltr'><strong>Ἄ,</strong></span> <span class='ocrx_word' id='word_1_10' title='bbox 268 636 413 704; x_wconf 91' lang='lat' dir='ltr'><strong>quatenus</strong></span> <span class='ocrx_word' id='word_1_11' title='bbox 442 629 472 689; x_wconf 91' lang='lat' dir='ltr'><strong>iu</strong></span> <span class='ocrx_word' id='word_1_12' title='bbox 502 627 631 689; x_wconf 83' lang='lat' dir='ltr'><strong>favorem</strong></span> <span class='ocrx_word' id='word_1_13' title='bbox 652 627 723 690; x_wconf 84' lang='lat' dir='ltr'><strong>fidei</strong></span> <span class='ocrx_word' id='word_1_14' title='bbox 745 632 831 691; x_wconf 87' lang='lat' dir='ltr'><strong>alicui</strong></span> <span class='ocrx_word' id='word_1_15' title='bbox 855 648 891 692; x_wconf 86' lang='lat' dir='ltr'><strong>ex</strong></span> <span class='ocrx_word' id='word_1_16' title='bbox 913 633 1040 694; x_wconf 90' lang='lat' dir='ltr'><strong>dominis</strong></span> <span class='ocrx_word' id='word_1_17' title='bbox 1071 632 1349 715; x_wconf 70' lang='lat' dir='ltr'><strong>sauctaellomanee</strong></span> 
     </span>
     <span class='ocr_line' id='line_1_3' title="bbox 150 729 1349 808; baseline 0.003 -17"><span class='ocrx_word' id='word_1_18' title='bbox 150 729 293 791; x_wconf 89' lang='lat' dir='ltr'><strong>ecclesiae</strong></span> <span class='ocrx_word' id='word_1_19' title='bbox 322 730 530 804; x_wconf 79' lang='lat' dir='ltr'><strong>cardinalibus,</strong></span> <span class='ocrx_word' id='word_1_20' title='bbox 552 738 582 791; x_wconf 91' lang='lat' dir='ltr'><strong>et</strong></span> <span class='ocrx_word' id='word_1_21' title='bbox 613 732 640 791; x_wconf 88' lang='lat' dir='ltr'><strong>si</strong></span> <span class='ocrx_word' id='word_1_22' title='bbox 669 732 766 805; x_wconf 88' lang='lat' dir='ltr'><strong>placet</strong></span> <span class='ocrx_word' id='word_1_23' title='bbox 798 734 960 794; x_wconf 85' lang='lat' dir='ltr'><strong>reverendo</strong></span> <span class='ocrx_word' id='word_1_24' title='bbox 983 736 1061 808; x_wconf 85' lang='lat' dir='ltr'><strong>patri</strong></span> <span class='ocrx_word' id='word_1_25' title='bbox 1082 734 1120 797; x_wconf 91' lang='lat' dir='ltr'><strong>D.</strong></span> <span class='ocrx_word' id='word_1_26' title='bbox 1142 734 1296 795; x_wconf 77' lang='lat' dir='ltr'><strong>cardinali</strong></span> <span class='ocrx_word' id='word_1_27' title='bbox 1314 734 1349 795; x_wconf 93' lang='lat' dir='ltr'><strong>de</strong></span> 
     </span>
     <span class='ocr_line' id='line_1_4' title="bbox 149 833 1348 908; baseline 0.001 -14"><span class='ocrx_word' id='word_1_28' title='bbox 149 833 296 903; x_wconf 81' lang='lat' dir='ltr'><strong>Columna,</strong></span> <span class='ocrx_word' id='word_1_29' title='bbox 319 833 365 894; x_wconf 91' lang='lat' dir='ltr'><strong>cui</strong></span> <span class='ocrx_word' id='word_1_30' title='bbox 387 833 461 893; x_wconf 88' lang='lat' dir='ltr'><strong>elias</strong></span> <span class='ocrx_word' id='word_1_31' title='bbox 481 838 578 893; x_wconf 65' lang='lat' dir='ltr'><strong>cerae</strong></span> <span class='ocrx_word' id='word_1_32' title='bbox 601 834 677 893; x_wconf 89' lang='lat' dir='ltr'><strong>aliae</strong></span> <span class='ocrx_word' id='word_1_33' title='bbox 706 835 927 895; x_wconf 79' lang='lat' dir='ltr'><strong>commissiones</strong></span> <span class='ocrx_word' id='word_1_34' title='bbox 957 836 1110 908; x_wconf 88' lang='lat' dir='ltr'><strong>praedicta</strong></span> <span class='ocrx_word' id='word_1_35' title='bbox 1131 841 1348 906; x_wconf 80' lang='lat' dir='ltr'><strong>concernentes,</strong></span> 
     </span>
     <span class='ocr_line' id='line_1_5' title="bbox 150 934 1350 1009; baseline -0.002 -13"><span class='ocrx_word' id='word_1_36' title='bbox 150 951 270 1007; x_wconf 84' lang='lat' dir='ltr'><strong>quarum</strong></span> <span class='ocrx_word' id='word_1_37' title='bbox 300 938 433 993; x_wconf 76' lang='lat' dir='ltr'><strong>tanmem</strong></span> <span class='ocrx_word' id='word_1_38' title='bbox 463 934 621 1007; x_wconf 78' lang='lat' dir='ltr'><strong>dignemini</strong></span> <span class='ocrx_word' id='word_1_39' title='bbox 659 934 771 994; x_wconf 89' lang='lat' dir='ltr'><strong>habere</strong></span> <span class='ocrx_word' id='word_1_40' title='bbox 799 953 853 1008; x_wconf 93' lang='lat' dir='ltr'><strong>pro</strong></span> <span class='ocrx_word' id='word_1_41' title='bbox 893 952 1050 1009; x_wconf 84' lang='lat' dir='ltr'><strong>expresso,</strong></span> <span class='ocrx_word' id='word_1_42' title='bbox 1083 936 1221 996; x_wconf 90' lang='lat' dir='ltr'><strong>dicuntur</strong></span> <span class='ocrx_word' id='word_1_43' title='bbox 1251 934 1350 1006; x_wconf 84' lang='lat' dir='ltr'><strong>iactae,</strong></span> 
     </span>
     <span class='ocr_line' id='line_1_6' title="bbox 150 1035 1350 1111; baseline 0.003 -17"><span class='ocrx_word' id='word_1_44' title='bbox 150 1036 330 1095; x_wconf 90' lang='lat' dir='ltr'><strong>committere</strong></span> <span class='ocrx_word' id='word_1_45' title='bbox 345 1035 504 1109; x_wconf 79' lang='lat' dir='ltr'><strong>dignemini</strong></span> <span class='ocrx_word' id='word_1_46' title='bbox 528 1041 558 1095; x_wconf 92' lang='lat' dir='ltr'><strong>et</strong></span> <span class='ocrx_word' id='word_1_47' title='bbox 579 1036 726 1106; x_wconf 88' lang='lat' dir='ltr'><strong>mandare,</strong></span> <span class='ocrx_word' id='word_1_48' title='bbox 749 1043 894 1110; x_wconf 87' lang='lat' dir='ltr'><strong>quatenus</strong></span> <span class='ocrx_word' id='word_1_49' title='bbox 913 1039 1050 1111; x_wconf 78' lang='lat' dir='ltr'><strong>injungat</strong></span> <span class='ocrx_word' id='word_1_50' title='bbox 1076 1040 1108 1096; x_wconf 86' lang='lat' dir='ltr'><strong>et</strong></span> <span class='ocrx_word' id='word_1_51' title='bbox 1127 1037 1258 1097; x_wconf 84' lang='lat' dir='ltr'><strong>mandet</strong></span> <span class='ocrx_word' id='word_1_52' title='bbox 1270 1052 1350 1109; x_wconf 81' lang='lat' dir='ltr'><strong>prae·</strong></span> 
     </span>
     <span class='ocr_line' id='line_1_7' title="bbox 150 1135 1351 1211; baseline 0.001 -16"><span class='ocrx_word' id='word_1_53' title='bbox 150 1135 209 1195; x_wconf 83' lang='lat' dir='ltr'><strong>lato</strong></span> <span class='ocrx_word' id='word_1_54' title='bbox 231 1135 268 1195; x_wconf 92' lang='lat' dir='ltr'><strong>D.</strong></span> <span class='ocrx_word' id='word_1_55' title='bbox 290 1135 531 1209; x_wconf 77' lang='lat' dir='ltr'><strong>Arcbiepiscopq</strong></span> <span class='ocrx_word' id='word_1_56' title='bbox 558 1142 591 1195; x_wconf 91' lang='lat' dir='ltr'><strong>nt</strong></span> <span class='ocrx_word' id='word_1_57' title='bbox 627 1137 657 1194; x_wconf 90' lang='lat' dir='ltr'><strong>iu</strong></span> <span class='ocrx_word' id='word_1_58' title='bbox 678 1137 798 1209; x_wconf 79' lang='lat' dir='ltr'><strong>negotio</strong></span> <span class='ocrx_word' id='word_1_59' title='bbox 821 1137 878 1196; x_wconf 91' lang='lat' dir='ltr'><strong>sibi</strong></span> <span class='ocrx_word' id='word_1_60' title='bbox 900 1138 1054 1197; x_wconf 89' lang='lat' dir='ltr'><strong>commisso</strong></span> <span class='ocrx_word' id='word_1_61' title='bbox 1073 1138 1158 1211; x_wconf 83' lang='lat' dir='ltr'><strong>juxta</strong></span> <span class='ocrx_word' id='word_1_62' title='bbox 1178 1137 1277 1197; x_wconf 90' lang='lat' dir='ltr'><strong>dictae</strong></span> <span class='ocrx_word' id='word_1_63' title='bbox 1298 1137 1351 1198; x_wconf 89' lang='lat' dir='ltr'><strong>sibi</strong></span> 
     </span>
     <span class='ocr_line' id='line_1_8' title="bbox 151 1235 1352 1312; baseline 0.002 -17"><span class='ocrx_word' id='word_1_64' title='bbox 151 1235 248 1297; x_wconf 88' lang='lat' dir='ltr'><strong>iactae</strong></span> <span class='ocrx_word' id='word_1_65' title='bbox 280 1238 497 1296; x_wconf 86' lang='lat' dir='ltr'><strong>commissionis</strong></span> <span class='ocrx_word' id='word_1_66' title='bbox 541 1241 674 1296; x_wconf 88' lang='lat' dir='ltr'><strong>tenorem</strong></span> <span class='ocrx_word' id='word_1_67' title='bbox 711 1238 748 1296; x_wconf 90' lang='lat' dir='ltr'><strong>ad</strong></span> <span class='ocrx_word' id='word_1_68' title='bbox 780 1238 923 1296; x_wconf 80' lang='lat' dir='ltr'><strong>ulteriora</strong></span> <span class='ocrx_word' id='word_1_69' title='bbox 951 1238 1107 1311; x_wconf 85' lang='lat' dir='ltr'><strong>procedat,</strong></span> <span class='ocrx_word' id='word_1_70' title='bbox 1140 1253 1352 1312; x_wconf 82' lang='lat' dir='ltr'><strong>processusque</strong></span> 
     </span>
     <span class='ocr_line' id='line_1_9' title="bbox 150 1339 1351 1412; baseline 0.002 -16"><span class='ocrx_word' id='word_1_71' title='bbox 150 1344 289 1412; x_wconf 78' lang='lat' dir='ltr'><strong>aggravet</strong></span> <span class='ocrx_word' id='word_1_72' title='bbox 321 1342 352 1396; x_wconf 91' lang='lat' dir='ltr'><strong>et</strong></span> <span class='ocrx_word' id='word_1_73' title='bbox 383 1342 563 1411; x_wconf 78' lang='lat' dir='ltr'><strong>reaggravet</strong></span> <span class='ocrx_word' id='word_1_74' title='bbox 597 1342 628 1396; x_wconf 91' lang='lat' dir='ltr'><strong>et</strong></span> <span class='ocrx_word' id='word_1_75' title='bbox 649 1340 765 1399; x_wconf 87' lang='lat' dir='ltr'><strong>invocet</strong></span> <span class='ocrx_word' id='word_1_76' title='bbox 797 1339 939 1399; x_wconf 83' lang='lat' dir='ltr'><strong>auxilium</strong></span> <span class='ocrx_word' id='word_1_77' title='bbox 975 1339 1089 1399; x_wconf 88' lang='lat' dir='ltr'><strong>brachii</strong></span> <span class='ocrx_word' id='word_1_78' title='bbox 1115 1339 1269 1409; x_wconf 88' lang='lat' dir='ltr'><strong>secularis,</strong></span> <span class='ocrx_word' id='word_1_79' title='bbox 1297 1354 1351 1398; x_wconf 91' lang='lat' dir='ltr'><strong>uon</strong></span> 
     </span>
     <span class='ocr_line' id='line_1_10' title="bbox 151 1437 1351 1513; baseline 0.001 -15"><span class='ocrx_word' id='word_1_80' title='bbox 151 1439 287 1498; x_wconf 89' lang='lat' dir='ltr'><strong>obstante</strong></span> <span class='ocrx_word' id='word_1_81' title='bbox 318 1437 398 1498; x_wconf 92' lang='lat' dir='ltr'><strong>dicta</strong></span> <span class='ocrx_word' id='word_1_82' title='bbox 424 1443 456 1501; x_wconf 92' lang='lat' dir='ltr'><strong>et</strong></span> <span class='ocrx_word' id='word_1_83' title='bbox 484 1439 542 1498; x_wconf 89' lang='lat' dir='ltr'><strong>alia</strong></span> <span class='ocrx_word' id='word_1_84' title='bbox 564 1454 742 1513; x_wconf 89' lang='lat' dir='ltr'><strong>quacumque</strong></span> <span class='ocrx_word' id='word_1_85' title='bbox 765 1440 966 1513; x_wconf 82' lang='lat' dir='ltr'><strong>appellatione</strong></span> <span class='ocrx_word' id='word_1_86' title='bbox 996 1441 1175 1512; x_wconf 87' lang='lat' dir='ltr'><strong>interposita</strong></span> <span class='ocrx_word' id='word_1_87' title='bbox 1196 1440 1244 1499; x_wconf 87' lang='lat' dir='ltr'><strong>vel</strong></span> <span class='ocrx_word' id='word_1_88' title='bbox 1266 1441 1351 1499; x_wconf 86' lang='lat' dir='ltr'><strong>inter·</strong></span> 
     </span>
     <span class='ocr_line' id='line_1_11' title="bbox 151 1539 1351 1613; baseline 0.001 -15"><span class='ocrx_word' id='word_1_89' title='bbox 151 1539 305 1613; x_wconf 82' lang='lat' dir='ltr'><strong>ponenda3</strong></span> <span class='ocrx_word' id='word_1_90' title='bbox 334 1539 468 1613; x_wconf 90' lang='lat' dir='ltr'><strong>idemque</strong></span> <span class='ocrx_word' id='word_1_91' title='bbox 501 1539 537 1602; x_wconf 86' lang='lat' dir='ltr'><strong>D.</strong></span> <span class='ocrx_word' id='word_1_92' title='bbox 562 1539 727 1600; x_wconf 78' lang='lat' dir='ltr'><strong>cardinalis</strong></span> <span class='ocrx_word' id='word_1_93' title='bbox 756 1548 787 1601; x_wconf 92' lang='lat' dir='ltr'><strong>et</strong></span> <span class='ocrx_word' id='word_1_94' title='bbox 819 1541 1037 1601; x_wconf 86' lang='lat' dir='ltr'><strong>commissarios</strong></span> <span class='ocrx_word' id='word_1_95' title='bbox 1070 1541 1180 1600; x_wconf 91' lang='lat' dir='ltr'><strong>dictum</strong></span> <span class='ocrx_word' id='word_1_96' title='bbox 1213 1542 1351 1603; x_wconf 77' lang='lat' dir='ltr'><strong>domnam</strong></span> 
     </span>
     <span class='ocr_line' id='line_1_12' title="bbox 152 1639 1350 1716; baseline -0.001 -16"><span class='ocrx_word' id='word_1_97' title='bbox 152 1639 216 1700; x_wconf 87' lang='lat' dir='ltr'><strong>Has</strong></span> <span class='ocrx_word' id='word_1_98' title='bbox 246 1641 317 1700; x_wconf 91' lang='lat' dir='ltr'><strong>citet</strong></span> <span class='ocrx_word' id='word_1_99' title='bbox 346 1641 545 1713; x_wconf 89' lang='lat' dir='ltr'><strong>personaliter</strong></span> <span class='ocrx_word' id='word_1_100' title='bbox 572 1648 603 1700; x_wconf 88' lang='lat' dir='ltr'><strong>et</strong></span> <span class='ocrx_word' id='word_1_101' title='bbox 629 1643 658 1700; x_wconf 90' lang='lat' dir='ltr'><strong>in</strong></span> <span class='ocrx_word' id='word_1_102' title='bbox 684 1643 747 1714; x_wconf 90' lang='lat' dir='ltr'><strong>ejus</strong></span> <span class='ocrx_word' id='word_1_103' title='bbox 771 1644 891 1716; x_wconf 91' lang='lat' dir='ltr'><strong>propria</strong></span> <span class='ocrx_word' id='word_1_104' title='bbox 914 1658 1041 1715; x_wconf 89' lang='lat' dir='ltr'><strong>persona</strong></span> <span class='ocrx_word' id='word_1_105' title='bbox 1063 1643 1093 1701; x_wconf 95' lang='lat' dir='ltr'><strong>in</strong></span> <span class='ocrx_word' id='word_1_106' title='bbox 1116 1643 1252 1701; x_wconf 86' lang='lat' dir='ltr'><strong>Romana</strong></span> <span class='ocrx_word' id='word_1_107' title='bbox 1273 1641 1350 1700; x_wconf 87' lang='lat' dir='ltr'><strong>curia</strong></span> 
     </span>
     <span class='ocr_line' id='line_1_13' title="bbox 153 1742 1348 1819; baseline 0.001 -19"><span class='ocrx_word' id='word_1_108' title='bbox 153 1748 184 1801; x_wconf 88' lang='lat' dir='ltr'><strong>et</strong></span> <span class='ocrx_word' id='word_1_109' title='bbox 210 1747 295 1800; x_wconf 85' lang='lat' dir='ltr'><strong>extra</strong></span> <span class='ocrx_word' id='word_1_110' title='bbox 323 1743 361 1801; x_wconf 90' lang='lat' dir='ltr'><strong>ad</strong></span> <span class='ocrx_word' id='word_1_111' title='bbox 382 1748 491 1814; x_wconf 86' lang='lat' dir='ltr'><strong>partes,</strong></span> <span class='ocrx_word' id='word_1_112' title='bbox 519 1744 633 1817; x_wconf 89' lang='lat' dir='ltr'><strong>quoties</strong></span> <span class='ocrx_word' id='word_1_113' title='bbox 665 1760 739 1818; x_wconf 89' lang='lat' dir='ltr'><strong>opus</strong></span> <span class='ocrx_word' id='word_1_114' title='bbox 761 1744 824 1814; x_wconf 90' lang='lat' dir='ltr'><strong>erit,</strong></span> <span class='ocrx_word' id='word_1_115' title='bbox 848 1750 951 1805; x_wconf 89' lang='lat' dir='ltr'><strong>contra</strong></span> <span class='ocrx_word' id='word_1_116' title='bbox 972 1760 1097 1819; x_wconf 92' lang='lat' dir='ltr'><strong>eumque</strong></span> <span class='ocrx_word' id='word_1_117' title='bbox 1120 1744 1158 1804; x_wconf 89' lang='lat' dir='ltr'><strong>de</strong></span> <span class='ocrx_word' id='word_1_118' title='bbox 1180 1742 1348 1816; x_wconf 87' lang='lat' dir='ltr'><strong>praemissis</strong></span> 
     </span>
     <span class='ocr_line' id='line_1_14' title="bbox 154 1842 1350 1920; baseline 0 -18"><span class='ocrx_word' id='word_1_119' title='bbox 154 1848 185 1902; x_wconf 89' lang='lat' dir='ltr'><strong>et</strong></span> <span class='ocrx_word' id='word_1_120' title='bbox 212 1842 280 1903; x_wconf 90' lang='lat' dir='ltr'><strong>aliis</strong></span> <span class='ocrx_word' id='word_1_121' title='bbox 310 1843 480 1903; x_wconf 82' lang='lat' dir='ltr'><strong>excessibus</strong></span> <span class='ocrx_word' id='word_1_122' title='bbox 512 1861 548 1903; x_wconf 82' lang='lat' dir='ltr'><strong>ex</strong></span> <span class='ocrx_word' id='word_1_123' title='bbox 578 1843 676 1903; x_wconf 78' lang='lat' dir='ltr'><strong>officio</strong></span> <span class='ocrx_word' id='word_1_124' title='bbox 697 1846 832 1918; x_wconf 81' lang='lat' dir='ltr'><strong>inquirat</strong></span> <span class='ocrx_word' id='word_1_125' title='bbox 855 1845 1007 1920; x_wconf 91' lang='lat' dir='ltr'><strong>ipsumque</strong></span> <span class='ocrx_word' id='word_1_126' title='bbox 1027 1846 1111 1918; x_wconf 75' lang='lat' dir='ltr'><strong>iuxta</strong></span> <span class='ocrx_word' id='word_1_127' title='bbox 1132 1844 1304 1917; x_wconf 87' lang='lat' dir='ltr'><strong>qualitatem</strong></span> <span class='ocrx_word' id='word_1_128' title='bbox 1323 1848 1350 1902; x_wconf 89' lang='lat' dir='ltr'><strong>et</strong></span> 
     </span>
     <span class='ocr_line' id='line_1_15' title="bbox 152 1943 1349 2019; baseline 0.001 -17"><span class='ocrx_word' id='word_1_129' title='bbox 152 1943 341 2016; x_wconf 86' lang='lat' dir='ltr'><strong>quantitatem</strong></span> <span class='ocrx_word' id='word_1_130' title='bbox 359 1961 498 2004; x_wconf 84' lang='lat' dir='ltr'><strong>excessus</strong></span> <span class='ocrx_word' id='word_1_131' title='bbox 521 1951 552 2003; x_wconf 91' lang='lat' dir='ltr'><strong>et</strong></span> <span class='ocrx_word' id='word_1_132' title='bbox 573 1960 745 2004; x_wconf 83' lang='lat' dir='ltr'><strong>excessuum</strong></span> <span class='ocrx_word' id='word_1_133' title='bbox 768 1945 869 2004; x_wconf 91' lang='lat' dir='ltr'><strong>delicti</strong></span> <span class='ocrx_word' id='word_1_134' title='bbox 892 1953 922 2006; x_wconf 91' lang='lat' dir='ltr'><strong>et</strong></span> <span class='ocrx_word' id='word_1_135' title='bbox 942 1946 1016 2005; x_wconf 91' lang='lat' dir='ltr'><strong>alias</strong></span> <span class='ocrx_word' id='word_1_136' title='bbox 1035 1949 1121 2019; x_wconf 88' lang='lat' dir='ltr'><strong>juxta</strong></span> <span class='ocrx_word' id='word_1_137' title='bbox 1143 1946 1302 2005; x_wconf 86' lang='lat' dir='ltr'><strong>canonicas</strong></span> <span class='ocrx_word' id='word_1_138' title='bbox 1323 1949 1349 2003; x_wconf 84' lang='lat' dir='ltr'><strong>et</strong></span> 
     </span>
     <span class='ocr_line' id='line_1_16' title="bbox 151 2043 1346 2119; baseline 0.003 -18"><span class='ocrx_word' id='word_1_139' title='bbox 151 2043 263 2115; x_wconf 76' lang='lat' dir='ltr'><strong>legales</strong></span> <span class='ocrx_word' id='word_1_140' title='bbox 291 2047 458 2106; x_wconf 89' lang='lat' dir='ltr'><strong>sanctiones</strong></span> <span class='ocrx_word' id='word_1_141' title='bbox 488 2047 598 2119; x_wconf 85' lang='lat' dir='ltr'><strong>puniet,</strong></span> <span class='ocrx_word' id='word_1_142' title='bbox 625 2062 684 2105; x_wconf 93' lang='lat' dir='ltr'><strong>non</strong></span> <span class='ocrx_word' id='word_1_143' title='bbox 707 2046 891 2106; x_wconf 88' lang='lat' dir='ltr'><strong>obstantibus</strong></span> <span class='ocrx_word' id='word_1_144' title='bbox 914 2047 1085 2118; x_wconf 85' lang='lat' dir='ltr'><strong>praemissis</strong></span> <span class='ocrx_word' id='word_1_145' title='bbox 1108 2062 1143 2106; x_wconf 91' lang='lat' dir='ltr'><strong>ac</strong></span> <span class='ocrx_word' id='word_1_146' title='bbox 1165 2045 1346 2106; x_wconf 87' lang='lat' dir='ltr'><strong>constitutio·</strong></span> 
     </span>
     <span class='ocr_line' id='line_1_17' title="bbox 151 2144 1029 2221; baseline 0.001 -16"><span class='ocrx_word' id='word_1_147' title='bbox 151 2144 236 2205; x_wconf 90' lang='lat' dir='ltr'><strong>ulbus</strong></span> <span class='ocrx_word' id='word_1_148' title='bbox 258 2147 429 2219; x_wconf 88' lang='lat' dir='ltr'><strong>apostolicis</strong></span> <span class='ocrx_word' id='word_1_149' title='bbox 451 2153 482 2205; x_wconf 91' lang='lat' dir='ltr'><strong>et</strong></span> <span class='ocrx_word' id='word_1_150' title='bbox 501 2147 568 2207; x_wconf 90' lang='lat' dir='ltr'><strong>aliis</strong></span> <span class='ocrx_word' id='word_1_151' title='bbox 591 2147 747 2206; x_wconf 85' lang='lat' dir='ltr'><strong>contrariis</strong></span> <span class='ocrx_word' id='word_1_152' title='bbox 769 2145 1029 2221; x_wconf 87' lang='lat' dir='ltr'><strong>quibuscumque.“</strong></span> 
     </span>
    </p>
   </div>
   <div class='ocr_carea' id='block_1_3' title="bbox 145 2343 1353 4750">
    <p class='ocr_par' dir='ltr' id='par_1_3' title="bbox 145 2343 1349 2932">
     <span class='ocr_line' id='line_1_18' title="bbox 252 2343 1347 2428; baseline 0 -18"><span class='ocrx_word' id='word_1_153' title='bbox 252 2346 289 2410; x_wconf 93' lang='lat' dir='ltr'><strong>lu</strong></span> <span class='ocrx_word' id='word_1_154' title='bbox 309 2343 372 2410; x_wconf 91' lang='lat' dir='ltr'><strong>fine</strong></span> <span class='ocrx_word' id='word_1_155' title='bbox 397 2363 472 2411; x_wconf 87' lang='lat' dir='ltr'><strong>uero</strong></span> <span class='ocrx_word' id='word_1_156' title='bbox 496 2345 600 2411; x_wconf 90' lang='lat' dir='ltr'><strong>dictae</strong></span> <span class='ocrx_word' id='word_1_157' title='bbox 622 2347 853 2413; x_wconf 88' lang='lat' dir='ltr'><strong>commissionis</strong></span> <span class='ocrx_word' id='word_1_158' title='bbox 875 2346 943 2412; x_wconf 89' lang='lat' dir='ltr'><strong>sive</strong></span> <span class='ocrx_word' id='word_1_159' title='bbox 960 2346 1205 2428; x_wconf 89' lang='lat' dir='ltr'><strong>supplicationis</strong></span> <span class='ocrx_word' id='word_1_160' title='bbox 1223 2345 1347 2412; x_wconf 87' lang='lat' dir='ltr'><strong>cedulae</strong></span> 
     </span>
     <span class='ocr_line' id='line_1_19' title="bbox 157 2447 1349 2529; baseline 0.003 -18"><span class='ocrx_word' id='word_1_161' title='bbox 157 2447 278 2528; x_wconf 90' lang='lat' dir='ltr'><strong>scripta</strong></span> <span class='ocrx_word' id='word_1_162' title='bbox 289 2453 382 2513; x_wconf 89' lang='lat' dir='ltr'><strong>eraut</strong></span> <span class='ocrx_word' id='word_1_163' title='bbox 392 2447 432 2512; x_wconf 93' lang='lat' dir='ltr'><strong>de</strong></span> <span class='ocrx_word' id='word_1_164' title='bbox 445 2448 577 2513; x_wconf 90' lang='lat' dir='ltr'><strong>alterius</strong></span> <span class='ocrx_word' id='word_1_165' title='bbox 587 2467 700 2512; x_wconf 89' lang='lat' dir='ltr'><strong>manus</strong></span> <span class='ocrx_word' id='word_1_166' title='bbox 712 2448 806 2513; x_wconf 87' lang='lat' dir='ltr'><strong>litera</strong></span> <span class='ocrx_word' id='word_1_167' title='bbox 816 2447 931 2513; x_wconf 88' lang='lat' dir='ltr'><strong>literae</strong></span> <span class='ocrx_word' id='word_1_168' title='bbox 945 2447 1107 2529; x_wconf 89' lang='lat' dir='ltr'><strong>superiori</strong></span> <span class='ocrx_word' id='word_1_169' title='bbox 1115 2447 1219 2528; x_wconf 90' lang='lat' dir='ltr'><strong>ipsius</strong></span> <span class='ocrx_word' id='word_1_170' title='bbox 1227 2447 1349 2515; x_wconf 86' lang='lat' dir='ltr'><strong>cedulae</strong></span> 
     </span>
     <span class='ocr_line' id='line_1_20' title="bbox 150 2546 1349 2629; baseline -0.002 -18"><span class='ocrx_word' id='word_1_171' title='bbox 150 2548 278 2629; x_wconf 87' lang='lat' dir='ltr'><strong>penitus</strong></span> <span class='ocrx_word' id='word_1_172' title='bbox 307 2554 340 2611; x_wconf 91' lang='lat' dir='ltr'><strong>et</strong></span> <span class='ocrx_word' id='word_1_173' title='bbox 368 2549 495 2613; x_wconf 91' lang='lat' dir='ltr'><strong>omniuo</strong></span> <span class='ocrx_word' id='word_1_174' title='bbox 527 2547 661 2629; x_wconf 82' lang='lat' dir='ltr'><strong>diversa,</strong></span> <span class='ocrx_word' id='word_1_175' title='bbox 689 2549 767 2614; x_wconf 90' lang='lat' dir='ltr'><strong>haee</strong></span> <span class='ocrx_word' id='word_1_176' title='bbox 797 2547 902 2625; x_wconf 81' lang='lat' dir='ltr'><strong>verba,</strong></span> <span class='ocrx_word' id='word_1_177' title='bbox 938 2546 1101 2611; x_wconf 85' lang='lat' dir='ltr'><strong>videlicet:</strong></span> <span class='ocrx_word' id='word_1_178' title='bbox 1130 2547 1169 2609; x_wconf 85' lang='lat' dir='ltr'><strong>de</strong></span> <span class='ocrx_word' id='word_1_179' title='bbox 1201 2547 1349 2610; x_wconf 79' lang='lat' dir='ltr'><strong>mandato</strong></span> 
     </span>
     <span class='ocr_line' id='line_1_21' title="bbox 151 2647 1348 2728; baseline 0.003 -20"><span class='ocrx_word' id='word_1_180' title='bbox 151 2647 273 2710; x_wconf 81' lang='lat' dir='ltr'><strong>domini</strong></span> <span class='ocrx_word' id='word_1_181' title='bbox 293 2649 396 2709; x_wconf 72' lang='lat' dir='ltr'><strong>nostri</strong></span> <span class='ocrx_word' id='word_1_182' title='bbox 412 2668 519 2728; x_wconf 85' lang='lat' dir='ltr'><strong>popae</strong></span> <span class='ocrx_word' id='word_1_183' title='bbox 542 2649 657 2712; x_wconf 70' lang='lat' dir='ltr'><strong>assaliat</strong></span> <span class='ocrx_word' id='word_1_184' title='bbox 678 2648 762 2710; x_wconf 83' lang='lat' dir='ltr'><strong>idem</strong></span> <span class='ocrx_word' id='word_1_185' title='bbox 784 2647 967 2710; x_wconf 72' lang='lat' dir='ltr'><strong>reverendam</strong></span> <span class='ocrx_word' id='word_1_186' title='bbox 984 2653 1080 2728; x_wconf 82' lang='lat' dir='ltr'><strong>pater</strong></span> <span class='ocrx_word' id='word_1_187' title='bbox 1093 2648 1138 2712; x_wconf 86' lang='lat' dir='ltr'><strong>D.</strong></span> <span class='ocrx_word' id='word_1_188' title='bbox 1158 2647 1348 2725; x_wconf 63' lang='lat' dir='ltr'><strong>&amp;ordinalia</strong></span> 
     </span>
     <span class='ocr_line' id='line_1_22' title="bbox 145 2748 1349 2830; baseline 0 -20"><span class='ocrx_word' id='word_1_189' title='bbox 145 2748 298 2830; x_wconf 83' lang='lat' dir='ltr'><strong>procedat</strong></span> <span class='ocrx_word' id='word_1_190' title='bbox 324 2757 352 2811; x_wconf 85' lang='lat' dir='ltr'><strong>et</strong></span> <span class='ocrx_word' id='word_1_191' title='bbox 379 2749 510 2811; x_wconf 84' lang='lat' dir='ltr'><strong>mandet</strong></span> <span class='ocrx_word' id='word_1_192' title='bbox 542 2757 570 2811; x_wconf 87' lang='lat' dir='ltr'><strong>et</strong></span> <span class='ocrx_word' id='word_1_193' title='bbox 598 2751 695 2811; x_wconf 84' lang='lat' dir='ltr'><strong>etiam</strong></span> <span class='ocrx_word' id='word_1_194' title='bbox 724 2750 832 2811; x_wconf 82' lang='lat' dir='ltr'><strong>omnio</strong></span> <span class='ocrx_word' id='word_1_195' title='bbox 853 2748 977 2830; x_wconf 76' lang='lat' dir='ltr'><strong>faciat,</strong></span> <span class='ocrx_word' id='word_1_196' title='bbox 1009 2753 1044 2808; x_wconf 82' lang='lat' dir='ltr'><strong>at</strong></span> <span class='ocrx_word' id='word_1_197' title='bbox 1066 2749 1198 2829; x_wconf 79' lang='lat' dir='ltr'><strong>petitor,</strong></span> <span class='ocrx_word' id='word_1_198' title='bbox 1227 2756 1257 2812; x_wconf 80' lang='lat' dir='ltr'><strong>et</strong></span> <span class='ocrx_word' id='word_1_199' title='bbox 1286 2750 1349 2811; x_wconf 80' lang='lat' dir='ltr'><strong>citet</strong></span> 
     </span>
     <span class='ocr_line' id='line_1_23' title="bbox 151 2849 908 2932; baseline 0 -21"><span class='ocrx_word' id='word_1_200' title='bbox 151 2851 246 2913; x_wconf 80' lang='lat' dir='ltr'><strong>etiam</strong></span> <span class='ocrx_word' id='word_1_201' title='bbox 262 2849 474 2931; x_wconf 66' lang='lat' dir='ltr'><strong>pmeonoliter</strong></span> <span class='ocrx_word' id='word_1_202' title='bbox 503 2857 533 2912; x_wconf 84' lang='lat' dir='ltr'><strong>et</strong></span> <span class='ocrx_word' id='word_1_203' title='bbox 555 2870 593 2912; x_wconf 80' lang='lat' dir='ltr'><strong>aa</strong></span> <span class='ocrx_word' id='word_1_204' title='bbox 615 2851 716 2932; x_wconf 75' lang='lat' dir='ltr'><strong>officio</strong></span> <span class='ocrx_word' id='word_1_205' title='bbox 737 2850 908 2930; x_wconf 79' lang='lat' dir='ltr'><strong>inquirat.“</strong></span> 
     </span>
    </p>

    <p class='ocr_par' dir='ltr' id='par_1_4' title="bbox 152 2949 1353 4441">
     <span class='ocr_line' id='line_1_24' title="bbox 254 2949 1349 3033; baseline 0 -19"><span class='ocrx_word' id='word_1_206' title='bbox 254 2952 334 3017; x_wconf 90' lang='lat' dir='ltr'><strong>Post</strong></span> <span class='ocrx_word' id='word_1_207' title='bbox 356 2952 446 3032; x_wconf 88' lang='lat' dir='ltr'><strong>cujus</strong></span> <span class='ocrx_word' id='word_1_208' title='bbox 470 2951 595 3033; x_wconf 88' lang='lat' dir='ltr'><strong>quidem</strong></span> <span class='ocrx_word' id='word_1_209' title='bbox 619 2951 848 3015; x_wconf 90' lang='lat' dir='ltr'><strong>commissionis</strong></span> <span class='ocrx_word' id='word_1_210' title='bbox 871 2952 937 3015; x_wconf 87' lang='lat' dir='ltr'><strong>sive</strong></span> <span class='ocrx_word' id='word_1_211' title='bbox 960 2949 1203 3033; x_wconf 89' lang='lat' dir='ltr'><strong>supplicationis</strong></span> <span class='ocrx_word' id='word_1_212' title='bbox 1225 2951 1349 3017; x_wconf 72' lang='lat' dir='ltr'><strong>cedula</strong></span> 
     </span>
     <span class='ocr_line' id='line_1_25' title="bbox 152 3051 1346 3136; baseline -0.002 -19"><span class='ocrx_word' id='word_1_213' title='bbox 152 3053 444 3136; x_wconf 86' lang='lat' dir='ltr'><strong>praesentationem</strong></span> <span class='ocrx_word' id='word_1_214' title='bbox 467 3057 501 3117; x_wconf 92' lang='lat' dir='ltr'><strong>et</strong></span> <span class='ocrx_word' id='word_1_215' title='bbox 514 3053 732 3134; x_wconf 87' lang='lat' dir='ltr'><strong>receptionem</strong></span> <span class='ocrx_word' id='word_1_216' title='bbox 749 3051 841 3116; x_wconf 91' lang='lat' dir='ltr'><strong>nobis</strong></span> <span class='ocrx_word' id='word_1_217' title='bbox 857 3058 890 3116; x_wconf 89' lang='lat' dir='ltr'><strong>et</strong></span> <span class='ocrx_word' id='word_1_218' title='bbox 904 3070 962 3133; x_wconf 92' lang='lat' dir='ltr'><strong>per</strong></span> <span class='ocrx_word' id='word_1_219' title='bbox 982 3068 1062 3130; x_wconf 72' lang='lat' dir='ltr'><strong>rique,¹</strong></span> <span class='ocrx_word' id='word_1_220' title='bbox 1074 3058 1110 3116; x_wconf 90' lang='lat' dir='ltr'><strong>ut</strong></span> <span class='ocrx_word' id='word_1_221' title='bbox 1124 3052 1346 3134; x_wconf 85' lang='lat' dir='ltr'><strong>praemittitur,</strong></span> 
     </span>
     <span class='ocr_line' id='line_1_26' title="bbox 153 3151 1351 3234; baseline 0 -16"><span class='ocrx_word' id='word_1_222' title='bbox 153 3152 264 3233; x_wconf 86' lang='lat' dir='ltr'><strong>factae,</strong></span> <span class='ocrx_word' id='word_1_223' title='bbox 287 3153 455 3234; x_wconf 89' lang='lat' dir='ltr'><strong>productis</strong></span> <span class='ocrx_word' id='word_1_224' title='bbox 477 3153 626 3234; x_wconf 89' lang='lat' dir='ltr'><strong>primitus</strong></span> <span class='ocrx_word' id='word_1_225' title='bbox 648 3171 754 3218; x_wconf 89' lang='lat' dir='ltr'><strong>coram</strong></span> <span class='ocrx_word' id='word_1_226' title='bbox 776 3152 868 3218; x_wconf 91' lang='lat' dir='ltr'><strong>uobis</strong></span> <span class='ocrx_word' id='word_1_227' title='bbox 890 3151 1050 3218; x_wconf 90' lang='lat' dir='ltr'><strong>nonnullis</strong></span> <span class='ocrx_word' id='word_1_228' title='bbox 1063 3152 1190 3233; x_wconf 90' lang='lat' dir='ltr'><strong>juribus</strong></span> <span class='ocrx_word' id='word_1_229' title='bbox 1206 3158 1240 3218; x_wconf 92' lang='lat' dir='ltr'><strong>et</strong></span> <span class='ocrx_word' id='word_1_230' title='bbox 1254 3153 1351 3219; x_wconf 92' lang='lat' dir='ltr'><strong>muni·</strong></span> 
     </span>
     <span class='ocr_line' id='line_1_27' title="bbox 153 3252 1348 3334; baseline 0 -16"><span class='ocrx_word' id='word_1_231' title='bbox 153 3253 269 3319; x_wconf 91' lang='lat' dir='ltr'><strong>mentis</strong></span> <span class='ocrx_word' id='word_1_232' title='bbox 301 3253 341 3318; x_wconf 91' lang='lat' dir='ltr'><strong>ad</strong></span> <span class='ocrx_word' id='word_1_233' title='bbox 370 3253 600 3319; x_wconf 88' lang='lat' dir='ltr'><strong>informandum</strong></span> <span class='ocrx_word' id='word_1_234' title='bbox 628 3254 765 3318; x_wconf 86' lang='lat' dir='ltr'><strong>animum</strong></span> <span class='ocrx_word' id='word_1_235' title='bbox 796 3260 940 3318; x_wconf 90' lang='lat' dir='ltr'><strong>nostrum</strong></span> <span class='ocrx_word' id='word_1_236' title='bbox 970 3252 1010 3317; x_wconf 89' lang='lat' dir='ltr'><strong>dc</strong></span> <span class='ocrx_word' id='word_1_237' title='bbox 1033 3258 1067 3318; x_wconf 91' lang='lat' dir='ltr'><strong>et</strong></span> <span class='ocrx_word' id='word_1_238' title='bbox 1087 3270 1186 3334; x_wconf 89' lang='lat' dir='ltr'><strong>super</strong></span> <span class='ocrx_word' id='word_1_239' title='bbox 1209 3253 1348 3320; x_wconf 91' lang='lat' dir='ltr'><strong>omuibus</strong></span> 
     </span>
     <span class='ocr_line' id='line_1_28' title="bbox 155 3353 1349 3436; baseline -0.001 -17"><span class='ocrx_word' id='word_1_240' title='bbox 155 3362 188 3419; x_wconf 90' lang='lat' dir='ltr'><strong>et</strong></span> <span class='ocrx_word' id='word_1_241' title='bbox 209 3354 343 3435; x_wconf 80' lang='lat' dir='ltr'><strong>singulis</strong></span> <span class='ocrx_word' id='word_1_242' title='bbox 366 3356 398 3418; x_wconf 92' lang='lat' dir='ltr'><strong>in</strong></span> <span class='ocrx_word' id='word_1_243' title='bbox 420 3354 506 3420; x_wconf 88' lang='lat' dir='ltr'><strong>diota</strong></span> <span class='ocrx_word' id='word_1_244' title='bbox 527 3354 637 3420; x_wconf 89' lang='lat' dir='ltr'><strong>ultima</strong></span> <span class='ocrx_word' id='word_1_245' title='bbox 657 3355 749 3420; x_wconf 92' lang='lat' dir='ltr'><strong>nobis</strong></span> <span class='ocrx_word' id='word_1_246' title='bbox 764 3355 848 3419; x_wconf 87' lang='lat' dir='ltr'><strong>laeta</strong></span> <span class='ocrx_word' id='word_1_247' title='bbox 863 3360 896 3419; x_wconf 89' lang='lat' dir='ltr'><strong>et</strong></span> <span class='ocrx_word' id='word_1_248' title='bbox 911 3358 1115 3436; x_wconf 89' lang='lat' dir='ltr'><strong>praesentata</strong></span> <span class='ocrx_word' id='word_1_249' title='bbox 1130 3353 1349 3420; x_wconf 86' lang='lat' dir='ltr'><strong>commissione</strong></span> 
     </span>
     <span class='ocr_line' id='line_1_29' title="bbox 155 3452 1349 3537; baseline 0 -17"><span class='ocrx_word' id='word_1_250' title='bbox 155 3455 326 3535; x_wconf 81' lang='lat' dir='ltr'><strong>contentis,</strong></span> <span class='ocrx_word' id='word_1_251' title='bbox 359 3456 486 3521; x_wconf 91' lang='lat' dir='ltr'><strong>tandem</strong></span> <span class='ocrx_word' id='word_1_252' title='bbox 519 3472 627 3520; x_wconf 90' lang='lat' dir='ltr'><strong>sumus</strong></span> <span class='ocrx_word' id='word_1_253' title='bbox 660 3472 718 3537; x_wconf 90' lang='lat' dir='ltr'><strong>per</strong></span> <span class='ocrx_word' id='word_1_254' title='bbox 750 3454 924 3519; x_wconf 90' lang='lat' dir='ltr'><strong>discretum</strong></span> <span class='ocrx_word' id='word_1_255' title='bbox 943 3453 1062 3518; x_wconf 16' lang='lat' dir='ltr'><strong>iuirum</strong></span> <span class='ocrx_word' id='word_1_256' title='bbox 1084 3453 1125 3519; x_wconf 90' lang='lat' dir='ltr'><strong>M.</strong></span> <span class='ocrx_word' id='word_1_257' title='bbox 1150 3452 1349 3535; x_wconf 80' lang='lat' dir='ltr'><strong>Hurtuugum</strong></span> 
     </span>
     <span class='ocr_line' id='line_1_30' title="bbox 155 3555 1351 3639; baseline 0.002 -19"><span class='ocrx_word' id='word_1_258' title='bbox 155 3555 315 3622; x_wconf 89' lang='lat' dir='ltr'><strong>Molitoris</strong></span> <span class='ocrx_word' id='word_1_259' title='bbox 344 3557 384 3624; x_wconf 90' lang='lat' dir='ltr'><strong>de</strong></span> <span class='ocrx_word' id='word_1_260' title='bbox 407 3557 545 3639; x_wconf 78' lang='lat' dir='ltr'><strong>Capella,</strong></span> <span class='ocrx_word' id='word_1_261' title='bbox 575 3557 608 3620; x_wconf 92' lang='lat' dir='ltr'><strong>iu</strong></span> <span class='ocrx_word' id='word_1_262' title='bbox 630 3557 770 3622; x_wconf 87' lang='lat' dir='ltr'><strong>Romana</strong></span> <span class='ocrx_word' id='word_1_263' title='bbox 792 3555 880 3620; x_wconf 90' lang='lat' dir='ltr'><strong>curia</strong></span> <span class='ocrx_word' id='word_1_264' title='bbox 901 3560 1142 3637; x_wconf 86' lang='lat' dir='ltr'><strong>procuratorem</strong></span> <span class='ocrx_word' id='word_1_265' title='bbox 1163 3573 1203 3620; x_wconf 89' lang='lat' dir='ltr'><strong>ac</strong></span> <span class='ocrx_word' id='word_1_266' title='bbox 1223 3555 1351 3637; x_wconf 80' lang='lat' dir='ltr'><strong>instiga·</strong></span> 
     </span>
     <span class='ocr_line' id='line_1_31' title="bbox 156 3654 1347 3740; baseline -0.004 -14"><span class='ocrx_word' id='word_1_267' title='bbox 156 3667 258 3727; x_wconf 92' lang='lat' dir='ltr'><strong>torem</strong></span> <span class='ocrx_word' id='word_1_268' title='bbox 293 3665 328 3723; x_wconf 87' lang='lat' dir='ltr'><strong>et</strong></span> <span class='ocrx_word' id='word_1_269' title='bbox 363 3662 579 3740; x_wconf 86' lang='lat' dir='ltr'><strong>promotorem</strong></span> <span class='ocrx_word' id='word_1_270' title='bbox 616 3654 712 3721; x_wconf 85' lang='lat' dir='ltr'><strong>officii</strong></span> <span class='ocrx_word' id='word_1_271' title='bbox 748 3657 850 3722; x_wconf 90' lang='lat' dir='ltr'><strong>nostri</strong></span> <span class='ocrx_word' id='word_1_272' title='bbox 886 3656 926 3722; x_wconf 90' lang='lat' dir='ltr'><strong>ad</strong></span> <span class='ocrx_word' id='word_1_273' title='bbox 961 3654 1166 3737; x_wconf 85' lang='lat' dir='ltr'><strong>infrascripta</strong></span> <span class='ocrx_word' id='word_1_274' title='bbox 1200 3672 1264 3738; x_wconf 87' lang='lat' dir='ltr'><strong>per</strong></span> <span class='ocrx_word' id='word_1_275' title='bbox 1295 3671 1347 3721; x_wconf 88' lang='lat' dir='ltr'><strong>nos</strong></span> 
     </span>
     <span class='ocr_line' id='line_1_32' title="bbox 154 3755 1350 3844; baseline -0.004 -18"><span class='ocrx_word' id='word_1_276' title='bbox 154 3760 338 3844; x_wconf 87' lang='lat' dir='ltr'><strong>specialiter</strong></span> <span class='ocrx_word' id='word_1_277' title='bbox 372 3759 573 3841; x_wconf 80' lang='lat' dir='ltr'><strong>deputatum,</strong></span> <span class='ocrx_word' id='word_1_278' title='bbox 615 3774 722 3822; x_wconf 90' lang='lat' dir='ltr'><strong>coram</strong></span> <span class='ocrx_word' id='word_1_279' title='bbox 761 3757 853 3822; x_wconf 89' lang='lat' dir='ltr'><strong>uobis</strong></span> <span class='ocrx_word' id='word_1_280' title='bbox 886 3756 1107 3835; x_wconf 86' lang='lat' dir='ltr'><strong>constitutum,</strong></span> <span class='ocrx_word' id='word_1_281' title='bbox 1140 3755 1253 3823; x_wconf 87' lang='lat' dir='ltr'><strong>debita</strong></span> <span class='ocrx_word' id='word_1_282' title='bbox 1284 3772 1350 3822; x_wconf 87' lang='lat' dir='ltr'><strong>oum</strong></span> 
     </span>
     <span class='ocr_line' id='line_1_33' title="bbox 155 3855 1352 3942; baseline -0.003 -14"><span class='ocrx_word' id='word_1_283' title='bbox 155 3859 308 3928; x_wconf 87' lang='lat' dir='ltr'><strong>instantia</strong></span> <span class='ocrx_word' id='word_1_284' title='bbox 340 3860 498 3942; x_wconf 80' lang='lat' dir='ltr'><strong>requisiti,</strong></span> <span class='ocrx_word' id='word_1_285' title='bbox 521 3862 678 3940; x_wconf 87' lang='lat' dir='ltr'><strong>quatenus</strong></span> <span class='ocrx_word' id='word_1_286' title='bbox 699 3858 789 3924; x_wconf 89' lang='lat' dir='ltr'><strong>vobis</strong></span> <span class='ocrx_word' id='word_1_287' title='bbox 820 3858 861 3922; x_wconf 91' lang='lat' dir='ltr'><strong>D.</strong></span> <span class='ocrx_word' id='word_1_288' title='bbox 883 3855 1134 3940; x_wconf 73' lang='lat' dir='ltr'><strong>archiepiscopo</strong></span> <span class='ocrx_word' id='word_1_289' title='bbox 1157 3861 1352 3927; x_wconf 85' lang='lat' dir='ltr'><strong>committere</strong></span> 
     </span>
     <span class='ocr_line' id='line_1_34' title="bbox 155 3960 1351 4051; baseline -0.004 -21"><span class='ocrx_word' id='word_1_290' title='bbox 155 3964 357 4046; x_wconf 84' lang='lat' dir='ltr'><strong>dignaremur</strong></span> <span class='ocrx_word' id='word_1_291' title='bbox 379 3961 592 4041; x_wconf 79' lang='lat' dir='ltr'><strong>otmundum,</strong></span> <span class='ocrx_word' id='word_1_292' title='bbox 614 3960 705 4025; x_wconf 92' lang='lat' dir='ltr'><strong>utin</strong></span> <span class='ocrx_word' id='word_1_293' title='bbox 727 3960 855 4040; x_wconf 82' lang='lat' dir='ltr'><strong>negotio</strong></span> <span class='ocrx_word' id='word_1_294' title='bbox 886 3960 947 4025; x_wconf 92' lang='lat' dir='ltr'><strong>sibi</strong></span> <span class='ocrx_word' id='word_1_295' title='bbox 968 3960 1137 4051; x_wconf 84' lang='lat' dir='ltr'><strong>commisso</strong></span> <span class='ocrx_word' id='word_1_296' title='bbox 1156 3961 1252 4043; x_wconf 79' lang='lat' dir='ltr'><strong>juxta</strong></span> <span class='ocrx_word' id='word_1_297' title='bbox 1273 3978 1351 4028; x_wconf 93' lang='lat' dir='ltr'><strong>eom·</strong></span> 
     </span>
     <span class='ocr_line' id='line_1_35' title="bbox 156 4059 1353 4145; baseline -0.005 -15"><span class='ocrx_word' id='word_1_298' title='bbox 156 4062 316 4130; x_wconf 92' lang='lat' dir='ltr'><strong>missionis</strong></span> <span class='ocrx_word' id='word_1_299' title='bbox 331 4079 390 4145; x_wconf 90' lang='lat' dir='ltr'><strong>per</strong></span> <span class='ocrx_word' id='word_1_300' title='bbox 412 4061 513 4127; x_wconf 89' lang='lat' dir='ltr'><strong>lelicis</strong></span> <span class='ocrx_word' id='word_1_301' title='bbox 536 4060 766 4126; x_wconf 86' lang='lat' dir='ltr'><strong>recordatiouis</strong></span> <span class='ocrx_word' id='word_1_302' title='bbox 789 4062 827 4125; x_wconf 90' lang='lat' dir='ltr'><strong>D.</strong></span> <span class='ocrx_word' id='word_1_303' title='bbox 856 4061 1069 4126; x_wconf 86' lang='lat' dir='ltr'><strong>Alexandrum</strong></span> <span class='ocrx_word' id='word_1_304' title='bbox 1091 4079 1206 4144; x_wconf 89' lang='lat' dir='ltr'><strong>papam</strong></span> <span class='ocrx_word' id='word_1_305' title='bbox 1222 4061 1252 4127; x_wconf 84' lang='lat' dir='ltr'><strong>V</strong></span> <span class='ocrx_word' id='word_1_306' title='bbox 1268 4059 1353 4128; x_wconf 81' lang='lat' dir='ltr'><strong>vobis</strong></span> 
     </span>
     <span class='ocr_line' id='line_1_36' title="bbox 158 4161 1352 4247; baseline -0.001 -18"><span class='ocrx_word' id='word_1_307' title='bbox 158 4165 296 4247; x_wconf 88' lang='lat' dir='ltr'><strong>desuper</strong></span> <span class='ocrx_word' id='word_1_308' title='bbox 307 4162 409 4228; x_wconf 88' lang='lat' dir='ltr'><strong>iactae</strong></span> <span class='ocrx_word' id='word_1_309' title='bbox 422 4168 565 4228; x_wconf 90' lang='lat' dir='ltr'><strong>tenorem</strong></span> <span class='ocrx_word' id='word_1_310' title='bbox 576 4161 616 4226; x_wconf 89' lang='lat' dir='ltr'><strong>ad</strong></span> <span class='ocrx_word' id='word_1_311' title='bbox 630 4161 784 4227; x_wconf 90' lang='lat' dir='ltr'><strong>ulteriora</strong></span> <span class='ocrx_word' id='word_1_312' title='bbox 794 4161 985 4243; x_wconf 74' lang='lat' dir='ltr'><strong>procedatis</strong></span> <span class='ocrx_word' id='word_1_313' title='bbox 998 4178 1233 4244; x_wconf 88' lang='lat' dir='ltr'><strong>processusque</strong></span> <span class='ocrx_word' id='word_1_314' title='bbox 1245 4180 1352 4244; x_wconf 73' lang='lat' dir='ltr'><strong>aggre-</strong></span> 
     </span>
     <span class='ocr_line' id='line_1_37' title="bbox 157 4261 1352 4346; baseline -0.002 -17"><span class='ocrx_word' id='word_1_315' title='bbox 157 4265 239 4330; x_wconf 87' lang='lat' dir='ltr'><strong>vetis</strong></span> <span class='ocrx_word' id='word_1_316' title='bbox 255 4270 289 4330; x_wconf 89' lang='lat' dir='ltr'><strong>et</strong></span> <span class='ocrx_word' id='word_1_317' title='bbox 303 4263 523 4344; x_wconf 84' lang='lat' dir='ltr'><strong>reaggravetis</strong></span> <span class='ocrx_word' id='word_1_318' title='bbox 540 4268 572 4327; x_wconf 90' lang='lat' dir='ltr'><strong>et</strong></span> <span class='ocrx_word' id='word_1_319' title='bbox 594 4262 743 4328; x_wconf 85' lang='lat' dir='ltr'><strong>auxilium</strong></span> <span class='ocrx_word' id='word_1_320' title='bbox 765 4261 885 4327; x_wconf 89' lang='lat' dir='ltr'><strong>brachii</strong></span> <span class='ocrx_word' id='word_1_321' title='bbox 908 4263 1060 4328; x_wconf 71' lang='lat' dir='ltr'><strong>saecularis</strong></span> <span class='ocrx_word' id='word_1_322' title='bbox 1081 4263 1249 4344; x_wconf 84' lang='lat' dir='ltr'><strong>invocetis,</strong></span> <span class='ocrx_word' id='word_1_323' title='bbox 1268 4264 1352 4346; x_wconf 86' lang='lat' dir='ltr'><strong>juxta</strong></span> 
     </span>
     <span class='ocr_line' id='line_1_38' title="bbox 157 4363 1351 4441; baseline 0 -12"><span class='ocrx_word' id='word_1_324' title='bbox 157 4365 261 4431; x_wconf 89' lang='lat' dir='ltr'><strong>dictae</strong></span> <span class='ocrx_word' id='word_1_325' title='bbox 275 4365 405 4431; x_wconf 88' lang='lat' dir='ltr'><strong>ultimae</strong></span> <span class='ocrx_word' id='word_1_326' title='bbox 420 4364 509 4430; x_wconf 90' lang='lat' dir='ltr'><strong>vobis</strong></span> <span class='ocrx_word' id='word_1_327' title='bbox 524 4363 626 4429; x_wconf 86' lang='lat' dir='ltr'><strong>factae</strong></span> <span class='ocrx_word' id='word_1_328' title='bbox 649 4363 877 4429; x_wconf 90' lang='lat' dir='ltr'><strong>commissionis</strong></span> <span class='ocrx_word' id='word_1_329' title='bbox 898 4365 970 4441; x_wconf 81' lang='lat' dir='ltr'><strong>vim,</strong></span> <span class='ocrx_word' id='word_1_330' title='bbox 994 4363 1125 4430; x_wconf 82' lang='lat' dir='ltr'><strong>formam</strong></span> <span class='ocrx_word' id='word_1_331' title='bbox 1146 4370 1182 4431; x_wconf 91' lang='lat' dir='ltr'><strong>et</strong></span> <span class='ocrx_word' id='word_1_332' title='bbox 1204 4372 1351 4431; x_wconf 87' lang='lat' dir='ltr'><strong>tenorem</strong></span> 
     </span>
    </p>

    <p class='ocr_par' dir='ltr' id='par_1_5' title="bbox 157 4463 1352 4750">
     <span class='ocr_line' id='line_1_39' title="bbox 259 4463 1347 4548; baseline -0.001 -18"><span class='ocrx_word' id='word_1_333' title='bbox 259 4465 325 4531; x_wconf 88' lang='lat' dir='ltr'><strong>Nos</strong></span> <span class='ocrx_word' id='word_1_334' title='bbox 346 4467 445 4548; x_wconf 80' lang='lat' dir='ltr'><strong>igitur</strong></span> <span class='ocrx_word' id='word_1_335' title='bbox 458 4463 549 4530; x_wconf 91' lang='lat' dir='ltr'><strong>Oddo</strong></span> <span class='ocrx_word' id='word_1_336' title='bbox 565 4464 745 4544; x_wconf 85' lang='lat' dir='ltr'><strong>cardinalis,</strong></span> <span class='ocrx_word' id='word_1_337' title='bbox 764 4465 864 4546; x_wconf 83' lang='lat' dir='ltr'><strong>judex</strong></span> <span class='ocrx_word' id='word_1_338' title='bbox 879 4471 912 4529; x_wconf 93' lang='lat' dir='ltr'><strong>et</strong></span> <span class='ocrx_word' id='word_1_339' title='bbox 928 4465 1165 4531; x_wconf 86' lang='lat' dir='ltr'><strong>commissarius</strong></span> <span class='ocrx_word' id='word_1_340' title='bbox 1180 4465 1347 4548; x_wconf 81' lang='lat' dir='ltr'><strong>praefatus,</strong></span> 
     </span>
     <span class='ocr_line' id='line_1_40' title="bbox 162 4565 1352 4650; baseline -0.001 -17"><span class='ocrx_word' id='word_1_341' title='bbox 162 4566 364 4633; x_wconf 88' lang='lat' dir='ltr'><strong>attendentes</strong></span> <span class='ocrx_word' id='word_1_342' title='bbox 394 4567 632 4650; x_wconf 88' lang='lat' dir='ltr'><strong>requisitionem</strong></span> <span class='ocrx_word' id='word_1_343' title='bbox 659 4565 839 4648; x_wconf 90' lang='lat' dir='ltr'><strong>hujusmodi</strong></span> <span class='ocrx_word' id='word_1_344' title='bbox 870 4565 937 4631; x_wconf 87' lang='lat' dir='ltr'><strong>iore</strong></span> <span class='ocrx_word' id='word_1_345' title='bbox 969 4566 1088 4649; x_wconf 89' lang='lat' dir='ltr'><strong>justam</strong></span> <span class='ocrx_word' id='word_1_346' title='bbox 1120 4570 1155 4632; x_wconf 90' lang='lat' dir='ltr'><strong>et</strong></span> <span class='ocrx_word' id='word_1_347' title='bbox 1189 4582 1352 4634; x_wconf 91' lang='lat' dir='ltr'><strong>consonam</strong></span> 
     </span>
     <span class='ocr_line' id='line_1_41' title="bbox 157 4666 1350 4750; baseline -0.002 -17"><span class='ocrx_word' id='word_1_348' title='bbox 157 4667 283 4749; x_wconf 87' lang='lat' dir='ltr'><strong>rationi,</strong></span> <span class='ocrx_word' id='word_1_349' title='bbox 317 4672 351 4734; x_wconf 92' lang='lat' dir='ltr'><strong>et</strong></span> <span class='ocrx_word' id='word_1_350' title='bbox 371 4667 447 4749; x_wconf 89' lang='lat' dir='ltr'><strong>quia</strong></span> <span class='ocrx_word' id='word_1_351' title='bbox 467 4686 505 4735; x_wconf 84' lang='lat' dir='ltr'><strong>ex</strong></span> <span class='ocrx_word' id='word_1_352' title='bbox 527 4666 759 4749; x_wconf 75' lang='lat' dir='ltr'><strong>informatione,</strong></span> <span class='ocrx_word' id='word_1_353' title='bbox 788 4685 881 4749; x_wconf 87' lang='lat' dir='ltr'><strong>quum</strong></span> <span class='ocrx_word' id='word_1_354' title='bbox 902 4667 1078 4746; x_wconf 81' lang='lat' dir='ltr'><strong>habuimus,</strong></span> <span class='ocrx_word' id='word_1_355' title='bbox 1102 4668 1296 4750; x_wconf 84' lang='lat' dir='ltr'><strong>praesertim</strong></span> <span class='ocrx_word' id='word_1_356' title='bbox 1314 4680 1350 4731; x_wconf 81' lang='lat' dir='ltr'><strong>ea</strong></span> 
     </span>
    </p>
   </div>
   <div class='ocr_carea' id='block_1_4' title="bbox 0 0 1510 5258">
    <p class='ocr_par' dir='ltr' id='par_1_6' title="bbox 0 0 1510 5258">
     <span class='ocr_line' id='line_1_42' title="bbox 0 0 1510 5258; baseline 0 0"><span class='ocrx_word' id='word_1_357' title='bbox 0 0 1510 5258; x_wconf 95' lang='lat' dir='ltr'><strong> </strong></span> 
     </span>
    </p>
   </div>
  </div>
 </body>
</html>
