2992 5258
149 399 211 465 648
417 393 623 448 Controversiam
638 392 672 446 do
690 393 820 459 religiono
838 394 864 446 in
883 392 1024 446 Bohemiae
1043 393 1118 447 llltl.

159 605 192 665 et
214 597 411 680 Hieronymi,
435 595 633 662 abundantes
659 595 824 679 impietate
847 601 880 662 et
901 595 1042 679 perfidia,
1071 597 1230 680 usquead
1255 599 1343 677 sacri

152 700 240 782 legas
261 699 389 782 nuptias
411 696 587 781 procedere
609 715 672 762 nou
694 703 862 762 verentur:
887 697 973 779 ipsos
986 696 1067 762 duos
1081 699 1343 783 praenominatos,

148 817 228 884 quos
250 818 352 883 nuper
372 799 451 865 haec
473 815 566 863 sacra
586 798 728 880 synodus
749 804 907 880 tamquam
922 799 1102 866 haereticos
1122 805 1199 866 eta
1223 799 1343 869 fidedo

148 904 216 968 vius
234 902 323 983 justo
345 900 568 966 condemnavit
585 898 714 982 judicio,
744 901 778 965 in
801 901 927 983 templis
949 900 1001 966 dei
1024 918 1082 983 pro
1104 900 1210 968 beatis
1238 902 1343 986 depin-

149 1007 235 1085 gunt
258 1002 291 1067 in
313 1000 606 1084 praedicationibus
627 1016 684 1066 eos
699 1007 828 1067 sanctos
848 1002 916 1067 iore
938 1008 1096 1076 astruunt
1118 1004 1152 1067 in
1174 1001 1289 1070 officiis
1301 1003 1344 1069 di·

150 1104 231 1168 vinis
253 1101 414 1183 suffragiis
434 1102 603 1181 honorant,
626 1103 739 1168 missas
751 1110 786 1169 ut
807 1119 867 1184 pro
889 1103 1082 1184 martyribus
1103 1110 1279 1184 canuntet
1292 1105 1343 1171 bu·

151 1204 252 1269 mines
273 1203 475 1285 blasphemos
498 1209 531 1268 et
553 1204 741 1284 hacreticua
776 1203 912 1269 traditos
933 1221 992 1285 per
1014 1210 1157 1270 sanctam
1180 1204 1341 1272 ecclesiam

153 1303 300 1383 Satanae,
323 1304 422 1369 veluti
437 1305 518 1369 coeli
541 1303 625 1369 cives
642 1310 674 1371 et
688 1304 878 1370 domesticos
901 1303 952 1370 dei
968 1305 1076 1370 colunt
1095 1309 1128 1371 et
1144 1313 1343 1372 venerantur.

149 1406 285 1488 Insuper
307 1422 493 1487 perversum
516 1422 626 1470 eorum
650 1404 772 1486 dogma,
796 1404 886 1486 quasi
907 1403 1102 1471 hereditario
1121 1405 1196 1486 jure
1227 1405 1274 1471 eis
1298 1426 1344 1472 re·

83 1566 88 1571 .
151 1506 270 1584 lictum,
300 1506 501 1571 incessanter
522 1506 718 1586 canonisant‚
749 1513 781 1569 et
809 1522 873 1570 non
894 1505 997 1585 aliter,
1028 1524 1121 1587 quam
1153 1507 1343 1573 universales

150 1624 361 1686 successores
385 1624 512 1672 errores
535 1625 593 1688 per
616 1606 778 1689 praelatos
801 1605 980 1671 haereticos
1002 1606 1175 1672 seminatos
1198 1614 1342 1690 perpetu·

151 1727 207 1775 are
223 1707 399 1789 cupientes,
416 1707 536 1773 animas
553 1707 742 1790 simplicium
757 1714 909 1772 aeternae
922 1707 1034 1773 mortis
1048 1707 1172 1790 laqueis
1186 1707 1342 1788 innodant

153 1813 186 1874 et
207 1808 351 1873 literatos
375 1813 408 1872 et
421 1808 615 1875 illuminatos
636 1809 801 1889 utriusque
823 1824 919 1872 senus
934 1806 1086 1888 homines,
1109 1813 1268 1891 quotquot
1278 1827 1342 1892 pos·

153 1908 281 1975 suntin
304 1927 391 1974 suam
414 1910 603 1991 pertrahere
625 1907 799 1992 perfidiam,
815 1907 982 1989 multiplici
1003 1904 1114 1972 fraude
1137 1907 1302 1992 decipiunt
1316 1915 1342 1976 et

151 2009 314 2074 seducunt.
343 2009 503 2086 Quantum
531 2015 636 2075 autem
664 2009 696 2073 hi
719 2025 869 2075 excessus
896 2007 1125 2074 abominabiles
1147 2010 1179 2074 in
1207 2017 1344 2077 conmm-

151 2116 217 2195 tum
239 2111 416 2192 majestatis
439 2111 491 2175 dei
512 2111 659 2176 altissimi
681 2110 807 2190 cadunt,
830 2116 982 2191 qnantum
1003 2115 1141 2189 vergunt
1166 2110 1201 2175 in
1216 2111 1341 2193 vilipen·

150 2212 235 2278 dium
251 2218 379 2277 sanctae
395 2212 504 2277 matris
518 2210 680 2290 ecelesiae,
704 2211 793 2292 cujus
809 2216 1015 2275 contemnunt
1029 2212 1206 2276 sententias
1228 2218 1262 2277 et
1275 2230 1341 2277 cen·

150 2334 251 2395 suras,
269 2315 347 2382 satis
362 2313 514 2394 intelligit
530 2319 563 2377 ct
578 2312 731 2377 abhorret
746 2309 879 2393 quilibet
895 2309 1103 2377 Christianus.
1127 2312 1249 2380 Taliter
1269 2315 1343 2378 eninr

152 2423 252 2498 agunt
274 2417 305 2481 bi
327 2415 488 2480 bominum
510 2413 706 2492 seductores,
730 2421 765 2477 ut
787 2430 896 2477 verum
918 2412 969 2491 sit
985 2413 1069 2492 quod
1084 2411 1219 2479 dicitur:
1241 2431 1344 2496 pecca·

150 2526 214 2598 tor,
238 2537 307 2583 cum
330 2517 361 2581 in
385 2512 574 2596 profundum
595 2513 747 2578 malorum
770 2512 961 2594 pervenerit
986 2515 1171 2579 contemnit.
1187 2514 1255 2598 Ipsi
1269 2515 1344 2580 enim

152 2616 309 2682 mandatis
325 2614 487 2692 ecclcsiae,
512 2615 573 2679 imo
596 2612 657 2692 dei,
675 2612 789 2677 lortius
805 2631 897 2693 quam
914 2610 1070 2678 hacteuus
1092 2613 1268 2696 obsistunt,
1282 2634 1345 2698 per-

154 2720 289 2785 tinacius
313 2714 548 2793 contradicunt,
584 2713 831 2778 contemtibilius
860 2712 1087 2794 blasphemant
1115 2718 1149 2780 et
1177 2714 1345 2782 ferventius

152 2820 313 2897 saeviunt3
336 2819 444 2898 sicque
456 2818 489 2881 in
502 2816 588 2881 nullo
600 2816 761 2894 minuitur,
781 2814 837 2879 sed
849 2819 1074 2895 augmentatur
1090 2821 1124 2881 ct
1135 2833 1264 2898 semper
1280 2835 1345 2884 cou-

154 2929 205 2988 tra
227 2919 434 2986 orthodoxam
458 2916 551 2981 fidem
574 2915 682 2982 inflata
703 2915 861 2999 superbia,
892 2914 1035 2996 adeoque
1058 2915 1179 2982 viribus
1203 2924 1236 2983 et
1262 2917 1346 2985 facts

154 3022 300 3088 omnibus
323 3018 537 3102 progreditur,
560 3024 596 3082 ut
617 3015 770 3083 ascendat
792 3033 893 3098 usqne
915 3016 948 3080 in
970 3003 1125 3083 altissima
1146 3019 1245 3097 cocli3
1269 3037 1346 3085 cres

155 3126 198 3189 cit
219 3123 366 3188 similiter
382 3127 493 3186 contra
515 3119 680 3184 ecclesiam
695 3118 746 3183 dei
759 3119 792 3183 in
808 3118 990 3184 rebellando
1007 3121 1214 3201 contumacia,
1239 3127 1273 3186 et
1288 3127 1347 3186 tum

155 3224 226 3306 ipsi,
255 3223 364 3288 audita
386 3222 511 3286 illorum
533 3220 822 3303 perditissimorum
843 3221 1003 3285 bominum
1033 3219 1299 3287 condemnatione
1318 3226 1346 3284 ct

155 3342 244 3403 nece,
260 3323 334 3388 iacti
357 3329 432 3387 sunt
454 3321 485 3385 in
508 3320 624 3386 studiis
640 3321 706 3385 suis
729 3319 986 3386 detestabiliores
1001 3320 1157 3403 pessimis,
1174 3322 1275 3388 multu
1288 3339 1345 3387 arn·

157 3424 251 3506 plius,
280 3442 371 3504 quarn
401 3428 496 3487 antea
518 3422 655 3486 iuverunt.
678 3421 720 3486 Et
750 3427 785 3485 ut
807 3419 846 3485 ad
876 3422 1013 3502 speciem
1047 3420 1289 3514 descendamus
1317 3421 1346 3485 in

155 3525 344 3605 subscriptis
367 3522 531 3588 erroribus
552 3521 726 3587 excedunt:

253 3625 367 3704 Primo,
397 3622 481 3705 quod
503 3623 582 3688 certi
605 3621 798 3688 Wielefistae
825 3622 865 3687 de
893 3623 1102 3689 universitate
1125 3624 1290 3706 Pragensi‚
1317 3629 1347 3689 et

153 3727 207 3791 ulii
230 3726 413 3793 sacerdotes
436 3744 494 3807 per
516 3742 571 3790 eos
594 3724 713 3804 infecti,
735 3742 862 3790 errores
874 3724 991 3790 Wiclei
1010 3732 1043 3790 et
1065 3723 1134 3789 Hus
1162 3726 1195 3790 in
1217 3723 1345 3790 concilio

154 3827 380 3893 condemnatos
402 3824 628 3908 praedicarunt
641 3833 673 3889 et
695 3826 881 3907 praedicare
905 3843 967 3890 non
990 3831 1118 3891 cessant
1129 3825 1181 3890 die
1193 3824 1347 3894 hodierna

159 3935 255 4010 prout
286 3928 319 3992 in
349 3927 500 4009 proximis
536 3926 714 4007 expositum
742 3936 792 3992 est
822 3925 983 4008 Majestuti
1016 3925 1169 4003 Vestrae3
1200 3931 1232 3992 et
1272 3923 1348 4007 quud

156 4029 237 4095 certi
260 4029 400 4094 barones
423 4035 455 4094 et
477 4029 601 4094 nobiles
623 4029 714 4109 regni
730 4027 900 4093 Bohemiae
921 4044 976 4092 eos
999 4026 1115 4105 fovent
1131 4034 1307 4109 protegunt
1319 4033 1349 4091 et

111 4207 113 4212 ¹
156 4129 337 4198 defendunt,
362 4130 415 4211 qui
437 4129 516 4194 alias
538 4148 596 4210 per
611 4127 719 4194 literas
736 4147 809 4194 suas
824 4129 939 4208 sigillis
954 4129 1094 4210 ipsorum
1110 4127 1264 4210 appensis
1279 4145 1346 4193 oon·

157 4230 299 4310 signatas
322 4247 411 4296 sacro
437 4229 571 4296 concilio
593 4230 653 4294 hoc
676 4230 778 4312 ipsum
802 4230 1053 4295 declaraverunt.

256 4330 335 4394 Item
358 4330 442 4395 ultra
463 4330 534 4396 illos
557 4347 694 4410 errores,
717 4336 829 4395 contra
849 4328 1148 4394 determinationem
1171 4329 1256 4394 sacri
1277 4345 1345 4395 con·

156 4431 220 4497 cilii
242 4429 499 4496 Constantiensis
521 4429 716 4511 praedicant,
744 4430 896 4511 populum
914 4428 1031 4494 debere
1047 4428 1281 4495 communicare
1294 4427 1347 4493 sub

157 4539 291 4612 utruque
314 4533 421 4612 specie
443 4533 502 4596 sub
525 4548 627 4612 poena
648 4530 859 4596 damnationis
880 4536 1040 4595 aeternae.
1064 4528 1106 4595 Et
1126 4528 1174 4595 ita
1204 4530 1347 4614 pupulum

158 4631 275 4713 passim
295 4631 527 4698 communicant
547 4632 580 4696 in
602 4630 784 4697 civitatibus
807 4636 840 4697 ut
861 4630 953 4696 villis.
