2992 5258
141 152 205 217 294
349 151 422 206 Petri
440 151 475 207 de
492 151 670 208 Mladenowie
685 151 782 207 relatio
800 150 834 206 do
851 151 889 207 Μ.
907 151 933 208 J.
951 152 1010 208 lius
1027 167 1122 209 eausa:

141 350 176 416 in
198 351 280 417 libro
302 352 473 418 clausulam
496 373 599 434 uuam,
622 353 653 418 in
670 372 733 434 qua
746 353 907 420 invehitur
923 362 1034 421 contra
1048 356 1139 435 tales,
1161 354 1202 421 de
1222 357 1339 437 quous

143 469 250 534 supra,
282 452 407 518 dicens:
438 456 501 519 Pro
530 461 618 520 certo
640 454 760 519 similes
781 462 856 520 sunt
877 455 910 519 in
933 456 993 521 hoc
1014 457 1212 539 principibus
1234 474 1341 522 sacer·

143 553 252 617 dotum
274 554 450 635 pharisaeis
472 561 506 621 et
528 555 650 634 scribis,
675 555 728 635 qui
751 555 894 620 dicentes
916 556 956 620 ad
978 557 1131 622 Pilatumt
1153 557 1255 623 Nubis
1276 574 1343 623 non

143 654 219 719 licet
248 653 428 720 interficere
457 674 659 737 quemquam,
693 656 895 721 tradiderunt
918 656 964 721 illi
987 658 1115 737 iesum,
1148 664 1182 723 et
1202 657 1343 738 majores

142 760 219 819 suut
240 755 424 835 homicidae,
447 775 540 837 quarn
561 758 692 826 Pilatus,
715 756 843 822 Christo
867 763 1016 836 testante,
1040 758 1095 838 qui
1116 758 1174 823 ait:
1207 758 1270 835 Qui
1292 774 1342 822 me

122 908 125 915 .
142 853 275 920 tradidit
296 856 363 936 tibi,
384 857 484 938 majus
506 864 672 938 peccatum
694 857 799 921 habet.
843 858 932 922 Tunc
952 858 1059 922 statim
1074 876 1188 937 magno
1203 857 1344 923 tumultu

142 960 178 1020 et
205 973 368 1021 murmure
397 958 684 1037 succlamaverunt,
718 958 860 1023 dicentes
892 958 932 1023 ad
961 960 1158 1039 magistmm:
1183 960 1245 1037 Qui
1267 963 1345 1022 sunt

145 1053 265 1120 similes
286 1056 371 1121 illis?
395 1057 509 1123 Nonne
531 1059 586 1136 illi,
608 1059 662 1139 qni
685 1047 880 1124 haereticum
903 1059 1069 1124 traderent
1095 1060 1226 1124 brachio
1251 1076 1345 1123 secu·

145 1154 228 1220 lari?
249 1155 409 1238 Maya'ster
428 1159 607 1238 respmadit:
629 1159 678 1224 illi
702 1159 755 1240 qui
778 1161 979 1224 innocentem
1000 1159 1042 1224 ad
1061 1165 1197 1225 mortem
1212 1158 1344 1224 brachio

146 1254 284 1320 seculari
310 1266 515 1339 exponerent,
539 1259 621 1323 sicut
640 1259 786 1324 iecerunt
800 1260 960 1341 principes
985 1258 1195 1338 sacerdotum,
1219 1258 1344 1324 scribae

147 1359 181 1419 et
208 1356 373 1422 Pharisaei
405 1357 541 1437 Christo,
575 1360 677 1440 ipsum
709 1360 811 1424 Pilato
845 1350 1017 1424 tradentes.
1060 1359 1109 1422 Et
1139 1359 1191 1421 illi
1223 1355 1345 1420 elamo-

147 1456 241 1517 daat:
261 1455 341 1536 Non,
380 1477 453 1538 non,
486 1465 592 1523 himen
626 1459 677 1523 hic
708 1459 851 1539 loqueris
885 1459 924 1522 de
957 1458 1149 1523 doctoribus
1193 1458 1243 1521 Et
1274 1476 1345 1519 cor·

147 1553 269 1618 daulis
298 1558 534 1623 cummarcanis
563 1559 664 1621 dicit:
706 1558 773 1623 Ista
808 1565 883 1623 sunt
914 1558 1013 1623 multo
1049 1559 1215 1639 graviora,
1251 1575 1346 1638 quam

147 1672 228 1736 quae
249 1658 518 1737 articulabantur3
541 1678 599 1741 pro
622 1664 719 1738 certo,
744 1659 806 1740 ipsi
828 1659 883 1723 illa
905 1658 956 1738 pie
979 1658 1239 1723 articulaveruut.

246 1756 349 1836 Ratio,
372 1776 470 1839 quare
493 1761 657 1839 graviora:
680 1767 778 1839 certe,
801 1759 875 1840 quia
897 1775 952 1824 eos
976 1759 1046 1841 plus
1061 1758 1215 1840 tangebat
1227 1757 1346 1825 lactum

146 1854 217 1936 hoc,
242 1855 435 1924 addiderunt
456 1859 649 1925 sacerdotes.

250 2011 297 2067 19.
319 2007 440 2070 Monadi
465 2008 583 2071 nobiles
609 2010 719 2071 delent
747 2007 928 2088 compellere
956 2008 1133 2071 eocardotes
1165 2007 1211 2070 acl
1237 2009 1345 2071 obaer-

147 2107 289 2167 ooatiom
312 2105 389 2188 lepis
411 2110 538 2173 Cimoli.
562 2110 610 2189 (οο
633 2112 671 2174 17
694 2109 743 2188 Β.)

250 2233 316 2298 Ista
329 2234 506 2316 propositio
521 2254 585 2300 non
600 2234 646 2299 sic
657 2240 722 2299 stat
737 2236 769 2299 in
784 2235 875 2315 libro,
897 2232 954 2299 scd
967 2233 1070 2312 aliter,
1094 2233 1176 2298 sicut
1188 2233 1347 2314 seqrritur:

247 2360 288 2420 Et
309 2356 345 2419 4⁰
366 2368 448 2434 optat
481 2369 511 2421 et
542 2363 693 2435 praedicat
722 2379 791 2436 pars
814 2368 931 2432 nostra,
959 2360 1036 2434 quod
1063 2360 1190 2420 militans
1218 2359 1347 2420 eeclesia

151 2458 265 2518 sincere
289 2462 447 2520 seeundum
468 2470 581 2535 partes,
616 2479 687 2536 quas
710 2462 855 2521 ordinavit
876 2461 1025 2531 domiuus,
1048 2461 1087 2519 sit
1115 2460 1211 2529 mixta,
1234 2461 1350 2520 scilieet

151 2575 187 2617 ex
211 2561 413 2619 sacerdotibus
437 2561 555 2631 Christi,
577 2579 650 2634 pure
672 2562 767 2635 legem
790 2578 870 2620 suom
893 2560 1091 2628 servantibus,
1114 2576 1150 2618 ex
1173 2560 1275 2619 mundi
1296 2576 1349 2619 no·

150 2659 275 2729 bilibus,
309 2662 346 2719 nd
377 2661 592 2721 observantiam
616 2662 810 2721 ordinationis
833 2660 942 2720 Christi
966 2661 1223 2733 compellentibus,
1252 2667 1285 2719 et
1312 2677 1348 2719 ox

151 2760 334 2836 vulgaribus,
364 2762 479 2836 utrique
502 2762 624 2821 istarum
656 2761 783 2834 partium
818 2762 976 2820 secundum
1010 2760 1105 2833 legem
1133 2760 1245 2821 Christi
1265 2760 1349 2820 mini·

153 2861 322 2923 strontibus.

252 3015 300 3071 20.
324 3009 507 3072 obedientia
536 3009 744 3072 ecclesiastico
769 3015 814 3071 eet
846 3008 1020 3071 obedientia
1051 3007 1222 3069 secundom
1253 3008 1350 3071 odia·

151 3109 324 3170 mentionem
351 3110 550 3171 sacerdotum
578 3108 735 3183 ecclesiae,
763 3118 894 3190 praeter
922 3129 1102 3189 cupressum
1129 3109 1352 3172 oaaotoritoteno

152 3210 394 3290 seripturarum.
420 3208 553 3290 (0⁰17.)

252 3333 320 3400 Ista
342 3335 388 3399 sic
410 3336 514 3400 estin
536 3333 638 3400 libro:

254 3463 429 3534 Notandum,
452 3464 529 3537 quod
552 3463 658 3536 triplex
681 3468 728 3522 est
749 3461 933 3536 obedientia,
956 3460 1020 3520 scil.
1043 3459 1215 3532 spiritualis,
1237 3456 1358 3520 secolo-

155 3564 197 3622 ris
220 3569 250 3622 et
271 3564 487 3624 ecclesiastica:
515 3565 689 3636 spiritualis,
720 3578 794 3636 quae
823 3569 868 3620 est
896 3577 967 3633 pure
997 3559 1154 3619 secundum
1176 3558 1274 3632 legem
1303 3558 1360 3619 dei

156 3663 264 3733 debita,
287 3664 340 3722 sub
363 3665 441 3737 quali
463 3665 597 3723 vixerunt
619 3665 752 3723 Christus
775 3668 805 3722 et
826 3662 962 3734 apostoli,
985 3666 1015 3719 et
1035 3661 1144 3720 debent
1164 3659 1265 3718 rivere
1288 3658 1379 3719 sin-1

155 3764 216 3837 guli
239 3764 417 3835 Christiani3
442 3766 610 3823 ohedientia
639 3765 781 3823 secularis
804 3771 851 3822 est
880 3762 1048 3821 obedientia
1069 3759 1172 3819 debita
1193 3760 1354 3819 secundum

156 3863 239 3938 leges
262 3863 377 3936 civiles3
406 3865 574 3924 obedientia
596 3865 798 3923 ecclesiastica
824 3869 872 3922 est
893 3862 1060 3921 obedientia
1088 3859 1249 3919 seeundum
1270 3860 1354 3919 adin-

156 3966 323 4024 ventionem
337 3964 522 4023 sacerdotum
545 3964 697 4033 ecclesiae,
714 3970 833 4037 praeter
855 3979 1024 4034 expressam
1038 3961 1244 4020 auctoritatem
1259 3961 1348 4031 scrip·

158 4073 250 4124 turae.
273 4065 372 4123 Prima
393 4065 563 4123 obedientia
586 4081 703 4137 semper
719 4066 849 4124 excludit
871 4065 908 4122 de
931 4080 963 4123 se
985 4062 1106 4131 malum,
1128 4067 1187 4121 tam
1209 4066 1347 4132 exparte

157 4165 367 4237 praecipientis
396 4183 481 4239 quam
511 4165 691 4234 obedientis,
725 4172 755 4224 et
776 4165 813 4223 de
835 4165 888 4222 illa
909 4164 1015 4222 dicitur
1036 4162 1122 4220 Dent
1150 4163 1207 4220 24:
1238 4160 1346 4229 Facies,

158 4280 356 4338 quaecumque
379 4266 535 4326 docuerint
559 4271 588 4325 te
612 4266 782 4325 sacerdotes
810 4265 919 4324 levitici
953 4262 1070 4336 generis
1094 4264 1180 4335 juxta
1205 4261 1249 4332 id,
1276 4258 1346 4335 qood

157 4371 295 4443 praecepi
320 4368 371 4426 eis.
1071 4383 1073 4386 ·
