2992 5258
150 442 216 506 450
406 438 614 492 vermeriae
629 436 666 492 da
680 437 810 505 reliam
828 437 856 492 in
873 436 1021 493 Bohemia:
1039 439 1110 491 1412.

150 642 231 707 locis
251 641 312 706 snb
333 642 437 722 sigillo
459 658 528 719 suo,
549 640 784 721 praemittendo
806 641 1086 722 protestationem,
1108 640 1272 706 mandavit
1294 639 1354 704 snb

152 743 261 809 debito
277 742 478 808 obedientiae
501 750 536 806 et
561 741 619 804 sub
635 757 740 822 poena
760 760 819 822 per
841 742 943 822 ipsam
964 741 1152 806 facultatem
1170 740 1359 821 iufflgenda,

152 844 296 909 omnibus
330 850 363 907 et
396 843 529 923 singuiis
561 842 777 907 baccalaureis
812 841 952 922 ejusdem
986 842 1161 921 facultatis,
1197 848 1358 922 qnatenus

121 944 123 948 ’
151 944 259 1009 nulius
280 960 390 1008 eorum
411 947 550 1008 attentet
572 941 814 1007 determinando
837 942 887 1005 vei
910 940 1095 1007 diffiniendo
1118 948 1235 1008 contra
1249 941 1354 1007 bullas

151 1042 189 1108 il.
212 1045 327 1125 Papae.

251 1198 289 1259 It.
323 1213 386 1260 non
415 1193 563 1260 obstante
593 1194 648 1259 tali
677 1192 825 1258 mandato
858 1192 1041 1274 praedictus
1075 1193 1117 1259 M.
1146 1193 1292 1260 loannes
1314 1192 1354 1259 de

151 1296 294 1361 Husiuec
315 1312 411 1360 ausus
434 1295 493 1360 init
514 1300 676 1359 attentare
699 1300 732 1359 et
753 1294 858 1358 iacere
882 1293 1093 1373 contrarium,
1127 1312 1300 1376 personam
1322 1302 1354 1359 et

150 1397 254 1463 bnilas
287 1395 324 1459 D.
359 1396 464 1476 Papae
498 1394 706 1471 diffamando,
736 1403 769 1459 et
791 1412 946 1476 personas
969 1403 1097 1461 nostras
1120 1397 1152 1460 in
1177 1414 1299 1477 genere
1322 1402 1354 1463 et

151 1498 335 1563 mandatum
364 1501 509 1560 nostrum
542 1496 575 1560 in
601 1496 718 1561 scholis
741 1501 774 1560 et
800 1496 832 1560 in
855 1497 1003 1573 ambone,
1035 1496 1118 1560 sicut
1140 1496 1202 1561 sibi
1226 1496 1351 1579 placuit,

151 1598 258 1664 verbis
274 1597 442 1662 derisoriis
457 1596 649 1679 proferendo
666 1605 699 1662 et
721 1597 955 1679 pertractando.
979 1597 1027 1660 Ex
1043 1596 1158 1676 quibus
1173 1615 1238 1664 uon
1253 1598 1352 1662 solnm

152 1700 184 1764 in
206 1699 313 1765 odium
341 1698 379 1762 de
402 1698 543 1775 clericis,
578 1717 687 1762 verum
712 1706 744 1762 et
770 1699 896 1780 populis
919 1716 1026 1762 sumus
1049 1697 1146 1780 positi
1170 1698 1351 1763 scandalum

152 1800 374 1881 plurimorum,
403 1800 465 1863 imo
495 1799 602 1863 verius
631 1799 727 1863 etiam
754 1817 813 1880 pro
840 1800 983 1863 erroneis
1006 1805 1039 1863 et
1060 1797 1181 1878 ignaris
1204 1817 1352 1863 sumusa

152 1901 297 1983 pluribus
313 1900 482 1976 crinrinati;
503 1900 557 1964 ubi
572 1900 718 1964 etiamen
732 1900 858 1978 talibus,
875 1917 913 1963 ex
928 1901 1089 1964 sententia
1101 1899 1142 1962 de
1154 1899 1348 1964 Antichristo

152 2002 435 2084 suprapracmissa,
459 2019 496 2064 ac
518 2000 623 2077 etiarn,
647 2006 682 2064 nt
705 1999 856 2079 creditur,
881 2018 918 2062 ex
942 1999 1129 2079 quibusdam
1151 1999 1298 2064 articulis
1317 2006 1348 2062 et

152 2101 354 2184 opinionibus
397 2100 519 2176 WicIei,
560 2098 739 2164 credulitati
774 2100 963 2164 universalis
1000 2100 1155 2164 ecclesiae
1188 2100 1349 2166 militantis

153 2202 331 2276 contrariis,
348 2218 430 2265 riona
445 2201 550 2281 gravis
567 2200 723 2265 dissensio
740 2209 773 2265 et
786 2201 896 2265 odiosa
911 2199 1071 2265 discordia
1093 2201 1126 2265 in
1142 2201 1346 2266 universitate

153 2310 186 2368 et
207 2304 240 2366 in
263 2301 381 2384 populo
404 2307 455 2367 est
477 2301 609 2365 suborta
631 2308 664 2366 et
685 2300 789 2366 adbuc
811 2301 872 2364 iren
896 2299 991 2365 hodie
1013 2301 1147 2364 muitum
1169 2303 1290 2382 vigens.

252 2454 290 2517 lt,
313 2452 579 2534 protestationem
594 2452 799 2533 praemissam
822 2451 854 2514 in
871 2451 1081 2516 universitate
1097 2450 1231 2517 lecimus
1247 2453 1343 2529 verbo,

152 2572 190 2617 ac
207 2553 301 2617 etiam
318 2552 581 2635 protestationem
594 2560 627 2616 et
641 2552 824 2617 mandatnm
837 2552 1069 2634 praescriptum
1084 2552 1218 2618 fecimus
1235 2554 1343 2636 scripto

153 2661 264 2718 nostro
298 2654 355 2717 snb
389 2652 509 2733 sigillo:
544 2653 617 2733 quia
650 2652 808 2716 credimus
843 2651 1047 2733 simpliciter,
1081 2654 1165 2718 sicut
1191 2660 1226 2720 et
1247 2661 1344 2736 patres

152 2754 255 2817 nostri
288 2751 509 2832 crediderunt,
547 2758 580 2817 et
602 2753 685 2817 sicut
718 2752 941 2818 Christianitas
974 2772 1034 2833 per
1067 2762 1221 2818 centenos
1254 2770 1343 2820 annos

152 2853 257 2918 tennit
272 2861 305 2918 et
320 2851 465 2933 credidit,
489 2854 573 2934 qnod
589 2873 671 2935 papa
686 2853 789 2935 possit
812 2861 845 2918 ct
867 2859 973 2935 potest
996 2853 1073 2917 dare
1096 2854 1223 2936 plenam
1239 2855 1341 2920 remis·

151 2955 273 3019 sionem
303 2955 442 3019 omnium
464 2960 686 3036 peccatorum,
715 2959 811 3036 prout
834 2955 866 3017 in
890 2952 983 3018 finem
1006 2955 1094 3019 ilium
1117 2964 1229 3037 patres
1251 2952 1341 3020 sancti

152 3073 252 3119 annos
278 3055 437 3135 jubilaeos
470 3055 679 3120 instituerunt
703 3063 735 3118 et
756 3054 957 3119 multimodas
983 3055 1200 3136 indulgentias
1224 3074 1280 3138 pro
1301 3053 1340 3118 di·

150 3156 252 3218 versis
283 3155 427 3219 ecclesiis
457 3155 675 3233 contulerunt;
706 3154 864 3219 credimus
895 3156 1006 3233 etiam,
1036 3155 1120 3237 quod
1144 3177 1229 3239 papa
1250 3153 1338 3240 possit

151 3272 284 3320 evocare
301 3253 421 3319 Christi
437 3254 548 3320 fideles
570 3257 601 3319 in
625 3257 817 3320 necessitate
841 3262 873 3320 et
895 3255 1037 3320 subsidia
1058 3257 1098 3322 ab
1121 3257 1168 3321 eis
1191 3257 1338 3340 postulare

152 3355 340 3436 temporalia
370 3374 428 3437 pro
456 3355 615 3421 Romanae
646 3357 734 3420 urbis
763 3363 793 3422 et
818 3356 972 3420 ecclcsiae
1001 3354 1204 3435 defensione,
1227 3358 1280 3421 nbi
1299 3358 1337 3419 est

151 3455 244 3520 sedes
274 3456 439 3521 beatorum
469 3458 556 3520 Petri
592 3464 625 3521 et
646 3457 735 3520 Pauli
765 3459 983 3538 apostolorum
1009 3456 1128 3522 Christi
1152 3459 1334 3527 vicariorum,

151 3558 249 3621 acad
272 3542 535 3637 compescendum
558 3565 592 3621 et
613 3556 824 3622 revocandum
847 3557 1048 3624 adversarios
1071 3578 1108 3623 ac
1132 3559 1270 3624 rebelles
1288 3554 1333 3621 ini·

152 3658 249 3721 micos
273 3657 428 3721 ecclesiae
451 3661 484 3722 et
499 3657 761 3731 Christianorum,
780 3659 873 3722 sicuti
897 3660 1095 3723 scismaticos
1118 3660 1332 3728 ethaerencos

151 3756 314 3836 largiendo
328 3758 444 3821 talibus
463 3757 616 3822 confessis
628 3766 660 3821 et
676 3758 823 3821 contritis
840 3760 966 3839 plenam
979 3760 1203 3825 remissionem
1215 3759 1331 3825 omniun

150 3864 364 3938 peccatorum.

733 4176 768 4241 Β.

247 4361 401 4440 anialra'
422 4360 562 4421 Jnnmnia
585 4361 660 4420 Has
683 4360 720 4421 de
736 4362 878 4424 Huainec
898 4363 1037 4442 seqnitur
1058 4362 1222 4443 replicatio
1236 4367 1331 4425 conire

148 4461 316 4520 materiam
333 4462 577 4540 praescriptam.
792 4526 800 4539 ⁸

252 4561 386 4625 Videtur
415 4562 489 4624 milri
514 4580 571 4642 pro
595 4562 678 4626 bono
701 4563 839 4628 civitatis
862 4565 1032 4643 [bagensis
1056 4583 1115 4627 uec
1137 4583 1200 4630 non
1223 4563 1333 4629 nniver-

148 4661 271 4739 sitatis,
300 4661 522 4740 magistrorum
545 4669 578 4726 at
601 4662 804 4742 scholarium,
836 4672 932 4745 prout
957 4675 1060 4729 sermm·
1080 4667 1232 4749 princeps
1255 4663 1337 4737 Wan-
