<?xml version="1.0" encoding="UTF-8"?>
<!DOCTYPE html PUBLIC "-//W3C//DTD XHTML 1.0 Transitional//EN"
    "http://www.w3.org/TR/xhtml1/DTD/xhtml1-transitional.dtd">
<html xmlns="http://www.w3.org/1999/xhtml" xml:lang="en" lang="en">
 <head>
  <title>
</title>
<meta http-equiv="Content-Type" content="text/html;charset=utf-8" />
  <meta name='ocr-system' content='tesseract 3.04.00' />
  <meta name='ocr-capabilities' content='ocr_page ocr_carea ocr_par ocr_line ocrx_word'/>
</head>
<body>
  <div class='ocr_page' id='page_1' title='image "./documentamagjoa00palagoog_0349.png"; bbox 0 0 2992 5258; ppageno 0'>
   <div class='ocr_carea' id='block_1_1' title="bbox 149 386 1101 456">
    <p class='ocr_par' dir='ltr' id='par_1_1' title="bbox 149 386 1101 456">
     <span class='ocr_line' id='line_1_1' title="bbox 149 386 1101 456; baseline -0.003 -14"><span class='ocrx_word' id='word_1_1' title='bbox 149 394 211 456; x_wconf 83' lang='lat'>328</span> <span class='ocrx_word' id='word_1_2' title='bbox 393 388 596 442; x_wconf 70' lang='lat' dir='ltr'>controversiae</span> <span class='ocrx_word' id='word_1_3' title='bbox 615 389 648 442; x_wconf 93' lang='lat' dir='ltr'>de</span> <span class='ocrx_word' id='word_1_4' title='bbox 666 388 797 451; x_wconf 67' lang='lat' dir='ltr'>relictoue</span> <span class='ocrx_word' id='word_1_5' title='bbox 815 387 842 438; x_wconf 91' lang='lat' dir='ltr'>in</span> <span class='ocrx_word' id='word_1_6' title='bbox 860 386 1005 439; x_wconf 87' lang='lat' dir='ltr'>Bohemia:</span> <span class='ocrx_word' id='word_1_7' title='bbox 1025 387 1101 440; x_wconf 77' lang='lat'>1403:</span> 
     </span>
    </p>
   </div>
   <div class='ocr_carea' id='block_1_2' title="bbox 150 591 1350 1782">
    <p class='ocr_par' dir='ltr' id='par_1_2' title="bbox 150 591 1346 976">
     <span class='ocr_line' id='line_1_2' title="bbox 251 591 1346 675; baseline -0.002 -18"><span class='ocrx_word' id='word_1_8' title='bbox 251 596 338 672; x_wconf 79' lang='lat' dir='ltr'>Quae</span> <span class='ocrx_word' id='word_1_9' title='bbox 352 592 477 675; x_wconf 89' lang='lat' dir='ltr'>quidem</span> <span class='ocrx_word' id='word_1_10' title='bbox 493 594 594 658; x_wconf 89' lang='lat' dir='ltr'>forma</span> <span class='ocrx_word' id='word_1_11' title='bbox 609 592 786 672; x_wconf 79' lang='lat' dir='ltr'>uerborum,</span> <span class='ocrx_word' id='word_1_12' title='bbox 805 593 887 657; x_wconf 92' lang='lat' dir='ltr'>sicut</span> <span class='ocrx_word' id='word_1_13' title='bbox 903 593 1130 674; x_wconf 82' lang='lat' dir='ltr'>praemittitur,</span> <span class='ocrx_word' id='word_1_14' title='bbox 1143 591 1264 673; x_wconf 86' lang='lat' dir='ltr'>scripta</span> <span class='ocrx_word' id='word_1_15' title='bbox 1276 597 1346 655; x_wconf 88' lang='lat' dir='ltr'>erat</span> 
     </span>
     <span class='ocr_line' id='line_1_3' title="bbox 150 691 1345 775; baseline -0.003 -17"><span class='ocrx_word' id='word_1_16' title='bbox 150 695 183 758; x_wconf 92' lang='lat' dir='ltr'>in</span> <span class='ocrx_word' id='word_1_17' title='bbox 199 701 287 760; x_wconf 90' lang='lat' dir='ltr'>carta</span> <span class='ocrx_word' id='word_1_18' title='bbox 300 694 421 775; x_wconf 81' lang='lat' dir='ltr'>papyri,</span> <span class='ocrx_word' id='word_1_19' title='bbox 446 699 478 758; x_wconf 89' lang='lat' dir='ltr'>et</span> <span class='ocrx_word' id='word_1_20' title='bbox 493 712 550 775; x_wconf 90' lang='lat' dir='ltr'>per</span> <span class='ocrx_word' id='word_1_21' title='bbox 567 695 817 775; x_wconf 87' lang='lat' dir='ltr'>suprascriptum</span> <span class='ocrx_word' id='word_1_22' title='bbox 831 693 868 756; x_wconf 91' lang='lat' dir='ltr'>D.</span> <span class='ocrx_word' id='word_1_23' title='bbox 882 691 1088 771; x_wconf 81' lang='lat' dir='ltr'>Waltherum</span> <span class='ocrx_word' id='word_1_24' title='bbox 1110 693 1297 774; x_wconf 86' lang='lat' dir='ltr'>magistrum</span> <span class='ocrx_word' id='word_1_25' title='bbox 1313 692 1345 756; x_wconf 94' lang='lat' dir='ltr'>in</span> 
     </span>
     <span class='ocr_line' id='line_1_4' title="bbox 150 792 1346 875; baseline -0.003 -15"><span class='ocrx_word' id='word_1_26' title='bbox 150 795 284 874; x_wconf 86' lang='lat' dir='ltr'>artibus,</span> <span class='ocrx_word' id='word_1_27' title='bbox 308 800 463 859; x_wconf 85' lang='lat' dir='ltr'>rectorem</span> <span class='ocrx_word' id='word_1_28' title='bbox 487 794 703 858; x_wconf 87' lang='lat' dir='ltr'>univcrsitatis</span> <span class='ocrx_word' id='word_1_29' title='bbox 726 793 839 873; x_wconf 83' lang='lat' dir='ltr'>dictae,</span> <span class='ocrx_word' id='word_1_30' title='bbox 862 793 1005 858; x_wconf 87' lang='lat' dir='ltr'>omnibus</span> <span class='ocrx_word' id='word_1_31' title='bbox 1027 794 1187 875; x_wconf 77' lang='lat' dir='ltr'><strong>magistris</strong></span> <span class='ocrx_word' id='word_1_32' title='bbox 1203 792 1346 874; x_wconf 88' lang='lat' dir='ltr'>ejusdcm</span> 
     </span>
     <span class='ocr_line' id='line_1_5' title="bbox 156 893 1346 976; baseline -0.003 -17"><span class='ocrx_word' id='word_1_33' title='bbox 156 896 256 959; x_wconf 85' lang='lat' dir='ltr'>almae</span> <span class='ocrx_word' id='word_1_34' title='bbox 270 896 486 961; x_wconf 90' lang='lat' dir='ltr'>univcrsitatis</span> <span class='ocrx_word' id='word_1_35' title='bbox 503 894 619 960; x_wconf 87' lang='lat' dir='ltr'>ibidem</span> <span class='ocrx_word' id='word_1_36' title='bbox 631 895 832 976; x_wconf 80' lang='lat' dir='ltr'>congregatis</span> <span class='ocrx_word' id='word_1_37' title='bbox 847 895 971 960; x_wconf 85' lang='lat' dir='ltr'>exstitit</span> <span class='ocrx_word' id='word_1_38' title='bbox 982 894 1065 959; x_wconf 85' lang='lat' dir='ltr'>lecta</span> <span class='ocrx_word' id='word_1_39' title='bbox 1087 902 1119 959; x_wconf 87' lang='lat' dir='ltr'>et</span> <span class='ocrx_word' id='word_1_40' title='bbox 1130 893 1346 976; x_wconf 86' lang='lat' dir='ltr'>pronuntiata.</span> 
     </span>
    </p>

    <p class='ocr_par' dir='ltr' id='par_1_3' title="bbox 150 995 1350 1782">
     <span class='ocr_line' id='line_1_6' title="bbox 257 995 1346 1078; baseline -0.002 -18"><span class='ocrx_word' id='word_1_41' title='bbox 257 995 324 1073; x_wconf 84' lang='lat' dir='ltr'>Qua</span> <span class='ocrx_word' id='word_1_42' title='bbox 353 996 437 1061; x_wconf 91' lang='lat' dir='ltr'>lecta</span> <span class='ocrx_word' id='word_1_43' title='bbox 465 997 547 1061; x_wconf 85' lang='lat' dir='ltr'>idern</span> <span class='ocrx_word' id='word_1_44' title='bbox 577 997 726 1062; x_wconf 92' lang='lat' dir='ltr'>dominus</span> <span class='ocrx_word' id='word_1_45' title='bbox 749 1004 855 1062; x_wconf 89' lang='lat' dir='ltr'>rector</span> <span class='ocrx_word' id='word_1_46' title='bbox 878 996 1020 1078; x_wconf 86' lang='lat' dir='ltr'>duplices</span> <span class='ocrx_word' id='word_1_47' title='bbox 1043 995 1194 1060; x_wconf 83' lang='lat' dir='ltr'>articulos</span> <span class='ocrx_word' id='word_1_48' title='bbox 1216 996 1250 1058; x_wconf 94' lang='lat' dir='ltr'>in</span> <span class='ocrx_word' id='word_1_49' title='bbox 1273 1011 1346 1076; x_wconf 92' lang='lat' dir='ltr'>per-</span> 
     </span>
     <span class='ocr_line' id='line_1_7' title="bbox 153 1094 1348 1179; baseline -0.003 -17"><span class='ocrx_word' id='word_1_50' title='bbox 153 1114 286 1177; x_wconf 83' lang='lat' dir='ltr'>gameno</span> <span class='ocrx_word' id='word_1_51' title='bbox 309 1098 481 1178; x_wconf 90' lang='lat' dir='ltr'>separatim</span> <span class='ocrx_word' id='word_1_52' title='bbox 503 1100 534 1162; x_wconf 93' lang='lat' dir='ltr'>in</span> <span class='ocrx_word' id='word_1_53' title='bbox 558 1100 655 1164; x_wconf 87' lang='lat' dir='ltr'>cartis</span> <span class='ocrx_word' id='word_1_54' title='bbox 677 1098 810 1179; x_wconf 87' lang='lat' dir='ltr'>privatis</span> <span class='ocrx_word' id='word_1_55' title='bbox 832 1098 1040 1179; x_wconf 75' lang='lat' dir='ltr'>conscriptos¹</span> <span class='ocrx_word' id='word_1_56' title='bbox 1065 1096 1135 1176; x_wconf 87' lang='lat' dir='ltr'>sibi,</span> <span class='ocrx_word' id='word_1_57' title='bbox 1159 1100 1195 1160; x_wconf 91' lang='lat' dir='ltr'>ut</span> <span class='ocrx_word' id='word_1_58' title='bbox 1209 1094 1348 1171; x_wconf 81' lang='lat' dir='ltr'>dicebat,</span> 
     </span>
     <span class='ocr_line' id='line_1_8' title="bbox 152 1195 1347 1279; baseline -0.004 -16"><span class='ocrx_word' id='word_1_59' title='bbox 152 1216 210 1279; x_wconf 93' lang='lat' dir='ltr'>per</span> <span class='ocrx_word' id='word_1_60' title='bbox 226 1197 428 1263; x_wconf 82' lang='lat' dir='ltr'>honorabiles</span> <span class='ocrx_word' id='word_1_61' title='bbox 443 1196 528 1263; x_wconf 89' lang='lat' dir='ltr'>viros</span> <span class='ocrx_word' id='word_1_62' title='bbox 543 1198 687 1263; x_wconf 91' lang='lat' dir='ltr'>dominos</span> <span class='ocrx_word' id='word_1_63' title='bbox 702 1199 856 1264; x_wconf 79' lang='lat' dir='ltr'>loannem</span> <span class='ocrx_word' id='word_1_64' title='bbox 883 1198 974 1277; x_wconf 86' lang='lat' dir='ltr'>llbel,</span> <span class='ocrx_word' id='word_1_65' title='bbox 998 1195 1163 1262; x_wconf 85' lang='lat' dir='ltr'>officialem</span> <span class='ocrx_word' id='word_1_66' title='bbox 1190 1195 1347 1261; x_wconf 83' lang='lat' dir='ltr'>ccclesiae</span> 
     </span>
     <span class='ocr_line' id='line_1_9' title="bbox 151 1295 1345 1377; baseline 0.001 -17"><span class='ocrx_word' id='word_1_67' title='bbox 151 1297 333 1377; x_wconf 84' lang='lat' dir='ltr'>Pragensis‚</span> <span class='ocrx_word' id='word_1_68' title='bbox 356 1303 389 1363; x_wconf 88' lang='lat' dir='ltr'>et</span> <span class='ocrx_word' id='word_1_69' title='bbox 401 1298 622 1363; x_wconf 90' lang='lat' dir='ltr'>Wenccslaum</span> <span class='ocrx_word' id='word_1_70' title='bbox 643 1299 898 1364; x_wconf 81' lang='lat' dir='ltr'>archidiaconum</span> <span class='ocrx_word' id='word_1_71' title='bbox 913 1298 1142 1363; x_wconf 92' lang='lat' dir='ltr'>Bechinensem</span> <span class='ocrx_word' id='word_1_72' title='bbox 1157 1297 1190 1361; x_wconf 94' lang='lat' dir='ltr'>in</span> <span class='ocrx_word' id='word_1_73' title='bbox 1206 1295 1345 1361; x_wconf 86' lang='lat' dir='ltr'>ccclesia</span> 
     </span>
     <span class='ocr_line' id='line_1_10' title="bbox 152 1395 1347 1480; baseline -0.002 -19"><span class='ocrx_word' id='word_1_74' title='bbox 152 1398 315 1477; x_wconf 73' lang='lat' dir='ltr'>pragensi,</span> <span class='ocrx_word' id='word_1_75' title='bbox 350 1398 490 1479; x_wconf 87' lang='lat' dir='ltr'>ejusdem</span> <span class='ocrx_word' id='word_1_76' title='bbox 522 1399 675 1464; x_wconf 87' lang='lat' dir='ltr'>ecclesiae</span> <span class='ocrx_word' id='word_1_77' title='bbox 698 1399 875 1478; x_wconf 75' lang='lat' dir='ltr'>canonicos,</span> <span class='ocrx_word' id='word_1_78' title='bbox 898 1399 1025 1462; x_wconf 89' lang='lat' dir='ltr'>nominc</span> <span class='ocrx_word' id='word_1_79' title='bbox 1038 1397 1168 1480; x_wconf 90' lang='lat' dir='ltr'>capituli</span> <span class='ocrx_word' id='word_1_80' title='bbox 1190 1395 1347 1462; x_wconf 87' lang='lat' dir='ltr'>ecclcsiae</span> 
     </span>
     <span class='ocr_line' id='line_1_11' title="bbox 152 1497 1350 1583; baseline -0.001 -22"><span class='ocrx_word' id='word_1_81' title='bbox 152 1498 323 1579; x_wconf 78' lang='lat' dir='ltr'>Pragcnsis</span> <span class='ocrx_word' id='word_1_82' title='bbox 351 1499 533 1581; x_wconf 82' lang='lat' dir='ltr'>praedictae</span> <span class='ocrx_word' id='word_1_83' title='bbox 562 1506 799 1583; x_wconf 81' lang='lat' dir='ltr'>praesentatos,</span> <span class='ocrx_word' id='word_1_84' title='bbox 831 1519 889 1582; x_wconf 92' lang='lat' dir='ltr'>per</span> <span class='ocrx_word' id='word_1_85' title='bbox 918 1519 966 1564; x_wconf 92' lang='lat' dir='ltr'>me</span> <span class='ocrx_word' id='word_1_86' title='bbox 998 1499 1155 1563; x_wconf 85' lang='lat' dir='ltr'>notarium</span> <span class='ocrx_word' id='word_1_87' title='bbox 1184 1497 1350 1580; x_wconf 89' lang='lat' dir='ltr'>publicum</span> 
     </span>
     <span class='ocr_line' id='line_1_12' title="bbox 153 1597 1350 1682; baseline 0.001 -20"><span class='ocrx_word' id='word_1_88' title='bbox 153 1597 391 1682; x_wconf 79' lang='lat' dir='ltr'>infrascriptum</span> <span class='ocrx_word' id='word_1_89' title='bbox 414 1601 477 1680; x_wconf 81' lang='lat' dir='ltr'>legi</span> <span class='ocrx_word' id='word_1_90' title='bbox 499 1602 575 1666; x_wconf 85' lang='lat' dir='ltr'>fecit</span> <span class='ocrx_word' id='word_1_91' title='bbox 596 1601 636 1667; x_wconf 92' lang='lat' dir='ltr'>de</span> <span class='ocrx_word' id='word_1_92' title='bbox 651 1602 747 1667; x_wconf 92' lang='lat' dir='ltr'>verbo</span> <span class='ocrx_word' id='word_1_93' title='bbox 763 1602 803 1667; x_wconf 86' lang='lat' dir='ltr'>ad</span> <span class='ocrx_word' id='word_1_94' title='bbox 818 1601 958 1667; x_wconf 91' lang='lat' dir='ltr'>verbum.</span> <span class='ocrx_word' id='word_1_95' title='bbox 985 1600 1124 1679; x_wconf 83' lang='lat' dir='ltr'>Quorum</span> <span class='ocrx_word' id='word_1_96' title='bbox 1140 1597 1350 1665; x_wconf 87' lang='lat' dir='ltr'>articulorum</span> 
     </span>
     <span class='ocr_line' id='line_1_13' title="bbox 150 1700 939 1782; baseline 0.004 -20"><span class='ocrx_word' id='word_1_97' title='bbox 150 1700 262 1779; x_wconf 64' lang='lat' dir='ltr'>prima</span> <span class='ocrx_word' id='word_1_98' title='bbox 279 1721 361 1780; x_wconf 81' lang='lat' dir='ltr'>pora</span> <span class='ocrx_word' id='word_1_99' title='bbox 383 1700 527 1782; x_wconf 90' lang='lat' dir='ltr'>sequitur</span> <span class='ocrx_word' id='word_1_100' title='bbox 550 1701 589 1766; x_wconf 89' lang='lat' dir='ltr'>dc</span> <span class='ocrx_word' id='word_1_101' title='bbox 612 1702 710 1767; x_wconf 87' lang='lat' dir='ltr'>verbo</span> <span class='ocrx_word' id='word_1_102' title='bbox 733 1701 939 1767; x_wconf 87' lang='lat' dir='ltr'>adverbum:</span> 
     </span>
    </p>
   </div>
   <div class='ocr_carea' id='block_1_3' title="bbox 154 1848 1395 4707">
    <p class='ocr_par' dir='ltr' id='par_1_4' title="bbox 154 1848 1352 2086">
     <span class='ocr_line' id='line_1_14' title="bbox 253 1848 1351 1917; baseline -0.001 -14"><span class='ocrx_word' id='word_1_103' title='bbox 253 1849 329 1917; x_wconf 86' lang='lat' dir='ltr'>(„lsti</span> <span class='ocrx_word' id='word_1_104' title='bbox 347 1855 409 1904; x_wconf 89' lang='lat' dir='ltr'>suut</span> <span class='ocrx_word' id='word_1_105' title='bbox 426 1850 532 1904; x_wconf 84' lang='lat' dir='ltr'>articuli</span> <span class='ocrx_word' id='word_1_106' title='bbox 542 1851 580 1904; x_wconf 89' lang='grc' dir='ltr'>Μ.</span> <span class='ocrx_word' id='word_1_107' title='bbox 597 1848 822 1905; x_wconf 83' lang='lat' dir='ltr'>JoaunisWiclei</span> <span class='ocrx_word' id='word_1_108' title='bbox 837 1849 1006 1905; x_wconf 84' lang='lat' dir='ltr'>condemnati</span> <span class='ocrx_word' id='word_1_109' title='bbox 1024 1849 1161 1905; x_wconf 87' lang='lat' dir='ltr'>Londonis</span> <span class='ocrx_word' id='word_1_110' title='bbox 1174 1850 1351 1903; x_wconf 78' lang='lat' dir='ltr'>inconvento</span> 
     </span>
     <span class='ocr_line' id='line_1_15' title="bbox 154 1931 1352 2003; baseline 0 -17"><span class='ocrx_word' id='word_1_111' title='bbox 154 1931 375 1988; x_wconf 85' lang='lat' dir='ltr'>Praedicatorum</span> <span class='ocrx_word' id='word_1_112' title='bbox 393 1949 417 1987; x_wconf 87' lang='lat' dir='ltr'>a.</span> <span class='ocrx_word' id='word_1_113' title='bbox 437 1933 463 1986; x_wconf 90' lang='lat' dir='ltr'>d.</span> <span class='ocrx_word' id='word_1_114' title='bbox 482 1936 549 1987; x_wconf 73' lang='lat'>1380</span> <span class='ocrx_word' id='word_1_115' title='bbox 565 1950 582 1988; x_wconf 93' lang='lat' dir='ltr'>a</span> <span class='ocrx_word' id='word_1_116' title='bbox 600 1935 665 1988; x_wconf 84' lang='lat' dir='ltr'>lllll</span> <span class='ocrx_word' id='word_1_117' title='bbox 689 1935 821 2003; x_wconf 89' lang='lat' dir='ltr'>episcopis</span> <span class='ocrx_word' id='word_1_118' title='bbox 840 1942 868 1987; x_wconf 90' lang='lat' dir='ltr'>et</span> <span class='ocrx_word' id='word_1_119' title='bbox 884 1934 1086 2003; x_wconf 82' lang='lat' dir='ltr'>archiepiscopo</span> <span class='ocrx_word' id='word_1_120' title='bbox 1105 1933 1305 2000; x_wconf 63' lang='lat' dir='ltr'>Centauricus,</span> <span class='ocrx_word' id='word_1_121' title='bbox 1323 1940 1352 1987; x_wconf 86' lang='lat' dir='ltr'>et</span> 
     </span>
     <span class='ocr_line' id='line_1_16' title="bbox 155 2017 611 2086; baseline 0.007 -16"><span class='ocrx_word' id='word_1_122' title='bbox 155 2032 172 2070; x_wconf 88' lang='lat' dir='ltr'>a</span> <span class='ocrx_word' id='word_1_123' title='bbox 189 2017 223 2072; x_wconf 82' lang='lat'>30</span> <span class='ocrx_word' id='word_1_124' title='bbox 239 2017 376 2084; x_wconf 79' lang='lat' dir='ltr'>magistris</span> <span class='ocrx_word' id='word_1_125' title='bbox 394 2017 422 2070; x_wconf 90' lang='lat' dir='ltr'>in</span> <span class='ocrx_word' id='word_1_126' title='bbox 439 2017 611 2086; x_wconf 55' lang='lat' dir='ltr'>theologias)</span> 
     </span>
    </p>

    <p class='ocr_par' dir='ltr' id='par_1_5' title="bbox 155 2103 1373 2268">
     <span class='ocr_line' id='line_1_17' title="bbox 261 2103 1373 2186; baseline 0.003 -19"><span class='ocrx_word' id='word_1_127' title='bbox 261 2108 287 2168; x_wconf 87' lang='lat' dir='ltr'>l.</span> <span class='ocrx_word' id='word_1_128' title='bbox 310 2103 493 2169; x_wconf 84' lang='lat' dir='ltr'>Substantia</span> <span class='ocrx_word' id='word_1_129' title='bbox 514 2104 687 2169; x_wconf 85' lang='lat' dir='ltr'>materialis</span> <span class='ocrx_word' id='word_1_130' title='bbox 710 2104 800 2186; x_wconf 87' lang='lat' dir='ltr'>penis</span> <span class='ocrx_word' id='word_1_131' title='bbox 823 2105 940 2168; x_wconf 90' lang='lat' dir='ltr'>etvini</span> <span class='ocrx_word' id='word_1_132' title='bbox 962 2107 1122 2171; x_wconf 89' lang='lat' dir='ltr'>manetin</span> <span class='ocrx_word' id='word_1_133' title='bbox 1153 2112 1373 2172; x_wconf 72' lang='lat' dir='ltr'>sacramente»</span> 
     </span>
     <span class='ocr_line' id='line_1_18' title="bbox 155 2203 274 2268; baseline -0.008 0"><span class='ocrx_word' id='word_1_134' title='bbox 155 2203 274 2268; x_wconf 84' lang='lat' dir='ltr'>altaris.</span> 
     </span>
    </p>

    <p class='ocr_par' dir='ltr' id='par_1_6' title="bbox 162 2304 1382 2473">
     <span class='ocr_line' id='line_1_19' title="bbox 257 2304 1382 2388; baseline 0.003 -20"><span class='ocrx_word' id='word_1_135' title='bbox 257 2309 285 2368; x_wconf 85' lang='lat'>2.</span> <span class='ocrx_word' id='word_1_136' title='bbox 308 2304 346 2370; x_wconf 90' lang='lat' dir='ltr'>lt.</span> <span class='ocrx_word' id='word_1_137' title='bbox 369 2305 554 2371; x_wconf 79' lang='lat' dir='ltr'>decidentia</span> <span class='ocrx_word' id='word_1_138' title='bbox 574 2307 665 2388; x_wconf 90' lang='lat' dir='ltr'>panis</span> <span class='ocrx_word' id='word_1_139' title='bbox 687 2326 749 2372; x_wconf 93' lang='lat' dir='ltr'>uon</span> <span class='ocrx_word' id='word_1_140' title='bbox 772 2314 900 2372; x_wconf 90' lang='lat' dir='ltr'>manent</span> <span class='ocrx_word' id='word_1_141' title='bbox 921 2308 989 2370; x_wconf 88' lang='lat' dir='ltr'>sine</span> <span class='ocrx_word' id='word_1_142' title='bbox 1012 2305 1157 2387; x_wconf 87' lang='lat' dir='ltr'>subjecto</span> <span class='ocrx_word' id='word_1_143' title='bbox 1179 2311 1255 2388; x_wconf 90' lang='lat' dir='ltr'>post</span> <span class='ocrx_word' id='word_1_144' title='bbox 1279 2325 1382 2373; x_wconf 92' lang='lat' dir='ltr'>con—</span> 
     </span>
     <span class='ocr_line' id='line_1_20' title="bbox 162 2405 789 2473; baseline 0 -3"><span class='ocrx_word' id='word_1_145' title='bbox 162 2405 371 2471; x_wconf 86' lang='lat' dir='ltr'>secrationem</span> <span class='ocrx_word' id='word_1_146' title='bbox 394 2406 427 2469; x_wconf 95' lang='lat' dir='ltr'>in</span> <span class='ocrx_word' id='word_1_147' title='bbox 449 2405 560 2473; x_wconf 92' lang='lat' dir='ltr'>eodem</span> <span class='ocrx_word' id='word_1_148' title='bbox 582 2415 789 2472; x_wconf 88' lang='lat' dir='ltr'>sacramento.</span> 
     </span>
    </p>

    <p class='ocr_par' dir='ltr' id='par_1_7' title="bbox 161 2506 1395 2692">
     <span class='ocr_line' id='line_1_21' title="bbox 259 2506 1395 2586; baseline 0.002 -14"><span class='ocrx_word' id='word_1_149' title='bbox 259 2512 288 2572; x_wconf 87' lang='grc'>3.</span> <span class='ocrx_word' id='word_1_150' title='bbox 312 2507 403 2586; x_wconf 83' lang='lat' dir='ltr'>Quod</span> <span class='ocrx_word' id='word_1_151' title='bbox 433 2506 579 2574; x_wconf 83' lang='lat' dir='ltr'>Christus</span> <span class='ocrx_word' id='word_1_152' title='bbox 608 2526 672 2574; x_wconf 93' lang='lat' dir='ltr'>non</span> <span class='ocrx_word' id='word_1_153' title='bbox 703 2516 752 2574; x_wconf 89' lang='lat' dir='ltr'>est</span> <span class='ocrx_word' id='word_1_154' title='bbox 779 2510 811 2572; x_wconf 92' lang='lat' dir='ltr'>in</span> <span class='ocrx_word' id='word_1_155' title='bbox 842 2508 954 2573; x_wconf 88' lang='lat' dir='ltr'>eodem</span> <span class='ocrx_word' id='word_1_156' title='bbox 981 2513 1180 2573; x_wconf 89' lang='lat' dir='ltr'>sacramento</span> <span class='ocrx_word' id='word_1_157' title='bbox 1212 2508 1395 2577; x_wconf 77' lang='lat' dir='ltr'>identice</span> 
     </span>
     <span class='ocr_line' id='line_1_22' title="bbox 161 2608 1044 2692; baseline 0.001 -20"><span class='ocrx_word' id='word_1_158' title='bbox 161 2626 240 2674; x_wconf 89' lang='lat' dir='ltr'>vere</span> <span class='ocrx_word' id='word_1_159' title='bbox 263 2614 296 2673; x_wconf 91' lang='lat' dir='ltr'>et</span> <span class='ocrx_word' id='word_1_160' title='bbox 316 2608 446 2675; x_wconf 86' lang='lat' dir='ltr'>realiter</span> <span class='ocrx_word' id='word_1_161' title='bbox 468 2609 501 2673; x_wconf 94' lang='lat' dir='ltr'>in</span> <span class='ocrx_word' id='word_1_162' title='bbox 522 2610 652 2692; x_wconf 90' lang='lat' dir='ltr'>propria</span> <span class='ocrx_word' id='word_1_163' title='bbox 673 2611 856 2692; x_wconf 88' lang='lat' dir='ltr'>praesentia</span> <span class='ocrx_word' id='word_1_164' title='bbox 879 2609 1044 2691; x_wconf 86' lang='lat' dir='ltr'>corporali.</span> 
     </span>
    </p>

    <p class='ocr_par' dir='ltr' id='par_1_8' title="bbox 162 2708 1382 2896">
     <span class='ocr_line' id='line_1_23' title="bbox 258 2708 1382 2792; baseline 0.001 -18"><span class='ocrx_word' id='word_1_165' title='bbox 258 2713 287 2774; x_wconf 83' lang='lat'>4.</span> <span class='ocrx_word' id='word_1_166' title='bbox 312 2708 401 2787; x_wconf 82' lang='lat' dir='ltr'>Quod</span> <span class='ocrx_word' id='word_1_167' title='bbox 423 2710 450 2775; x_wconf 91' lang='lat' dir='ltr'>si</span> <span class='ocrx_word' id='word_1_168' title='bbox 474 2711 641 2792; x_wconf 89' lang='lat' dir='ltr'>episcopus</span> <span class='ocrx_word' id='word_1_169' title='bbox 663 2711 712 2776; x_wconf 80' lang='lat' dir='ltr'>vel</span> <span class='ocrx_word' id='word_1_170' title='bbox 735 2710 884 2775; x_wconf 87' lang='lat' dir='ltr'>sacerdos</span> <span class='ocrx_word' id='word_1_171' title='bbox 907 2711 1025 2776; x_wconf 88' lang='lat' dir='ltr'>existat</span> <span class='ocrx_word' id='word_1_172' title='bbox 1046 2711 1079 2774; x_wconf 94' lang='lat' dir='ltr'>in</span> <span class='ocrx_word' id='word_1_173' title='bbox 1111 2716 1245 2791; x_wconf 86' lang='lat' dir='ltr'>peccato</span> <span class='ocrx_word' id='word_1_174' title='bbox 1273 2728 1382 2776; x_wconf 65' lang='lat' dir='ltr'>mor</span> 
     </span>
     <span class='ocr_line' id='line_1_24' title="bbox 162 2809 964 2896; baseline 0 -21"><span class='ocrx_word' id='word_1_175' title='bbox 162 2810 228 2890; x_wconf 81' lang='lat' dir='ltr'>tali,</span> <span class='ocrx_word' id='word_1_176' title='bbox 252 2828 313 2875; x_wconf 91' lang='lat' dir='ltr'>non</span> <span class='ocrx_word' id='word_1_177' title='bbox 337 2810 472 2896; x_wconf 81' lang='lat' dir='ltr'>ordinat,</span> <span class='ocrx_word' id='word_1_178' title='bbox 496 2829 555 2876; x_wconf 91' lang='lat' dir='ltr'>nec</span> <span class='ocrx_word' id='word_1_179' title='bbox 577 2809 711 2891; x_wconf 82' lang='lat' dir='ltr'>conficit,</span> <span class='ocrx_word' id='word_1_180' title='bbox 734 2830 794 2876; x_wconf 92' lang='lat' dir='ltr'>nec</span> <span class='ocrx_word' id='word_1_181' title='bbox 815 2809 964 2892; x_wconf 86' lang='lat' dir='ltr'>baptisat.</span> 
     </span>
    </p>

    <p class='ocr_par' dir='ltr' id='par_1_9' title="bbox 162 2909 1387 3094">
     <span class='ocr_line' id='line_1_25' title="bbox 255 2909 1387 2992; baseline 0.001 -18"><span class='ocrx_word' id='word_1_182' title='bbox 255 2913 290 2974; x_wconf 77' lang='lat' dir='ltr'>b.</span> <span class='ocrx_word' id='word_1_183' title='bbox 318 2910 532 2977; x_wconf 90' lang='lat' dir='ltr'>Pertinacitcr</span> <span class='ocrx_word' id='word_1_184' title='bbox 558 2930 719 2991; x_wconf 77' lang='lat' dir='ltr'>asserere,</span> <span class='ocrx_word' id='word_1_185' title='bbox 754 2911 837 2992; x_wconf 90' lang='lat' dir='ltr'>quod</span> <span class='ocrx_word' id='word_1_186' title='bbox 873 2928 936 2975; x_wconf 95' lang='lat' dir='ltr'>non</span> <span class='ocrx_word' id='word_1_187' title='bbox 969 2917 1019 2976; x_wconf 89' lang='lat' dir='ltr'>est</span> <span class='ocrx_word' id='word_1_188' title='bbox 1051 2909 1295 2976; x_wconf 89' lang='lat' dir='ltr'>fundamentum</span> <span class='ocrx_word' id='word_1_189' title='bbox 1328 2910 1387 2975; x_wconf 81' lang='lat' dir='ltr'>i</span> 
     </span>
     <span class='ocr_line' id='line_1_26' title="bbox 162 3011 1198 3094; baseline -0.002 -18"><span class='ocrx_word' id='word_1_190' title='bbox 162 3011 335 3091; x_wconf 82' lang='lat' dir='ltr'>evangelio,</span> <span class='ocrx_word' id='word_1_191' title='bbox 359 3013 443 3094; x_wconf 90' lang='lat' dir='ltr'>quod</span> <span class='ocrx_word' id='word_1_192' title='bbox 466 3012 612 3077; x_wconf 86' lang='lat' dir='ltr'>Christus</span> <span class='ocrx_word' id='word_1_193' title='bbox 635 3012 762 3077; x_wconf 86' lang='lat' dir='ltr'>missam</span> <span class='ocrx_word' id='word_1_194' title='bbox 784 3012 951 3091; x_wconf 73' lang='lat' dir='ltr'>ordinavit,</span> <span class='ocrx_word' id='word_1_195' title='bbox 975 3011 1116 3077; x_wconf 90' lang='lat' dir='ltr'>haeresis</span> <span class='ocrx_word' id='word_1_196' title='bbox 1139 3016 1198 3076; x_wconf 90' lang='lat' dir='ltr'>est.</span> 
     </span>
    </p>

    <p class='ocr_par' dir='ltr' id='par_1_10' title="bbox 164 3112 1395 3296">
     <span class='ocr_line' id='line_1_27' title="bbox 260 3112 1395 3191; baseline 0 -14"><span class='ocrx_word' id='word_1_197' title='bbox 260 3114 288 3177; x_wconf 88' lang='grc'>6.</span> <span class='ocrx_word' id='word_1_198' title='bbox 312 3113 402 3191; x_wconf 84' lang='lat' dir='ltr'>Quod</span> <span class='ocrx_word' id='word_1_199' title='bbox 432 3115 458 3179; x_wconf 92' lang='lat' dir='ltr'>si</span> <span class='ocrx_word' id='word_1_200' title='bbox 486 3114 579 3179; x_wconf 94' lang='lat' dir='ltr'>homo</span> <span class='ocrx_word' id='word_1_201' title='bbox 609 3113 708 3178; x_wconf 87' lang='lat' dir='ltr'>fuerit</span> <span class='ocrx_word' id='word_1_202' title='bbox 734 3113 841 3179; x_wconf 91' lang='lat' dir='ltr'>debite</span> <span class='ocrx_word' id='word_1_203' title='bbox 869 3114 1034 3191; x_wconf 76' lang='lat' dir='ltr'>contritus,</span> <span class='ocrx_word' id='word_1_204' title='bbox 1067 3112 1168 3176; x_wconf 94' lang='lat' dir='ltr'>omnis</span> <span class='ocrx_word' id='word_1_205' title='bbox 1198 3112 1395 3177; x_wconf 80' lang='lat' dir='ltr'>confessi</span> 
     </span>
     <span class='ocr_line' id='line_1_28' title="bbox 164 3212 851 3296; baseline 0.006 -22"><span class='ocrx_word' id='word_1_206' title='bbox 164 3212 305 3278; x_wconf 87' lang='lat' dir='ltr'>exterior</span> <span class='ocrx_word' id='word_1_207' title='bbox 327 3221 377 3279; x_wconf 87' lang='lat' dir='ltr'>est</span> <span class='ocrx_word' id='word_1_208' title='bbox 399 3214 460 3279; x_wconf 93' lang='lat' dir='ltr'>sibi</span> <span class='ocrx_word' id='word_1_209' title='bbox 483 3213 643 3296; x_wconf 91' lang='lat' dir='ltr'>supcrllua</span> <span class='ocrx_word' id='word_1_210' title='bbox 666 3220 700 3278; x_wconf 93' lang='lat' dir='ltr'>et</span> <span class='ocrx_word' id='word_1_211' title='bbox 720 3213 851 3278; x_wconf 87' lang='lat' dir='ltr'>inutilis.</span> 
     </span>
    </p>

    <p class='ocr_par' dir='ltr' id='par_1_11' title="bbox 263 3314 934 3392">
     <span class='ocr_line' id='line_1_29' title="bbox 263 3314 934 3392; baseline -0.004 -13"><span class='ocrx_word' id='word_1_212' title='bbox 263 3318 290 3379; x_wconf 83' lang='lat'>7.</span> <span class='ocrx_word' id='word_1_213' title='bbox 314 3315 405 3392; x_wconf 81' lang='lat' dir='ltr'>erod</span> <span class='ocrx_word' id='word_1_214' title='bbox 427 3316 505 3380; x_wconf 91' lang='lat' dir='ltr'>deus</span> <span class='ocrx_word' id='word_1_215' title='bbox 529 3314 625 3381; x_wconf 89' lang='lat' dir='ltr'>debet</span> <span class='ocrx_word' id='word_1_216' title='bbox 647 3316 777 3381; x_wconf 88' lang='lat' dir='ltr'>obedire</span> <span class='ocrx_word' id='word_1_217' title='bbox 800 3314 934 3380; x_wconf 91' lang='lat' dir='ltr'>diabolo.</span> 
     </span>
    </p>

    <p class='ocr_par' dir='ltr' id='par_1_12' title="bbox 162 3415 1395 3696">
     <span class='ocr_line' id='line_1_30' title="bbox 263 3415 1395 3498; baseline -0.001 -19"><span class='ocrx_word' id='word_1_218' title='bbox 263 3417 292 3479; x_wconf 88' lang='lat'>8.</span> <span class='ocrx_word' id='word_1_219' title='bbox 316 3415 407 3494; x_wconf 84' lang='lat' dir='ltr'>Quod</span> <span class='ocrx_word' id='word_1_220' title='bbox 430 3417 456 3479; x_wconf 93' lang='lat' dir='ltr'>si</span> <span class='ocrx_word' id='word_1_221' title='bbox 478 3435 561 3498; x_wconf 90' lang='lat' dir='ltr'>papa</span> <span class='ocrx_word' id='word_1_222' title='bbox 583 3417 626 3483; x_wconf 89' lang='lat' dir='ltr'>sit</span> <span class='ocrx_word' id='word_1_223' title='bbox 646 3416 824 3498; x_wconf 87' lang='lat' dir='ltr'>praescitus</span> <span class='ocrx_word' id='word_1_224' title='bbox 848 3422 881 3481; x_wconf 92' lang='lat' dir='ltr'>ct</span> <span class='ocrx_word' id='word_1_225' title='bbox 902 3415 1002 3480; x_wconf 85' lang='lat' dir='ltr'>malus</span> <span class='ocrx_word' id='word_1_226' title='bbox 1024 3423 1058 3480; x_wconf 89' lang='lat' dir='ltr'>et</span> <span class='ocrx_word' id='word_1_227' title='bbox 1080 3433 1138 3496; x_wconf 88' lang='lat' dir='ltr'>per</span> <span class='ocrx_word' id='word_1_228' title='bbox 1154 3432 1395 3497; x_wconf 73' lang='lat' dir='ltr'>consequar:</span> 
     </span>
     <span class='ocr_line' id='line_1_31' title="bbox 162 3513 1395 3598; baseline -0.001 -18"><span class='ocrx_word' id='word_1_229' title='bbox 162 3516 338 3580; x_wconf 89' lang='lat' dir='ltr'>membrum</span> <span class='ocrx_word' id='word_1_230' title='bbox 361 3516 487 3591; x_wconf 80' lang='lat' dir='ltr'>diaboli,</span> <span class='ocrx_word' id='word_1_231' title='bbox 510 3536 573 3582; x_wconf 91' lang='lat' dir='ltr'>non</span> <span class='ocrx_word' id='word_1_232' title='bbox 597 3518 693 3583; x_wconf 86' lang='lat' dir='ltr'>habet</span> <span class='ocrx_word' id='word_1_233' title='bbox 722 3523 914 3598; x_wconf 87' lang='lat' dir='ltr'>potestatem</span> <span class='ocrx_word' id='word_1_234' title='bbox 937 3534 1034 3597; x_wconf 89' lang='lat' dir='ltr'>super</span> <span class='ocrx_word' id='word_1_235' title='bbox 1055 3513 1166 3580; x_wconf 86' lang='lat' dir='ltr'>fidelos</span> <span class='ocrx_word' id='word_1_236' title='bbox 1189 3517 1230 3582; x_wconf 90' lang='lat' dir='ltr'>ub</span> <span class='ocrx_word' id='word_1_237' title='bbox 1252 3516 1395 3598; x_wconf 62' lang='lat' dir='ltr'>&amp;liv-</span> 
     </span>
     <span class='ocr_line' id='line_1_32' title="bbox 164 3615 764 3696; baseline -0.002 -16"><span class='ocrx_word' id='word_1_238' title='bbox 164 3616 225 3681; x_wconf 91' lang='lat' dir='ltr'>sibi</span> <span class='ocrx_word' id='word_1_239' title='bbox 250 3615 365 3696; x_wconf 86' lang='lat' dir='ltr'>datam,</span> <span class='ocrx_word' id='word_1_240' title='bbox 390 3617 450 3683; x_wconf 90' lang='lat' dir='ltr'>nisi</span> <span class='ocrx_word' id='word_1_241' title='bbox 472 3618 555 3683; x_wconf 83' lang='lat' dir='ltr'>forte</span> <span class='ocrx_word' id='word_1_242' title='bbox 577 3637 596 3683; x_wconf 84' lang='lat' dir='ltr'>a</span> <span class='ocrx_word' id='word_1_243' title='bbox 618 3617 764 3683; x_wconf 87' lang='lat' dir='ltr'>Caesare.</span> 
     </span>
    </p>

    <p class='ocr_par' dir='ltr' id='par_1_13' title="bbox 165 3716 1395 3900">
     <span class='ocr_line' id='line_1_33' title="bbox 265 3716 1295 3800; baseline 0.001 -19"><span class='ocrx_word' id='word_1_244' title='bbox 265 3719 293 3781; x_wconf 82' lang='lat'>9.</span> <span class='ocrx_word' id='word_1_245' title='bbox 317 3717 407 3795; x_wconf 83' lang='lat' dir='ltr'>Quod</span> <span class='ocrx_word' id='word_1_246' title='bbox 437 3725 510 3800; x_wconf 89' lang='lat' dir='ltr'>post</span> <span class='ocrx_word' id='word_1_247' title='bbox 531 3719 695 3784; x_wconf 86' lang='lat' dir='ltr'>Urbanum</span> <span class='ocrx_word' id='word_1_248' title='bbox 724 3720 768 3783; x_wconf 85' lang='lat' dir='ltr'>VI</span> <span class='ocrx_word' id='word_1_249' title='bbox 802 3736 865 3782; x_wconf 95' lang='lat' dir='ltr'>non</span> <span class='ocrx_word' id='word_1_250' title='bbox 895 3723 944 3782; x_wconf 91' lang='lat' dir='ltr'>est</span> <span class='ocrx_word' id='word_1_251' title='bbox 976 3716 1057 3782; x_wconf 87' lang='lat' dir='ltr'>alius</span> <span class='ocrx_word' id='word_1_252' title='bbox 1090 3716 1295 3798; x_wconf 90' lang='lat' dir='ltr'>recipiendus</span> 
     </span>
     <span class='ocr_line' id='line_1_34' title="bbox 165 3814 1395 3900; baseline -0.002 -19"><span class='ocrx_word' id='word_1_253' title='bbox 165 3834 287 3898; x_wconf 83' lang='lat' dir='ltr'>papam,</span> <span class='ocrx_word' id='word_1_254' title='bbox 314 3819 370 3883; x_wconf 88' lang='lat' dir='ltr'>sed</span> <span class='ocrx_word' id='word_1_255' title='bbox 392 3821 560 3885; x_wconf 82' lang='lat' dir='ltr'>vivendum</span> <span class='ocrx_word' id='word_1_256' title='bbox 584 3827 633 3884; x_wconf 90' lang='lat' dir='ltr'>cst</span> <span class='ocrx_word' id='word_1_257' title='bbox 655 3838 742 3884; x_wconf 90' lang='lat' dir='ltr'>more</span> <span class='ocrx_word' id='word_1_258' title='bbox 765 3821 960 3885; x_wconf 81' lang='lat' dir='ltr'>Graecormn</span> <span class='ocrx_word' id='word_1_259' title='bbox 982 3817 1040 3883; x_wconf 92' lang='lat' dir='ltr'>sub</span> <span class='ocrx_word' id='word_1_260' title='bbox 1062 3817 1187 3899; x_wconf 80' lang='lat' dir='ltr'>legibus</span> <span class='ocrx_word' id='word_1_261' title='bbox 1209 3814 1395 3900; x_wconf 82' lang='lat' dir='ltr'>propr-ii</span> 
     </span>
    </p>

    <p class='ocr_par' dir='ltr' id='par_1_14' title="bbox 165 3914 1395 4203">
     <span class='ocr_line' id='line_1_35' title="bbox 243 3914 1391 4002; baseline -0.004 -19"><span class='ocrx_word' id='word_1_262' title='bbox 243 3923 289 3983; x_wconf 88' lang='grc'>10.</span> <span class='ocrx_word' id='word_1_263' title='bbox 313 3918 431 3985; x_wconf 87' lang='lat' dir='ltr'>Contra</span> <span class='ocrx_word' id='word_1_264' title='bbox 465 3920 654 4002; x_wconf 87' lang='lat' dir='ltr'>scripturam</span> <span class='ocrx_word' id='word_1_265' title='bbox 691 3939 811 3987; x_wconf 85' lang='lat' dir='ltr'>sacram</span> <span class='ocrx_word' id='word_1_266' title='bbox 841 3928 900 4001; x_wconf 85' lang='lat' dir='ltr'>cst,</span> <span class='ocrx_word' id='word_1_267' title='bbox 934 3919 1018 4002; x_wconf 93' lang='lat' dir='ltr'>quod</span> <span class='ocrx_word' id='word_1_268' title='bbox 1058 3918 1117 3982; x_wconf 89' lang='lat' dir='ltr'>viri</span> <span class='ocrx_word' id='word_1_269' title='bbox 1150 3914 1391 3984; x_wconf 82' lang='lat' dir='ltr'>ecclesiasti</span> 
     </span>
     <span class='ocr_line' id='line_1_36' title="bbox 166 4019 1395 4105; baseline -0.003 -21"><span class='ocrx_word' id='word_1_270' title='bbox 166 4020 303 4085; x_wconf 86' lang='lat' dir='ltr'>habeant</span> <span class='ocrx_word' id='word_1_271' title='bbox 339 4023 559 4102; x_wconf 86' lang='lat' dir='ltr'>possessiones</span> <span class='ocrx_word' id='word_1_272' title='bbox 588 4024 795 4105; x_wconf 75' lang='lat' dir='ltr'>temporales,</span> <span class='ocrx_word' id='word_1_273' title='bbox 831 4029 864 4087; x_wconf 89' lang='lat' dir='ltr'>et</span> <span class='ocrx_word' id='word_1_274' title='bbox 893 4026 985 4087; x_wconf 88' lang='lat' dir='ltr'>vocat</span> <span class='ocrx_word' id='word_1_275' title='bbox 1012 4037 1134 4086; x_wconf 89' lang='lat' dir='ltr'>sacram</span> <span class='ocrx_word' id='word_1_276' title='bbox 1167 4019 1395 4103; x_wconf 70' lang='lat' dir='ltr'>scripturas</span> 
     </span>
     <span class='ocr_line' id='line_1_37' title="bbox 165 4120 493 4203; baseline -0.006 -16"><span class='ocrx_word' id='word_1_277' title='bbox 165 4120 250 4187; x_wconf 82' lang='lat' dir='ltr'>dictu</span> <span class='ocrx_word' id='word_1_278' title='bbox 270 4124 493 4203; x_wconf 84' lang='lat' dir='ltr'>apostolorum.</span> 
     </span>
    </p>

    <p class='ocr_par' dir='ltr' id='par_1_15' title="bbox 166 4210 1395 4490">
     <span class='ocr_line' id='line_1_38' title="bbox 246 4210 1395 4305; baseline -0.001 -18"><span class='ocrx_word' id='word_1_279' title='bbox 246 4228 292 4288; x_wconf 93' lang='lat' dir='ltr'>ll.</span> <span class='ocrx_word' id='word_1_280' title='bbox 315 4223 428 4289; x_wconf 84' lang='lat' dir='ltr'>Nullus</span> <span class='ocrx_word' id='word_1_281' title='bbox 468 4225 628 4305; x_wconf 88' lang='lat' dir='ltr'>praelatus</span> <span class='ocrx_word' id='word_1_282' title='bbox 669 4225 764 4290; x_wconf 87' lang='lat' dir='ltr'>debet</span> <span class='ocrx_word' id='word_1_283' title='bbox 804 4224 940 4305; x_wconf 86' lang='lat' dir='ltr'>aliquem</span> <span class='ocrx_word' id='word_1_284' title='bbox 980 4222 1267 4303; x_wconf 83' lang='lat' dir='ltr'>excommunicare,</span> <span class='ocrx_word' id='word_1_285' title='bbox 1314 4210 1395 4279; x_wconf 67' lang='lat' dir='ltr'>nit</span> 
     </span>
     <span class='ocr_line' id='line_1_39' title="bbox 166 4318 1395 4406; baseline -0.008 -17"><span class='ocrx_word' id='word_1_286' title='bbox 166 4325 255 4404; x_wconf 77' lang='lat' dir='ltr'>sciat,</span> <span class='ocrx_word' id='word_1_287' title='bbox 278 4325 381 4405; x_wconf 89' lang='lat' dir='ltr'>ipsum</span> <span class='ocrx_word' id='word_1_288' title='bbox 403 4324 492 4406; x_wconf 86' lang='lat' dir='ltr'>prius</span> <span class='ocrx_word' id='word_1_289' title='bbox 515 4326 817 4390; x_wconf 87' lang='lat' dir='ltr'>excommunicatum</span> <span class='ocrx_word' id='word_1_290' title='bbox 833 4344 852 4390; x_wconf 91' lang='lat' dir='ltr'>a</span> <span class='ocrx_word' id='word_1_291' title='bbox 866 4325 939 4403; x_wconf 90' lang='lat' dir='ltr'>deo;</span> <span class='ocrx_word' id='word_1_292' title='bbox 962 4324 1015 4405; x_wconf 92' lang='lat' dir='ltr'>qui</span> <span class='ocrx_word' id='word_1_293' title='bbox 1038 4325 1085 4388; x_wconf 93' lang='lat' dir='ltr'>sic</span> <span class='ocrx_word' id='word_1_294' title='bbox 1099 4318 1395 4389; x_wconf 78' lang='lat' dir='ltr'>excommunicat</span> 
     </span>
     <span class='ocr_line' id='line_1_40' title="bbox 167 4423 942 4490; baseline -0.001 -2"><span class='ocrx_word' id='word_1_295' title='bbox 167 4423 203 4489; x_wconf 88' lang='lat' dir='ltr'>fit</span> <span class='ocrx_word' id='word_1_296' title='bbox 224 4424 406 4490; x_wconf 87' lang='lat' dir='ltr'>haereticus</span> <span class='ocrx_word' id='word_1_297' title='bbox 430 4443 469 4489; x_wconf 87' lang='lat' dir='ltr'>en</span> <span class='ocrx_word' id='word_1_298' title='bbox 491 4426 550 4489; x_wconf 93' lang='lat' dir='ltr'>hoc</span> <span class='ocrx_word' id='word_1_299' title='bbox 573 4425 623 4488; x_wconf 88' lang='lat' dir='ltr'>vel</span> <span class='ocrx_word' id='word_1_300' title='bbox 646 4425 942 4490; x_wconf 85' lang='lat' dir='ltr'>excommunicatus.</span> 
     </span>
    </p>

    <p class='ocr_par' dir='ltr' id='par_1_16' title="bbox 168 4521 1395 4707">
     <span class='ocr_line' id='line_1_41' title="bbox 246 4521 1395 4616; baseline -0.006 -27"><span class='ocrx_word' id='word_1_301' title='bbox 246 4530 292 4589; x_wconf 84' lang='lat'>12.</span> <span class='ocrx_word' id='word_1_302' title='bbox 317 4525 482 4590; x_wconf 86' lang='lat' dir='ltr'>Praelatus</span> <span class='ocrx_word' id='word_1_303' title='bbox 521 4525 793 4590; x_wconf 88' lang='lat' dir='ltr'>excommunicans</span> <span class='ocrx_word' id='word_1_304' title='bbox 830 4524 996 4603; x_wconf 86' lang='lat' dir='ltr'>clericum,</span> <span class='ocrx_word' id='word_1_305' title='bbox 1034 4525 1088 4605; x_wconf 89' lang='lat' dir='ltr'>qui</span> <span class='ocrx_word' id='word_1_306' title='bbox 1121 4521 1303 4606; x_wconf 84' lang='lat' dir='ltr'>appellarit</span> <span class='ocrx_word' id='word_1_307' title='bbox 1362 4524 1395 4616; x_wconf 62' lang='grc' dir='ltr'>εξ</span> 
     </span>
     <span class='ocr_line' id='line_1_42' title="bbox 168 4620 1395 4707; baseline -0.004 -19"><span class='ocrx_word' id='word_1_308' title='bbox 168 4641 277 4705; x_wconf 85' lang='lat' dir='ltr'>regern</span> <span class='ocrx_word' id='word_1_309' title='bbox 306 4632 339 4689; x_wconf 93' lang='lat' dir='ltr'>et</span> <span class='ocrx_word' id='word_1_310' title='bbox 361 4625 525 4690; x_wconf 89' lang='lat' dir='ltr'>consilium</span> <span class='ocrx_word' id='word_1_311' title='bbox 548 4625 647 4705; x_wconf 83' lang='lat' dir='ltr'>regni,</span> <span class='ocrx_word' id='word_1_312' title='bbox 672 4642 709 4690; x_wconf 90' lang='lat' dir='ltr'>eo</span> <span class='ocrx_word' id='word_1_313' title='bbox 724 4626 794 4707; x_wconf 92' lang='lat' dir='ltr'>ipso</span> <span class='ocrx_word' id='word_1_314' title='bbox 810 4623 947 4689; x_wconf 87' lang='lat' dir='ltr'>traditor</span> <span class='ocrx_word' id='word_1_315' title='bbox 962 4630 1012 4689; x_wconf 91' lang='lat' dir='ltr'>est</span> <span class='ocrx_word' id='word_1_316' title='bbox 1027 4623 1088 4701; x_wconf 78' lang='lat' dir='ltr'>dei,</span> <span class='ocrx_word' id='word_1_317' title='bbox 1111 4622 1196 4704; x_wconf 84' lang='lat' dir='ltr'>regis</span> <span class='ocrx_word' id='word_1_318' title='bbox 1212 4628 1247 4685; x_wconf 88' lang='lat' dir='ltr'>et</span> <span class='ocrx_word' id='word_1_319' title='bbox 1259 4620 1395 4692; x_wconf 72' lang='lat' dir='ltr'>reg¹¹¹</span> 
     </span>
    </p>
   </div>
   <div class='ocr_carea' id='block_1_4' title="bbox 0 0 1507 5258">
    <p class='ocr_par' dir='ltr' id='par_1_17' title="bbox 0 0 1507 5258">
     <span class='ocr_line' id='line_1_43' title="bbox 0 0 1507 5258; baseline 0 0"><span class='ocrx_word' id='word_1_320' title='bbox 0 0 1507 5258; x_wconf 95' lang='lat' dir='ltr'> </span> 
     </span>
    </p>
   </div>
  </div>
 </body>
</html>
