2992 5258
155 393 218 461 688
398 383 604 466 Controversiae
621 384 655 442 de
672 384 804 457 religione
819 386 849 443 in
864 384 1006 444 Bobenia:
1025 386 1098 443 1418.

154 599 183 655 in
206 595 355 668 praesenti
377 609 475 666 opere,

153 696 224 756 lieet
243 697 281 755 ad
301 711 385 754 unam
408 709 573 766 personam-

155 799 265 870 scripta
286 811 351 854 mea
375 793 461 852 modo
483 809 599 868 ponam,

155 897 341 957 nihilominus
361 901 457 954 nmen

154 999 192 1056 ad
213 996 334 1056 fallaces
355 993 490 1068 garrulos

154 1096 264 1158 Wiclel
281 1097 343 1155 Hus
365 1091 553 1169 nugigerulos

153 1198 209 1259 boc
231 1197 359 1270 pertinet
380 1200 538 1254 certamen.

153 1299 237 1359 Scias
260 1314 338 1372 ergo,
361 1294 453 1354 irater
475 1309 553 1364 care,

152 1399 209 1459 boc
230 1415 303 1458 onus
328 1395 452 1456 assumsi
474 1409 594 1472 quares

152 1505 185 1559 nt
205 1506 234 1559 te
256 1497 310 1558 tibi
331 1494 524 1566 ostenderem,

154 1601 202 1675 qui
223 1607 253 1660 te
275 1597 362 1657 modo
384 1613 443 1656 non
464 1596 557 1671 vides,

153 1716 207 1774 per
227 1707 256 1759 te
278 1698 438 1758 destruitur
460 1693 544 1766 fides,

152 1807 230 1860 tuum
252 1805 285 1858 ut
308 1789 476 1872 detegerem

153 1900 346 1974 perniciosum
369 1912 512 1976 errorem;

153 2001 238 2061 cedet
258 1999 296 2058 ad
317 2005 398 2058 tunm
424 1998 573 2068 bonorem,

153 2102 179 2159 si
198 2100 272 2160 velis
294 2098 454 2158 attendere.

276 2279 322 2333 Ac
338 2280 490 2334 haereticos
506 2293 603 2330 ammo.

193 2401 334 2473 Incipiam
360 2417 379 2459 a
399 2400 507 2468 radice,

153 2503 190 2561 mi
212 2501 389 2575 praedilecte
411 2499 516 2559 amice!

153 2602 252 2689 ¹Debes
274 2601 343 2661 mibi
367 2600 497 2670 eredere,

153 2718 226 2777 quae
249 2704 288 2762 sit
308 2702 350 2762 tui
376 2702 484 2761 erroris
507 2716 609 2762 causa:

153 2808 199 2865 est
219 2808 332 2878 aperta,
354 2817 412 2861 nou
435 2807 482 2862 cst
502 2801 610 2871 clausa,

151 2904 277 2978 noloque
298 2909 330 2963 ut
350 2902 449 2963 lateat

152 3006 312 3079 cognosco,
335 3019 388 3076 per
410 3001 592 3078 synderesim

152 3113 220 3166 sunt
240 3121 315 3180 quae
336 3109 458 3164 causant
477 3103 632 3173 haeresim,

151 3206 217 3266 volo
240 3204 350 3267 cunctis
372 3210 480 3277 pateat

151 3306 250 3367 Prima
270 3311 330 3366 est:
355 3304 450 3378 gloria
470 3304 574 3375 inania,

151 3411 273 3480 propter
294 3421 378 3479 quam
400 3412 431 3465 tu
452 3422 529 3464 nune
548 3404 668 3475 insanis,

151 3515 180 3566 te
201 3507 339 3566 miserum
360 3506 491 3578 seduxil3

151 3612 235 3680 optas
262 3603 356 3668 videri
377 3607 472 3677 altior,

150 3708 268 3781 paribus
294 3708 351 3768 tuis
373 3708 495 3779 beatior,

150 3808 206 3868 hoc
226 3814 256 3869 te
277 3809 314 3868 ad
335 3799 470 3882 improba
490 3808 580 3869 duxit

150 3907 233 3969 Hanc
253 3909 418 3984 hypocrisis
440 3910 587 3984 aequitum

150 4008 187 4069 de
208 4009 264 4071 hac
284 4009 340 4071 boc
360 4008 446 4070 modo
468 4010 596 4084 loquitur

151 4126 236 4170 sacre
260 4112 406 4185 scriptura
426 4116 517 4171 teste:

150 4211 191 4270 Es
213 4225 326 4285 pauper
346 4212 410 4272 sine
432 4210 557 4284 defectu,

149 4309 264 4371 humilis
287 4312 350 4373 sine
369 4313 519 4389 despectu,

149 4412 193 4471 ris
215 4413 336 4473 tractari
355 4413 478 4473 honeste

150 4512 213 4571 sine
236 4513 441 4584 sollicitudine,

148 4609 324 4675 ferculorum
346 4614 500 4676 dulcedine

775 593 891 653 abunde
913 593 1073 666 procurari,

775 694 852 766 apud
875 711 907 754 se
929 710 1062 767 magnum
1087 700 1117 752 te
1139 707 1256 765 pensas.

776 795 892 868 quaeris
915 795 1125 870 magnanimum
1147 810 1263 851 mensus

774 896 861 956 altius
884 896 1034 959 collocari.

775 996 944 1071 Hypocritis
966 1001 1013 1057 est
1036 992 1187 1069 proprium

776 1114 892 1171 semper
913 1098 1056 1157 bonorum
1077 1092 1225 1154 hominnm

775 1199 862 1257 vitam
885 1198 1056 1270 decerpere,

775 1299 818 1358 uti
838 1298 940 1374 lingna
960 1296 1097 1370 satyrica,

775 1399 869 1458 etsie
891 1403 954 1457 arte
980 1396 1142 1469 sophistica

775 1497 876 1572 culpas
899 1515 967 1559 suas
988 1503 1113 1571 tergere.

775 1599 877 1660 Tertia
897 1604 944 1660 est
963 1597 1032 1657 mali
1053 1595 1211 1664 execntrix,

774 1697 902 1759 fidelium
924 1699 1116 1773 persecutrix,

774 1800 989 1860 inobedientia:

773 1900 847 1960 baec
868 1899 980 1973 expulit
1000 1897 1214 1973 protoplastum

774 2002 810 2061 de
832 2000 971 2074 paradiso
994 1995 1261 2074 properassem

774 2102 867 2161 siste
889 2108 940 2161 tna
964 2100 1113 2161 dementia

772 2218 791 2260 a
811 2198 881 2262 fidel
901 2201 1049 2273 institutis,

772 2318 846 2377 quae
868 2308 937 2363 sunt
956 2317 1046 2363 causa
1067 2299 1181 2370 salaba,

669 2464 672 2469 .
771 2418 822 2464 cor
843 2409 922 2463 tuum
944 2401 1101 2473 subvertit3

770 2507 853 2577 patet
871 2502 929 2564 hoc
951 2519 988 2563 ex
1008 2498 1172 2561 manifestis

767 2605 974 2678 perversisque
995 2602 1053 2663 tuis
1074 2601 1176 2675 gestia

768 2702 903 2765 Prudens
923 2704 1017 2764 lector
1038 2701 1095 2762 boc
1115 2699 1248 2769 advertit,

769 2822 834 2864 narn
855 2804 927 2864 nulli
950 2805 992 2865 ris
1014 2802 1147 2874 subesse,

768 2906 878 2980 satagis
900 2905 1033 2966 omnibns
1056 2917 1199 2977 praesse;
1276 2930 1279 2935 ·

769 3022 873 3079 papam
895 3007 1051 3079 vituperas,

769 3108 939 3181 episcopos,
962 3105 1139 3174 cardinales.

768 3207 917 3280 praelatos
946 3212 977 3267 et
996 3205 1152 3268 reuerales

742 3326 746 3349 ·
769 3308 853 3368 simul
876 3324 976 3369 omnes
996 3304 1158 3383 reprobare

768 3408 939 3469 claustrales
961 3408 1082 3487 ululant,

768 3525 820 3569 eos
841 3509 975 3582 improbe
996 3506 1142 3571 maculant

767 3610 878 3684 absque
900 3610 1080 3672 couscientia

767 3711 939 3786 praedicant
960 3725 1048 3785 pravo
1070 3710 1204 3771 dieentes

766 3819 798 3873 et
818 3812 926 3887 populo
949 3815 1141 3887 suggerentes

767 3913 890 3987 prolana
910 3911 1040 3975 audacia

767 4014 875 4076 Peccat
894 4015 1012 4089 inquam
1033 4013 1207 4093 mortaliter,

768 4115 854 4175 deum
876 4112 999 4175 offendit
1018 4115 1157 4190 grauiter,

767 4231 841 4288 opus
864 4215 912 4289 qul
936 4215 1055 4289 pietatis

766 4315 886 4375 exbibet
907 4315 950 4376 eis
973 4331 1026 4387 pro
1049 4331 1149 4377 amore

766 4415 815 4476 dei
837 4415 934 4475 cordis
957 4431 993 4474 ex
1015 4414 1134 4490 dolore;
1257 4426 1259 4431 ’

767 4516 859 4590 quiris
882 4516 942 4576 suis
972 4516 1179 4591 propeccatis

766 4616 909 4678 ecclesiae
933 4617 1072 4678 unitatem
