2992 5258
336 450 376 504 23.
410 448 519 518 Zbyneo
537 449 691 504 mandatum
710 446 856 504 Alexandri
875 448 898 503 V
916 447 1080 518 exsequitur.
1248 455 1306 518 381

209 653 366 720 Residuos
393 670 469 718 vero
491 652 590 718 libros
616 651 772 736 praedicti
793 653 927 720 loannis
948 642 1205 737 haeresiarchae,
1229 673 1306 720 noo-

121 754 182 821 lum
200 754 365 839 depositos
391 773 450 821 nec
473 753 569 820 etiam
596 755 810 831 examinatos,
839 761 948 820 nostro
971 774 1008 820 ac
1029 756 1253 838 magistrorum
1277 762 1309 821 ct

121 860 276 922 loctorum
298 855 533 938 praedictorum
560 874 618 937 per
645 873 703 919 uos
725 861 937 920 assumturum
960 863 1016 920 aut
1048 856 1308 922 assumendorum

121 956 286 1038 agnitioni
320 962 353 1021 et
386 954 611 1022 examinationi
644 955 789 1021 duximus
823 957 1050 1035 reservandos
1083 965 1116 1022 et
1139 976 1209 1023 corn
1230 957 1308 1040 ipsis

121 1065 197 1124 uxta
213 1056 394 1123 mandatum
410 1057 618 1139 apostolicum
634 1055 830 1131 praedictum
846 1057 980 1121 ulterius
1003 1055 1189 1122 iaciendum.
1214 1059 1308 1123 Prae-

121 1158 246 1243 cm'ptos
279 1163 384 1224 autem
416 1158 527 1224 literas
561 1144 753 1240 apos'tolicas
788 1164 821 1223 ot
842 1157 1033 1239 seutentiam
1056 1165 1196 1223 nostram
1213 1178 1308 1239 prae-

121 1259 270 1343 criptam,
294 1276 355 1325 nec
369 1277 433 1324 ooo
445 1260 529 1323 hunc
543 1265 687 1324 nostrum
703 1276 887 1341 processum
903 1265 937 1323 et
959 1262 1108 1324 contenta
1129 1257 1162 1323 io
1179 1258 1308 1337 eisdem,

121 1360 229 1426 ostris
264 1359 490 1441 suffraganeis
522 1378 581 1424 nec
615 1377 678 1425 oon
711 1359 869 1425 universis
891 1356 1073 1438 abbatibus,
1106 1359 1308 1441 praepositis,

121 1460 282 1541 rioribus,
306 1459 548 1542 archidiaconis
575 1459 714 1542 decanis,
742 1460 934 1541 cantoribus
957 1459 1164 1540 scholasticis
1181 1461 1309 1524 thesau-

121 1561 203 1628 ariis
233 1580 270 1627 ac
292 1563 451 1628 canonicis
478 1568 543 1627 tam
564 1561 792 1627 cathedralium
815 1580 908 1644 quam
937 1562 1177 1644 collegiatarum
1214 1579 1306 1644 paro-

121 1660 322 1745 hialiumque
337 1668 370 1727 et
392 1660 647 1728 conventualium
663 1663 868 1728 eeclesiarum
895 1663 1074 1729 rectoribus
1098 1671 1130 1727 et
1151 1661 1306 1744 plebanis,

121 1781 167 1830 ec
188 1781 253 1829 oon
276 1763 518 1846 quibuscunque
543 1763 818 1844 monasteriorum,
853 1763 1066 1846 hospitalium,
1090 1761 1253 1828 domorum
1277 1773 1310 1827 et

121 1882 251 1930 osorum
283 1882 543 1946 quorumcunque
578 1863 723 1930 ordinum
751 1871 947 1930 exemtorom
970 1872 1003 1930 et
1024 1882 1088 1931 nou
1112 1871 1307 1930 exemtorum

121 1965 330 2046 :choralibus
371 1965 631 2048 provincialibus,
662 1965 843 2046 ministris,
882 1964 1079 2048 quardianis
1114 1963 1307 2044 custodibus

121 2064 295 2146 actoribus,
318 2067 490 2147 magistris,
507 2066 826 2148 commendatoribus
849 2065 1122 2149 praeceptoribus
1145 2064 1306 2130 monachis

121 2174 140 2233 t
162 2165 333 2247 fratribus,
357 2167 498 2248 clericis
535 2167 738 2233 studentibus
769 2185 1026 2248 quarumcunque
1050 2165 1251 2246 facultatum,
1273 2185 1309 2231 ac

121 2265 385 2334 rraedicatoribus
427 2285 685 2348 quarumcunque
721 2267 941 2347 ecclesiarum,
975 2265 1242 2333 rnooastoriorom
1276 2275 1309 2331 ct

121 2365 317 2450 apellorum,
339 2387 377 2433 ac
400 2367 533 2433 notariis
556 2368 692 2450 publicis
714 2368 848 2449 aliisque
871 2367 1031 2439 omnibus,
1055 2385 1134 2448 quos
1156 2385 1254 2450 supra
1277 2375 1309 2432 et

121 2466 193 2533 uiro
208 2468 361 2550 scriptum
374 2468 477 2549 tangit
499 2469 670 2550 negotium,
694 2487 749 2534 seu
773 2474 906 2550 tangere
929 2468 1050 2550 poterit
1072 2468 1309 2549 quomodolibet

121 2585 141 2630 o
174 2565 333 2644 futurum,
366 2587 425 2651 por
458 2575 491 2635 ot
513 2568 595 2633 inira
628 2568 788 2634 civitatem
826 2575 859 2633 ct
882 2567 1033 2634 diocesim
1055 2588 1091 2633 ac
1113 2569 1309 2651 provinciam

121 2672 253 2733 rostram
275 2668 482 2750 Pragensem,
513 2687 645 2749 reguum
668 2668 854 2748 Bohcmiae,
877 2669 1126 2734 marchionatum
1148 2669 1309 2736 Morosiac

120 2774 142 2833 et
174 2767 246 2833 aliis
279 2768 451 2851 provinciis
485 2769 618 2834 ubilibet
652 2769 834 2834 constitutis
868 2769 1083 2847 insinuamus,
1117 2768 1306 2850 intimamus

121 2865 307 2934 rotiticamus
331 2877 364 2935 et
385 2869 426 2935 ad
450 2877 588 2934 vestram
612 2876 645 2934 et
667 2869 837 2950 cujuslibet
859 2876 1000 2934 uestrum
1023 2876 1135 2935 tenore
1157 2888 1307 2952 praesco-

120 2968 185 3034 ium
213 2968 357 3035 notitiam
387 2968 572 3034 deducimus
595 2969 843 3051 solemniterque
865 2970 1079 3052 publicamus
1102 2988 1140 3034 ac
1163 2971 1305 3035 volomus

121 3086 166 3134 rer
188 3088 244 3135 vos
273 3069 417 3135 dominos
448 3070 666 3152 supradictos
694 3071 745 3151 qui
770 3071 993 3152 praesentibus
1015 3070 1140 3136 fueritis
1163 3072 1308 3153 requisiti

121 3187 166 3234 eu
188 3169 287 3235 luerit
309 3170 492 3252 requisitus
521 3171 553 3235 in
576 3170 653 3236 locis
676 3170 866 3252 opportunis
889 3171 1054 3254 publicari.

208 3271 288 3338 Cum
302 3278 408 3338 autem
435 3290 474 3336 ex
489 3271 669 3338 nominibus
682 3271 929 3354 praenominati,
956 3272 1101 3337 Przibico
1128 3272 1167 3338 de
1185 3273 1306 3353 Huzna,

121 3368 238 3438 irocbo
262 3373 302 3438 de
325 3373 482 3454 Poduek,
511 3373 649 3438 Michael
672 3372 711 3438 de
740 3373 904 3453 Drnouic,
937 3364 1052 3439 Petrus
1086 3374 1125 3440 dc
1149 3373 1308 3452 valencia,

121 3470 249 3538 loannes
265 3473 304 3538 de
324 3473 497 3540 Landsteio
521 3480 554 3538 ct
576 3474 654 3556 ipsis
676 3473 899 3553 adhaerentes,
923 3492 982 3538 occ
1004 3492 1068 3538 non
1090 3476 1308 3557 praescriptus

121 3572 236 3639 darcus
252 3573 291 3639 de
311 3573 412 3639 Grecz
434 3574 573 3656 reginae,
590 3575 742 3656 magister
765 3573 982 3640 universitatis
996 3576 1174 3656 Prageosis,
1192 3594 1306 3658 procu-

121 3680 196 3741 utor
219 3692 329 3739 eorum
354 3694 541 3757 expressus,
563 3674 682 3739 nostris
704 3675 865 3757 prioribus
877 3674 1080 3757 processibus
1102 3693 1137 3741 sc
1152 3695 1308 3759 opposue-

121 3782 191 3856 uut,
205 3780 239 3840 et
248 3775 289 3841 ad
304 3795 361 3842 nos
368 3796 426 3860 per
439 3775 545 3842 sedern
556 3775 772 3858 apostolicam,
787 3781 822 3841 ut
831 3775 1021 3858 praelector,
1034 3776 1169 3857 remissi,
1178 3777 1308 3842 obedire

121 3893 269 3958 lucusque
299 3894 361 3940 non
386 3884 554 3959 curarunt,
583 3895 686 3958 oeque
709 3877 808 3942 libros
831 3884 864 3942 et
886 3876 970 3943 dicta
993 3877 1148 3960 praedicti
1170 3877 1304 3943 Joaoois

121 3974 224 4042 »Viclol
254 3974 497 4043 haeresiarchae
527 3978 559 4041 io
585 3984 697 4043 nostra
719 3995 843 4043 camera
869 3977 1092 4061 deposuerint,
1116 3977 1225 4059 (prout
1243 3978 1308 4059 jam

121 4074 212 4143 lictus
231 4076 359 4143 Marcus
375 4077 415 4143 de
431 4078 532 4144 Grecz
549 4078 688 4159 reginae,
712 4079 864 4159 magister
886 4078 1105 4143 universitatis
1129 4077 1306 4159 l'rageosis,

121 4196 140 4242 n
160 4177 304 4243 Romana
319 4177 407 4242 curia
429 4196 535 4245 coram
562 4177 807 4244 vicecaorerario
830 4177 915 4244 sedis
937 4177 1141 4259 apostolicae,
1165 4182 1200 4242 ut
1215 4195 1306 4260 prae-

121 4277 267 4358 crinitur,
302 4297 359 4344 suo
383 4285 416 4344 et
438 4278 498 4345 sibi
531 4277 775 4345 adhaerentium
796 4278 923 4343 nomine
946 4297 980 4342 se
1002 4276 1149 4344 submisit
1159 4277 1180 4360 ,)
1197 4284 1308 4344 contra

121 4396 196 4461 psos
228 4380 413 4445 nominatim
447 4386 479 4446 ct
512 4384 624 4445 contra
656 4378 868 4444 adhaerentes
902 4380 934 4443 io
963 4396 1080 4460 genere
1107 4378 1306 4444 decrevimus

121 4479 299 4547 ructoritate
329 4481 506 4562 apostolica
527 4480 690 4564 praedicta
713 4478 956 4562 procedendum.
1001 4480 1069 4556 Qua
1090 4485 1224 4563 propter
1238 4498 1307 4546 eos·
1386 4509 1389 4517 ·

121 4576 190 4662 leur,
212 4581 397 4663 magistrum
418 4581 579 4664 hlarcum,
605 4581 843 4662 Przibicouem,
866 4579 1085 4659 Hrochooem,
1109 4580 1306 4661 llichaelem,

121 4678 246 4763 istrum,
267 4682 423 4749 loannem
436 4690 469 4748 et
490 4681 569 4765 ipsis
584 4680 807 4763 adhaerentes,
838 4685 871 4745 et
885 4679 964 4745 alios
980 4697 1185 4765 quoscunque
1202 4681 1307 4763 cujus·
