2992 5258
149 451 211 514 678
391 449 595 504 Controversiac
614 450 647 504 de
664 450 794 519 religione
812 451 838 502 in
857 445 996 500 Bobenia:
1016 448 1088 501 1418.

151 648 218 713 visa
239 628 345 726 luerit,
375 664 434 728 per
457 665 490 711 se
515 654 547 713 ct
570 649 708 731 propriis
730 647 868 713 motibus
891 648 987 713 debet
1008 652 1169 715 attentare
1193 653 1227 713 et
1247 664 1331 729 prae

150 748 257 814 dicare
279 748 329 813 vel
350 751 470 827 tenere,
502 749 562 812 nisi
592 749 680 831 prins
702 749 787 815 illam
809 748 1007 815 tractandam
1038 754 1072 814 et
1102 746 1333 814 examinandam

149 852 183 913 et
203 846 370 930 scripturis
391 847 591 913 muniendam
613 855 647 914 et
667 848 876 915 roborandam
897 849 1114 915 communitati
1135 848 1270 914 iratmm
1290 866 1332 912 re·

150 950 233 1015 ierat
254 953 287 1013 ct
308 947 464 1014 ostendat.
488 948 607 1026 Quodsi
628 950 699 1031 quis
720 950 815 1016 aliter
835 950 946 1017 iecerit
969 957 1003 1016 et
1025 950 1157 1035 propria
1179 966 1334 1032 praesum·

151 1049 238 1115 tione
260 1049 371 1114 abhis
398 1048 611 1115 extraneando
637 1049 723 1116 aliud
747 1050 861 1116 docere
883 1050 1027 1117 volitent
1048 1050 1210 1117 contrarie
1232 1055 1335 1114 tenere

150 1150 201 1214 vel
223 1149 340 1230 aliquid
362 1149 435 1215 novi
464 1149 533 1214 siue
556 1151 710 1215 communi
737 1168 892 1219 consensu
924 1157 1092 1233 attentare,
1124 1157 1243 1217 extunc
1263 1148 1335 1216 sciat

150 1268 185 1314 se
207 1250 421 1332 unusquisque
443 1249 515 1316 talis
537 1250 687 1333 propriae
709 1251 899 1317 temeritatis
921 1252 1071 1334 periculis
1094 1249 1270 1334 subjacere.

252 1383 277 1442 l.
307 1377 411 1467 Primo
433 1376 517 1458 quod
540 1377 663 1458 parvuli
686 1383 759 1460 post
780 1378 936 1459 baptisma
958 1386 1032 1443 sunt
1054 1395 1191 1460 corpore
1214 1383 1248 1443 et
1268 1394 1334 1441 sen·

152 1479 248 1560 guine
279 1477 396 1542 domini
423 1477 561 1542 discrete
592 1479 858 1544 communicandi:
892 1478 1027 1562 primum
1067 1475 1288 1555 considerato,
1313 1475 1337 1541 si

153 1578 305 1661 parvulus
335 1579 377 1643 sit
404 1577 578 1659 dispositus
608 1578 648 1644 ad
678 1578 874 1660 capiendum,
901 1579 967 1645 scil.
990 1580 1017 1644 si
1040 1574 1148 1662 potest
1177 1586 1211 1644 et
1232 1576 1336 1659 eiiam

153 1696 216 1742 non
238 1679 345 1758 vomit,
374 1678 452 1743 alias
483 1696 589 1743 secum
618 1679 793 1744 communio
817 1686 866 1745 est
893 1678 1114 1764 exspectanda
1147 1677 1269 1759 Quodsi
1293 1681 1337 1742 est

153 1778 277 1858 habilis,
299 1784 374 1844 tunc
389 1779 516 1844 minima
537 1780 623 1861 petia
638 1778 732 1861 primi
747 1781 936 1846 sacramenti
950 1787 1000 1846 est
1022 1781 1051 1845 ei
1072 1779 1106 1845 in
1126 1796 1164 1845 os
1186 1775 1335 1862 ponenda

155 1885 188 1942 et
209 1878 356 1945 concluso
379 1898 434 1945 ore
461 1881 529 1962 ejus
552 1880 592 1946 od
619 1877 784 1961 mbdicum
814 1880 968 1962 posthoc
991 1898 1052 1944 una
1073 1877 1160 1945 stilla
1181 1876 1337 1961 sanguinis

156 1977 283 2060 Christi,
307 1987 400 2062 capta
428 1999 524 2062 super
547 1979 646 2060 digito
669 1979 708 2044 de
733 1987 850 2062 patena
873 1986 905 2046 et
934 1980 1039 2046 delata
1068 1997 1168 2062 super
1189 1985 1338 2063 patenam

155 2085 206 2144 est
227 2080 274 2146 ori
297 2080 364 2161 ejus
387 2080 483 2145 semel
507 2081 557 2145 vel
579 2081 627 2144 bis
649 2080 856 2146 immittenda.

184 2218 187 2223 ⁴
254 2210 282 2270 2.
310 2206 349 2270 lt.
372 2206 472 2270 Nemo
500 2205 616 2270 audeat
637 2205 753 2282 dicere,
783 2206 867 2286 quod
889 2207 990 2272 solum
1012 2212 1146 2271 essunt
1176 2202 1339 2276 credenda

156 2326 214 2389 pro
237 2306 298 2371 fide
320 2312 375 2372 aut
396 2306 490 2372 aliter
506 2305 650 2385 tenenda,
667 2324 748 2387 quae
763 2315 838 2371 sunt
853 2323 1005 2388 expressa
1019 2305 1052 2370 in
1074 2323 1166 2371 sacra
1186 2304 1339 2386 scriptura

157 2416 190 2472 et
212 2407 360 2489 explicite
381 2408 494 2490 posite,
510 2408 556 2472 ita
576 2406 660 2487 qrrod
682 2406 760 2471 nihil
775 2407 852 2471 velit
874 2412 994 2484 tenere,
1017 2407 1077 2471 nisi
1093 2405 1178 2488 quod
1193 2420 1338 2489 expresse

158 2507 307 2589 exprimit
328 2507 377 2571 vel
401 2507 548 2589 explicite
571 2507 669 2589 ponit.
714 2505 860 2584 Quamvis
890 2506 972 2570 enim
995 2500 1097 2571 omnis
1119 2504 1239 2572 veritas
1262 2500 1341 2568 utilis

158 2608 253 2672 saluti
281 2612 411 2672 nostrae
441 2607 483 2670 sit
512 2608 542 2671 in
574 2623 666 2671 sacra
687 2606 846 2688 scripture
868 2607 973 2689 posita
1002 2604 1195 2683 radicaliter,
1225 2603 1341 2670 occulte

158 2708 208 2772 vel
230 2725 396 2790 expresse,
425 2725 488 2772 non
511 2714 615 2771 tamen
639 2707 743 2773 omnia
764 2707 914 2788 exprimit
936 2713 969 2772 et
990 2708 1083 2788 plane
1111 2707 1212 2789 ponit,
1242 2711 1278 2770 ut
1297 2710 1342 2768 est

159 2808 249 2888 illud,
279 2808 363 2889 quod
392 2809 522 2889 spiritus
551 2813 680 2873 sanctus
709 2808 751 2872 sit
773 2807 852 2873 deus
880 2808 1021 2888 aequalis
1048 2806 1113 2872 tilio
1141 2814 1175 2871 et
1203 2804 1288 2888 patri
1313 2803 1340 2867 iu

159 2910 286 2989 divinis,
317 2909 400 2991 quod
427 2908 539 2973 nullibi
561 2906 721 2990 reperitur
742 2908 774 2972 in
797 2908 978 2989 scripturis
1008 2907 1149 2989 quemvis
1171 2907 1215 2972 sit
1235 2905 1279 2970 ibi
1299 2921 1342 2969 se·

160 3011 295 3076 cundum
310 3012 356 3074 rei
379 3011 559 3074 veritatem.
581 3008 632 3074 Sic
648 3007 813 3074 dicendum
828 3015 879 3074 est
893 3007 933 3073 de
948 3008 1018 3074 aliis
1032 3006 1223 3073 veritatibus
1233 3005 1342 3081 multis,

161 3131 237 3194 quas
259 3112 356 3192 aliqui
375 3111 500 3189 clarius,
527 3109 625 3189 aliqui
648 3109 813 3176 obscurius
836 3109 985 3174 eliciunt:
1009 3116 1226 3173 verumtamen
1247 3105 1343 3174 omnis

160 3214 350 3294 intelligere,
374 3231 454 3293 quiae
476 3212 509 3274 in
531 3228 622 3275 sacra
644 3211 803 3291 scripture
824 3209 1023 3289 clauduntur,
1045 3227 1138 3274 nemo
1153 3215 1270 3291 potest
1292 3222 1344 3273 uec

160 3314 221 3397 ipsi
243 3313 379 3392 apostoli
402 3329 580 3377 sermonem
602 3310 652 3375 dei
676 3309 863 3391 quandoque
889 3309 1123 3376 intellexerunt.

260 3436 288 3495 3.
316 3431 354 3496 lt.
385 3429 604 3512 Purgatoriuur
632 3429 805 3494 animarum
836 3427 1145 3510 praedestinatarum
1175 3428 1343 3511 posthanc

161 3536 256 3599 vitam
279 3538 329 3598 est
357 3530 554 3613 ponendum;
585 3526 668 3610 quod
691 3533 780 3609 patet
801 3528 891 3610 quasi
914 3544 1102 3611 perennes
1125 3532 1255 3594 sanctos
1276 3527 1341 3593 doc·

163 3643 259 3713 torae,
294 3633 434 3713 aprino
465 3630 617 3711 Dionysio
647 3647 747 3710 usque
769 3629 810 3694 ad
831 3629 958 3694 ultimos
991 3626 1193 3695 concorditer
1218 3628 1344 3712 scriptu·

164 3735 207 3799 ris
229 3733 306 3799 illud
326 3730 546 3814 approbantes.
564 3730 682 3796 Verum
696 3735 802 3795 tamen
816 3747 907 3794 nemo
923 3728 1020 3794 debet
1035 3746 1134 3811 super
1150 3728 1273 3795 incerto
1293 3744 1344 3793 suo

164 3836 299 3902 transitu
323 3839 357 3898 et
377 3850 451 3898 casu
481 3831 587 3898 futuro
612 3831 672 3896 sibi
697 3829 866 3911 confidere,
896 3831 996 3896 etsie
1018 3836 1152 3912 propter
1176 3829 1345 3897 hocsem

163 3935 254 4001 bonis
276 3934 441 4000 remittere
461 3934 513 4000 rel
534 3933 566 3998 in
589 3933 678 3998 melis
694 3931 877 4011 dissolvere,
901 3949 971 3997 curn
992 3947 1084 3996 nemo
1107 3931 1199 4011 sciat
1222 3948 1284 4013 quo
1298 3947 1344 3995 re·

164 4038 231 4104 uiat
251 4043 307 4102 aut
328 4052 390 4117 quo
412 4033 513 4100 cadat.

264 4158 293 4221 4.
322 4153 360 4218 It.
390 4152 474 4235 quod
502 4150 660 4216 inmissis
688 4150 833 4216 iacienda
862 4156 912 4215 est
933 4149 1084 4216 memoria
1105 4165 1164 4233 pro
1186 4147 1345 4223 defunctis

162 4257 253 4339 Juxta
267 4271 386 4319 morem
409 4253 539 4319 canonis
560 4271 618 4334 pro
641 4251 699 4332 his,
723 4251 776 4334 qui
799 4256 873 4316 sunt
896 4256 928 4316 et
950 4249 1044 4331 siqui
1059 4254 1135 4316 sunt
1154 4249 1191 4315 in
1207 4253 1348 4332 purgato·

166 4355 213 4421 rio
236 4354 420 4421 existentes

266 4475 295 4536 5.
324 4471 361 4535 lt.
385 4471 554 4537 Orationes
577 4476 611 4535 et
632 4468 824 4551 elimosynas
843 4473 880 4533 et
900 4467 962 4533 alia
983 4462 1136 4548 suffragia
1156 4462 1348 4535 rationabilia

168 4571 311 4639 iacienda
332 4576 407 4636 sunt
427 4588 486 4654 pro
508 4568 665 4635 defunctis
687 4569 849 4649 ordinate;
871 4569 956 4634 inter
970 4586 1051 4651 quae
1072 4585 1137 4633 nou
1158 4563 1348 4635 habeautlo

168 4692 239 4744 cum
261 4689 369 4742 omnes
391 4671 505 4741 missae
527 4669 681 4754 forenses,
704 4687 813 4741 omnes
836 4669 996 4737 orationes
1018 4666 1185 4754 emptitiae
1201 4669 1348 4738 amas
