2992 5258
369 427 372 433 .
436 400 481 455 lv.
515 399 557 453 De
574 398 612 452 bt.
629 398 656 455 J.
673 397 735 451 lius
752 396 891 452 audientia
908 396 952 451 die
969 398 987 451 8
1002 396 1088 451 Junii.
1285 407 1348 471 289

153 603 195 665 Et
214 605 273 661 isto
299 603 385 663 modo
415 604 542 662 ccclesia
564 607 610 661 est
631 601 772 661 articulus
793 598 879 675 fidei,
909 602 944 660 dc
967 616 1024 673 qno
1046 602 1175 674 loquitur
1195 605 1347 675 apostolas

153 704 192 763 ad
214 704 325 775 Ephes.
348 703 393 762 5⁰:
430 703 563 763 Christus
586 703 689 761 dilexit
711 701 865 761 ecclesiam
888 706 918 759 et
931 701 1053 759 tradidit
1072 708 1165 761 semet
1179 703 1273 775 ipsum
1293 722 1348 777 pro

153 820 199 874 ca,
222 811 255 863 ut
283 821 347 863 eam
369 802 574 872 sanctificaret,
607 802 750 860 mundans
773 817 837 859 earn
851 799 968 859 lavacro
991 817 1082 873 aquae
1097 803 1129 860 in
1150 803 1239 863 verbo
1262 806 1348 883 vitae,

151 909 187 961 ut
209 903 347 962 exhibeat
376 904 442 974 ipse
465 902 521 960 sibi
543 902 703 975 gloriosam
731 900 896 971 ecelesiam,
928 918 989 961 non
1021 901 1177 961 habentem
1208 906 1350 965 maculam

150 1009 207 1061 ant
228 1019 337 1075 rugare,
360 1009 410 1061 ant
431 1003 542 1075 aliquid
565 1002 716 1074 ejdemodi
740 1003 793 1061 sed
816 1008 848 1063 ut
868 1003 908 1062 sit
929 1007 1030 1060 sancta
1053 1002 1288 1065 ctimmaenlata
1310 1008 1351 1067 Et

149 1103 286 1161 secunda
307 1109 354 1161 est
376 1103 519 1176 objective
542 1103 681 1162 articulus
703 1100 783 1172 fidei,
816 1120 900 1175 quem
923 1103 1062 1162 debemus
1084 1100 1207 1162 firmiter
1228 1104 1352 1167 credere

143 1206 238 1275 juxta
259 1203 331 1261 illud
354 1204 492 1277 symboli:
515 1204 611 1262 Credo
635 1209 766 1262 sanctam
789 1203 944 1261 ecclesiam
965 1202 1145 1266 catholicam.
1178 1205 1219 1264 Et
1238 1207 1276 1266 de
1295 1208 1351 1267 illa

150 1310 306 1377 ponuntur
333 1310 500 1363 sanctorum
522 1304 710 1362 auctoritates
739 1303 770 1360 in
793 1302 937 1373 principio
958 1307 1109 1361 tractatus.
1151 1302 1192 1362 Et
1219 1321 1275 1376 per
1295 1308 1352 1368 hoc

148 1402 503 1461 nonexcludunturduae
517 1403 591 1460 aliae
614 1410 713 1475 partes
737 1402 934 1461 distinctionis
956 1400 1145 1472 deecclesia,
1166 1403 1276 1463 ibidem
1297 1423 1352 1478 po·

151 1505 232 1563 sitae
253 1499 327 1575 cap⁰
348 1506 375 1573 7,
407 1504 441 1566 B.
466 1504 544 1563 circa
565 1502 660 1573 finem,
682 1503 732 1562 nbi
754 1509 800 1562 est
820 1502 910 1574 plena
930 1503 1053 1560 materia
1065 1503 1235 1565 intentionis
1258 1510 1350 1581 magi·

152 1604 211 1661 stri
233 1618 326 1674 super
346 1603 399 1662 ilio
421 1603 554 1663 articulo.

259 1755 287 1811 9.
308 1752 417 1811 Petrus
441 1771 502 1813 rroa
520 1754 589 1824 seit,
610 1772 663 1811 acc
688 1756 731 1811 cet
758 1755 848 1822 ceput
874 1754 996 1811 carretae
1026 1751 1165 1810 ecclcsiae
1193 1754 1353 1815 catholicae

145 1853 326 1925 prirreipmic
349 1850 424 1930 ((.'a⁰
444 1850 480 1916 9⁰
502 1850 554 1932 G.)

258 1950 343 2015 Ecce
365 1950 411 2014 sic
432 1956 497 2015 stat
517 1949 635 2015 ibidem
656 1950 689 2013 in
711 1950 807 2015 libro:

261 2052 439 2111 Conceditur
467 2064 579 2121 aetem,
607 2053 685 2124 quod
714 2053 821 2111 Petrus
852 2067 872 2109 a
902 2057 989 2123 petra
1016 2051 1175 2126 ecclesiae,
1207 2070 1281 2127 quae
1309 2062 1356 2116 est

155 2153 304 2223 Christus,
325 2152 427 2211 babuit
448 2152 654 2221 humilitatem,
688 2159 898 2223 paupertatem,
920 2151 990 2209 iidci
1011 2149 1176 2210 firmitatem
1199 2161 1229 2212 et
1250 2172 1354 2215 conse·

158 2260 284 2326 quenter
305 2253 526 2311 beatitudinem.
550 2252 607 2310 Scd
630 2254 708 2326 quod
730 2270 767 2311 ex
788 2254 846 2311 isto
869 2253 958 2311 verbo
982 2253 1141 2325 evangelii:
1165 2252 1259 2326 Super
1280 2256 1356 2316 hane

159 2360 277 2425 petram
297 2351 459 2412 aedificabo
483 2352 638 2411 ecclesiam
659 2370 767 2426 meam,
796 2353 930 2412 Christus
951 2352 1113 2411 intenderit
1141 2370 1231 2424 super
1251 2370 1355 2426 perso·

155 2471 225 2513 marn
247 2453 331 2512 Petri
352 2451 508 2512 aedificare
529 2459 621 2511 totam
643 2454 799 2513 ecclesiam
824 2454 1012 2527 militantem,
1028 2450 1102 2511 fides
1125 2454 1270 2527 evangelii
1290 2468 1356 2515 curn

157 2554 347 2626 expositione
369 2553 525 2626 Augustini
548 2559 577 2612 et
598 2554 673 2612 ratio
696 2555 913 2631 contractionum
935 2569 1002 2610 narn
1025 2569 1115 2624 super
1135 2559 1264 2624 petram·
1280 2571 1354 2628 qnae

160 2661 208 2713 est
229 2653 381 2723 Christus,
403 2670 421 2711 a
443 2653 628 2726 qnoPetrus
650 2655 766 2726 accepit
786 2652 964 2722 firmitatem,
988 2653 1042 2711 suit
1064 2653 1196 2713 cbristus
1219 2652 1355 2714 aedifica·

156 2761 244 2813 turus
267 2770 348 2812 suam
371 2754 539 2824 ecclesiam,
562 2772 626 2814 cnm
648 2756 781 2815 Christus
807 2756 845 2815 sit
867 2762 956 2827 caput
977 2760 1007 2812 et
1027 2753 1245 2815 fundamentum
1266 2757 1357 2815 totins

162 2851 322 2922 ecclesiae,
350 2853 404 2912 sed
424 2871 485 2913 non
514 2855 620 2914 Petrus
641 2872 678 2915 sc.
720 2857 760 2914 Et
782 2856 904 2915 ulterius
927 2855 1046 2913 adducit
1075 2854 1153 2913 dicta
1181 2861 1358 2926 sanctorum,

160 2954 359 3023 concordans,
390 2955 534 3026 quomodo
557 2956 691 3015 Christus
714 2955 769 3015 init
790 2961 878 3026 caput
898 2954 1057 3024 ecclcsiae,
1082 2959 1113 3011 et
1133 2954 1279 3026 ‹praemodo
1300 2956 1357 3013 Pe·

165 3060 238 3131 bue,
261 3054 430 3126 ostendens,
454 3056 531 3126 quod
553 3056 747 3114 diversimode
771 3055 876 3128 aliquis
900 3055 956 3113 dici
979 3059 1079 3124 potest
1100 3060 1187 3124 caput
1202 3054 1358 3113 eeclesiae.

264 3152 316 3218 Ad
329 3152 425 3216 iatum
440 3153 582 3217 venimus
595 3154 660 3234 jam
674 3159 860 3233 sequentem
877 3160 1088 3234 properantes
1103 3152 1137 3214 iu
1151 3155 1359 3233 responsione

164 3252 286 3319 snaed
306 3253 483 3318 concilium.

266 3407 314 3464 10.
330 3400 371 3462 'Si
390 3408 511 3464 uocatas
536 3404 645 3463 Christi
664 3406 795 3463 riccarius
819 3403 965 3464 Christum
986 3404 1120 3478 sequitur
1144 3405 1177 3462 iu
1198 3405 1268 3475 nito,
1290 3408 1359 3463 turre

167 3508 208 3560 est
236 3506 301 3575 ejus
331 3505 481 3575 eicerius;
507 3505 535 3562 ai
562 3523 630 3565 cero
657 3505 741 3563 crodit
760 3507 819 3564 uiis
840 3504 1007 3573 contrariis,
1030 3508 1099 3563 tanc
1120 3507 1162 3562 eet
1182 3503 1360 3564 Anticirristi

163 3606 296 3674 sumam,
324 3606 491 3663 contrarias
518 3604 606 3664 Petro
639 3609 666 3663 ct
686 3606 801 3665 domino
827 3603 900 3664 Jcsa
925 3602 1040 3664 Christo
1062 3607 1090 3662 ct
1108 3590 1241 3664 vicarius
1261 3602 1360 3664 uiridem

169 3705 357 3765 silentiariis.
379 3702 486 3785 (Cap.⁰
508 3706 545 3769 9⁰
565 3703 586 3767 l.
608 3703 638 3766 h.
663 3711 696 3768 et
719 3709 757 3768 14
771 3702 831 3785 G.)

266 3804 334 3870 Ista
351 3806 425 3869 ¹non
454 3809 541 3869 stant
577 3804 608 3868 in
637 3804 737 3869 forma
766 3805 812 3869 sic
840 3804 874 3869 in
906 3803 1005 3884 libro,
1045 3802 1104 3868 sed
1133 3804 1179 3869 sic
1210 3803 1361 3869 scribitur

171 3902 222 3970 ca⁰
241 3906 262 3970 9
284 3904 329 3987 1.,

269 4006 301 4067 Si
316 4009 379 4081 jam
402 4006 488 4065 dictIs
510 4006 648 4065 virtutum
669 4006 725 4064 viis
746 4004 857 4065 incedit
878 4011 999 4064 vocatus
1021 4006 1105 4065 Petri
1126 4006 1265 4074 vicarius,
1296 4020 1358 4063 cre-

171 4108 274 4176 dimus,
304 4107 381 4179 quod
398 4107 436 4164 sit
452 4122 538 4165 verns
562 4107 624 4178 ejus
647 4106 772 4164 vicarius
795 4111 824 4165 ct
845 4107 1019 4178 praecipuus
1042 4104 1175 4177 pontifex
1205 4104 1356 4174 ecciesiae,

171 4216 304 4279 quantam
326 4208 415 4280 regit3
438 4208 463 4265 si
484 4223 554 4266 vero
569 4207 650 4266 vadit
671 4208 726 4265 viis
749 4206 913 4274 contrariis,
935 4212 1003 4264 tunc
1025 4212 1070 4263 est
1091 4203 1265 4263 Antichristi
1286 4222 1360 4263 nnn-

169 4309 236 4378 tius,
260 4309 424 4369 contrarius
446 4308 536 4367 Petro
560 4312 590 4367 et
611 4307 728 4366 domino
749 4308 825 4367 deso
847 4306 972 4365 Christo.
1000 4305 1085 4365 Unde
1107 4305 1210 4363 beatus
1232 4305 1361 4363 Bernar-

169 4409 220 4469 dns
235 4411 275 4468 ad
290 4409 454 4483 Eugenium
476 4424 581 4481 papam
602 4408 678 4466 libro
695 4405 730 4464 4⁰
748 4408 790 4466 ita
804 4406 919 4466 scribit:
943 4406 1025 4465 Inter
1038 4405 1111 4464 hacc
1127 4409 1158 4462 tu
1173 4411 1276 4476 pastor
1290 4412 1359 4478 pro'·

169 4512 249 4571 cedis
273 4511 442 4579 deauratus,
464 4515 522 4570 taur
536 4507 831 4567 multaeircmndatns
847 4506 998 4564 varietate.
1028 4505 1106 4565 Ores
1129 4505 1198 4576 qnid
1220 4506 1361 4576 capiunt?

169 4612 194 4669 si
214 4611 354 4670 auderem
377 4610 485 4677 dicero,
508 4609 681 4667 daemonum
707 4607 800 4681 stragis
828 4623 913 4679 optram
939 4606 1034 4665 orium
1057 4620 1167 4678 pascua
1188 4603 1261 4667 baec
1283 4613 1360 4670 sunt.
