2992 5258
159 437 221 500 462
404 431 610 487 controversiae
628 430 662 486 de
680 431 810 502 religione
828 432 855 488 11
873 433 1018 489 Bbhemia:
1037 436 1110 490 1412.

158 639 251 704 bonis
273 639 398 721 publice
429 645 462 703 et
491 637 615 703 occulte
643 636 780 718 evitent,
811 645 906 720 atque
929 639 1024 705 etiam
1046 638 1181 706 familias
1205 638 1356 704 1111111-

158 738 379 804 communicati
402 747 435 804 et
456 739 621 820 aggravati
636 739 675 804 ab
698 740 923 804 ecclesiasticis
947 749 981 807 et
1002 740 1117 805 divinis
1140 741 1254 805 officiis
1270 740 1360 823 peni·

159 846 211 905 tus
240 846 439 917 removeant3
473 839 612 920 alioquin
640 839 672 903 in
696 858 805 904 11111
832 847 866 906 11
886 841 1029 921 singulos
1052 840 1156 907 eidem
1178 858 1355 907 excommu-

158 943 262 1007 nicato
293 941 523 1024 participantes
556 941 890 1006 excommunicationis
924 943 1085 1009 sententia
1116 942 1220 1007 fertur
1255 942 1288 1006 in
1310 941 1360 1005 his

160 1044 297 1125 scriptis.

150 1141 153 1156 '
258 1144 296 1209 lt.
327 1145 353 1209 si
383 1143 544 1224 praefatus
570 1142 712 1209 loannes
742 1143 811 1209 Hus
841 1152 875 1211 et
904 1145 957 1210 alii
990 1164 1097 1211 secum
1127 1145 1359 1227 participantes

157 1245 336 1327 hujusmodi
359 1245 536 1310 sententias
559 1253 592 1311 et
614 1264 764 1310 censuras
788 1252 1048 1327 contemnentes,
1078 1247 1212 1329 in'ipsis
1228 1252 1357 1312 senten·

157 1347 209 1411 tiis
235 1366 293 1429 per
313 1348 374 1411 XX
396 1347 465 1412 dies
488 1354 561 1430 post
583 1347 762 1427 hujusmodi
787 1347 1060 1413 denuntiationem
1082 1347 1186 1412 animo
1210 1364 1359 1428 perseve-

158 1448 299 1513 raverint
314 1448 471 1523 indurato,
496 1456 562 1513 tres
578 1447 647 1511 dios
663 1467 721 1529 pro
745 1450 890 1514 omnibus
906 1426 1112 1514 dilationibus
1128 1455 1163 1514 et
1184 1448 1359 1513 monitione

156 1549 308 1612 canonica
334 1548 555 1629 assignantem
585 1556 662 1612 tunc
692 1567 861 1630 processus
885 1550 1062 1631 hujusmodi
1093 1554 1358 1631 reaggravantur,

156 1656 190 1712 et
210 1649 378 1714 mandatur
400 1648 547 1714 omnibus
570 1656 603 1714 et
625 1650 767 1731 singulis,
791 1659 948 1731 quatenus
971 1650 1091 1716 dictum
1112 1651 1271 1715 loannem
1289 1648 1358 1713 Has

157 1751 478 1830 excommunicatum,
507 1759 713 1832 aggravatum
743 1757 776 1816 et
798 1759 1042 1833 reaggravatum
1060 1753 1152 1834 juxta
1173 1751 1357 1834 praesentis

157 1857 190 1915 11
221 1850 363 1933 priorum
386 1868 592 1934 processuum
626 1853 852 1917 continentiam
887 1853 919 1916 in
953 1853 1112 1932 ecclesiis,
1146 1853 1358 1926 monasteriis

156 1953 285 2034 capellis
319 1959 352 2017 et
383 1953 472 2032 alibi,
507 1952 592 2031 ubi,
608 1953 733 2032 quando
768 1961 801 2019 et
834 1955 982 2034 quotiens
1013 1954 1229 2034 necessarium
1253 1952 1358 2027 111111,

156 2054 289 2133 singulis
312 2053 425 2118 diebus
441 2053 605 2118 dominicis
618 2059 651 2117 et
673 2053 805 2133 festivis
833 2054 974 2119 candelis
996 2055 1148 2131 accensis,
1176 2048 1210 2118 et
1233 2053 1359 2118 demum

157 2155 306 2219 extinctis
337 2161 369 2218 et
396 2155 427 2217 in
459 2161 577 2218 terram
604 2154 771 2235 projectiS,
805 2155 953 2219 intiment
981 2162 1015 2220 et
1047 2155 1210 2219 insinuent
1244 2173 1302 2237 per
1325 2171 1359 2217 se

155 2255 243 2336 ipsos
267 2262 300 2319 11
322 2253 463 2336 ipsorum
487 2255 622 2319 vicarios
646 2258 959 2335 excommunicatum,
982 2262 1189 2336 aggravatum
1211 2261 1246 2320 et
1268 2273 1358 2335 reag-

155 2362 329 2434 gravatum.

253 2455 293 2520 lt.
315 2455 477 2521 inhibetur
503 2457 647 2521 omnibus
671 2456 790 2521 Christi
813 2455 976 2536 fidelibus,
1007 2474 1047 2520 ne
1071 2457 1216 2538 praefato
1239 2457 1353 2523 loanni

154 2556 222 2621 llus
244 2559 276 2623 in
291 2558 370 2637 cibo,
393 2564 480 2640 potu,
505 2559 705 2637 salutatione,
733 2558 868 2638 loquela,
892 2558 1040 2635 emtione,
1063 2557 1258 2636 venditione,
1284 2576 1355 2623 111·

155 2659 345 2737 versatione,
368 2658 408 2723 ad
431 2660 571 2741 hospitia
585 2659 770 2741 receptione
787 2665 843 2724 aut
864 2659 927 2724 alio
954 2659 1066 2739 quovis
1088 2658 1197 2724 colore
1220 2659 1271 2722 vel
1286 2666 1355 2724 actu

154 2759 294 2840 legitimo
325 2758 443 2824 Christi
474 2758 613 2824 fidelium
636 2760 763 2841 publice
784 2761 835 2824 vel
859 2760 982 2825 occulte
1006 2760 1200 2842 participare
1224 2777 1352 2842 praesu·

153 2869 249 2936 mant
276 2860 377 2924 donec
399 2860 587 2924 beneficium
617 2861 826 2926 absolutionis
850 2861 1003 2925 meruerit
1026 2859 1181 2924 obtinere.
1205 2858 1351 2941 Alioquin

153 2962 186 3025 in
208 2979 317 3026 omnes
348 2970 381 3027 et
402 2961 545 3042 singulos
568 2962 799 3044 participantes
829 2980 865 3025 ac
887 2960 921 3025 in
943 2960 1023 3025 alios
1046 2958 1301 3025 contradictores
1324 2967 1353 3024 et

153 3063 299 3143 rebelles
323 3082 379 3128 sex
401 3064 523 3127 dierum
545 3064 719 3127 monitione
742 3062 894 3127 canonica
916 3061 1091 3143 praemissa
1112 3068 1188 3142 post
1212 3060 1350 3144 publica·

153 3165 271 3229 tionem
300 3163 533 3246 praesentium,
565 3163 726 3228 sententia
757 3162 1091 3228 excommunicationis
1124 3159 1230 3226 fertur
1252 3161 1286 3226 in
1307 3161 1351 3226 his

152 3266 289 3347 11111111,
312 3271 346 3330 11
367 3263 571 3328 nihilominus
593 3262 695 3326 omnis
721 3261 818 3341 locus,
842 3263 967 3341 civitae,
998 3263 1166 3345 oppidum,
1195 3263 1271 3329 villa
1291 3281 1343 3327 seu

151 3367 271 3447 burgus
294 3370 437 3429 exemtus
459 3370 493 3429 et
513 3381 577 3427 non
599 3369 759 3442 exemtuS,
789 3363 829 3428 ad
853 3381 959 3444 quem,
982 3363 1067 3444 quod
1088 3365 1139 3429 vel
1161 3382 1243 3445 quae
1266 3364 1343 3428 idem

151 3468 292 3533 loannes
325 3464 394 3529 Hus
428 3463 650 3542 declinaverit,
685 3471 718 3528 et
740 3463 889 3545 quamdiu
912 3463 1029 3529 ibidem
1050 3463 1149 3529 fuerit
1171 3470 1205 3529 et
1226 3483 1341 3529 moram

152 3568 298 3647 traxerit,
312 3571 345 3630 11
360 3575 433 3648 post
449 3566 549 3647 ipsius
565 3564 680 3629 abinde
693 3581 854 3628 recessum
877 3583 935 3646 per
950 3584 1047 3629 unum
1062 3564 1145 3629 diem
1160 3566 1342 3639 naturalem,

152 3668 368 3734 ecclesiastico
382 3666 548 3747 subjicitur
560 3664 742 3744 interdicto,
760 3670 792 3729 11
803 3667 998 3731 contrarium
1012 3666 1166 3732 facientes
1178 3665 1343 3731 sententiis

151 3768 507 3835 excommunicationum
531 3766 741 3847 subjacebunt
762 3766 832 3848 ipso
855 3766 949 3832 facto.

252 3870 331 3934 ltem
347 3869 374 3934 si
388 3868 494 3934 dictus
508 3869 650 3933 loannes
666 3865 734 3930 Hus
749 3865 908 3932 mandatis
931 3866 1114 3950 apostohcis
1137 3867 1271 3933 obedire
1286 3884 1342 3932 non

151 3971 319 4051 curaverit,
341 3978 498 4047 monetur,
521 3974 556 4033 ut
577 3967 660 4033 inira
671 3967 732 4032 XII
755 3967 823 4032 dies
846 3969 885 4033 ab
908 3967 1087 4049 hujusmodi
1110 3966 1342 4043 rebellionibus,

150 4071 357 4139 contumaciis
380 4076 413 4136 11
440 4068 667 4136 inobedientiis
696 4070 824 4152 penitus
848 4075 881 4135 et
904 4071 1030 4136 omnino
1053 4070 1197 4151 desistat,
1222 4075 1343 4136 11111

150 4174 319 4239 sententiis
349 4179 460 4238 contra
487 4190 557 4236 eum
592 4171 666 4237 latis
696 4170 817 4236 absolvi
845 4169 940 4236 saciat
967 4179 1000 4236 et
1021 4176 1187 4252 procurat:
1211 4170 1344 4252 alioquin

149 4275 266 4338 iterato
290 4274 445 4351 civitatee,
468 4273 586 4354 oppida
608 4280 641 4338 et
668 4280 783 4349 castra,
806 4269 909 4351 villae,
933 4272 1085 4338 suburbia
1107 4279 1140 4336 et
1162 4272 1234 4339 loca
1255 4288 1342 4352 quae

150 4375 229 4439 libet
243 4375 305 4439 alia
320 4383 446 4439 exemta
468 4379 501 4438 11
522 4391 586 4438 111
602 4380 736 4452 exemto,
759 4371 800 4437 ad
822 4392 915 4453 quem
937 4370 988 4436 vel
1009 4372 1049 4437 ad
1072 4389 1152 4453 quos
1167 4374 1343 4456 praedictos

150 4475 438 4541 excommunicatus
472 4474 695 4548 declinaverit,
729 4473 858 4538 steterit
890 4473 941 4538 val
972 4473 1115 4551 venerit,
1150 4474 1247 4540 etiam
1279 4476 1343 4556 post

150 4576 250 4657 ipsius
272 4576 388 4641 abinde
411 4593 571 4640 recessum
587 4592 645 4658 per
658 4583 724 4639 tras
737 4573 805 4638 dies
829 4574 1342 4641 111111111111111111111111111

150 4673 361 4755 suinciuntur
383 4676 599 4742 ecclesiastico
622 4675 809 4753 interdicto,
836 4680 870 4741 et
891 4675 1059 4741 mandatur
1081 4674 1113 4738 in
1137 4675 1256 4740 eisdem
1271 4676 1341 4741 'coa-
