2992 5258
164 420 227 484 486
409 416 614 470 controversiae
632 414 667 468 de
684 415 816 482 religione
833 412 861 466 in
879 411 1022 466 Bohemia:
1041 411 1115 465 1413.

710 662 714 675 .
741 616 775 682 ΙΙ.

165 836 370 902 conditiones
385 835 574 900 oouoordiae
597 833 846 898 rooouoiliaudae
861 852 878 897 a
893 833 1078 900 doctoribus
1098 831 1258 899 isoultmia
1271 830 1357 896 ibeo·

216 938 218 947 '
492 936 613 1019 logicae
635 935 729 999 studii
755 934 921 1018 Prageusis
943 935 1032 1000 latae.

180 1255 224 1320 (E
241 1254 303 1308 MS.
322 1255 462 1306 uuivnsit.
483 1253 571 1324 Pragr.
591 1253 649 1313 ΙΙΙ,
671 1255 704 1307 G.
724 1252 751 1314 δ’,
765 1253 817 1322 fol.
837 1252 855 1307 8
872 1270 910 1323 sq.
938 1271 984 1324 ap.
1005 1254 1168 1309 Cocalum
1184 1272 1214 1326 p.
1233 1252 1273 1310 29
1287 1258 1345 1324 eq.)

659 1410 772 1418 --..—--..
785 1413 826 1417 ...-

527 1558 690 1625 ,Consilium
710 1557 848 1612 facultatis
867 1558 1035 1627 theologicae
1055 1558 1137 1614 stadii
1155 1558 1326 1628 Pragensiu'

261 1733 287 1793 l.
310 1730 434 1808 Primo,
461 1735 497 1794 ut
519 1746 628 1793 omnes
650 1727 799 1793 doctores
822 1735 856 1793 et
876 1730 1020 1808 magistri
1043 1729 1262 1797 universitatis
1284 1732 1356 1798 Pra-

160 1831 266 1911 gensis
290 1836 524 1911 congregentur
547 1830 579 1892 in
603 1828 689 1892 curia
715 1828 753 1892 D.
777 1829 1030 1912 Archiepiscopi,
1063 1830 1151 1895 etin
1173 1832 1356 1913 praesentia

160 1929 260 2013 ipsius
283 1931 321 1996 D.
345 1931 584 2013 Archiepiscopi
608 1937 641 1995 et
655 1929 788 1995 aliorum
802 1931 1019 2012 praelatorum
1034 1930 1168 2013 quilibet
1190 1932 1355 1998 docturum

160 2050 197 2097 ac
219 2034 442 2113 magistrorum
466 2031 551 2096 dicat
573 2032 605 2095 in
623 2031 805 2112 juramento
827 2048 899 2111 suo,
924 2032 1008 2113 quod
1029 2048 1092 2097 nou
1115 2038 1207 2098 tenet
1227 2050 1289 2099 nec
1310 2039 1354 2098 te·

159 2151 235 2197 uere
257 2135 326 2199 uult
347 2133 398 2198 vel
420 2133 635 2214 dogmatizare
657 2131 795 2212 aliquem
818 2151 857 2197 ex
880 2131 943 2197 illis
966 2133 1051 2198 XLV
1072 2134 1218 2199 articulis
1239 2134 1354 2201 dudum

159 2234 343 2316 prohibitis;
368 2236 534 2300 occasione
551 2252 683 2316 quorum
699 2234 905 2299 articulorum
921 2252 1053 2315 reguum
1076 2233 1249 2301 Bohemiae
1263 2254 1351 2318 prae·

158 2334 250 2418 cipue
272 2343 323 2400 cst
350 2335 540 2400 infamatum.

257 2442 285 2499 2.
308 2436 347 2500 lt.
371 2443 404 2500 ut
427 2435 466 2499 de
490 2441 612 2516 septem
635 2437 841 2500 sacramentis
857 2436 1021 2515 ecclesiae,
1048 2436 1088 2501 de
1111 2436 1263 2518 clavibus,
1286 2438 1353 2505 offi-

157 2536 213 2601 ciis
236 2541 269 2601 et
291 2539 433 2601 censuris
456 2536 619 2615 ecclesiae,
643 2537 683 2600 de
704 2535 861 2615 moribus,
884 2536 1013 2610 ritibus,
1036 2539 1256 2619 caeremoniis,
1274 2539 1351 2622 juri·

156 2636 230 2714 bus,
259 2635 460 2701 libertatibus
491 2642 523 2701 et
545 2635 644 2700 sacris
668 2635 764 2701 rebus
791 2636 960 2717 ecclesiae,
988 2636 1029 2702 de
1050 2638 1258 2705 veneratione
1280 2641 1350 2707 rali-

156 2737 300 2818 quiarum
333 2744 366 2801 et
388 2737 426 2800 de
457 2735 677 2815 indulgentiis
715 2736 754 2802 de
777 2737 941 2803 ordinibus
963 2746 997 2804 et
1018 2738 1225 2819 religionibus
1247 2740 1281 2806 in
1302 2759 1351 2807 eo·

155 2837 267 2917 alesia,
299 2837 434 2918 quilibet
455 2856 494 2901 ex
517 2836 709 2918 supradictis
735 2837 820 2902 dicat
841 2839 874 2902 in
896 2839 966 2904 loco
989 2839 1042 2904 ubi
1064 2856 1163 2922 supra
1188 2842 1248 2908 sub
1271 2843 1351 2923 ium·

154 2945 261 3004 mento
277 2956 344 3018 suo,
368 2939 451 3021 quod
467 2938 567 3004 sentit
583 2944 616 3004 et
640 2938 742 3005 credit
757 2958 794 3003 ac
816 2939 883 3003 vult
905 2940 1026 3005 sentire
1048 2947 1082 3006 et
1103 2942 1249 3019 credere,
1268 2943 1351 3010 sicut

155 3040 296 3107 Romana
323 3040 456 3106 ecclesia
484 3047 517 3104 et
545 3058 608 3104 nou
642 3040 751 3119 aliter;
782 3041 870 3121 quus
893 3041 1052 3107 Romanae
1079 3041 1235 3110 ecclesiae
1255 3052 1349 3128 caput

155 3146 206 3206 est
226 3160 322 3223 papa,
354 3159 469 3222 cornus
498 3159 574 3206 vero
600 3140 768 3219 collegium
793 3140 1013 3221 cardinalium,
1045 3143 1203 3209 manifesti
1225 3164 1265 3212 ac
1286 3146 1350 3212 ueri

154 3258 357 3306 successores
383 3242 416 3305 in
450 3242 554 3307 allicio
578 3241 795 3306 ecclesiastico
830 3241 914 3307 beati
937 3243 1024 3308 Petri
1046 3243 1202 3326 principis
1224 3254 1349 3329 aposto·

154 3341 256 3406 lorum
280 3349 312 3406 et
335 3342 461 3423 collegii
482 3341 616 3407 aliorum
639 3342 855 3424 apostolorum
878 3341 1007 3408 Christi,

252 3448 281 3506 3.
304 3441 342 3505 lt.
370 3450 406 3506 ut
436 3441 570 3522 quilibet
598 3461 637 3508 ex
659 3443 850 3524 supradictis
872 3445 904 3509 iu
932 3445 1016 3509 omni
1037 3446 1171 3512 materie
1193 3448 1347 3515 catlroliea

153 3541 426 3607 et·ecclesiastica
447 3542 585 3608 fateatur
608 3560 679 3608 esse
704 3543 851 3631 standum
865 3542 950 3623 fidei,
973 3546 1153 3612 sententiae
1176 3554 1210 3613 et
1232 3547 1346 3615 diffini·

153 3643 230 3708 tioni
255 3641 340 3708 sedis
363 3644 557 3725 apostolicae
574 3650 607 3709 et
629 3645 783 3711 ecclesiae
799 3646 959 3711 Romanae
980 3646 1128 3728 superius
1149 3650 1344 3725 nominatam

153 3750 188 3808 et
210 3742 293 3824 quod
316 3743 527 3810 obediendum
550 3747 592 3810 sit
614 3747 765 3828 praelatis
792 3747 824 3812 in
847 3747 992 3812 omnibus
1014 3747 1273 3831 quibuscunque,
1295 3751 1345 3818 ubi

151 3862 214 3908 non
237 3844 425 3926 prohibetur
448 3866 562 3928 purum
583 3849 699 3915 bonum
720 3856 776 3915 aut
797 3849 993 3931 praecipitur
1007 3867 1121 3931 purum
1142 3851 1271 3933 malum,
1291 3853 1344 3920 sed

151 3943 298 4021 medium,
321 3945 405 4026 quod
427 3965 485 4029 pro
507 3948 609 4029 modo,
633 3955 785 4031 tempore,
808 3950 877 4015 loco
894 3956 927 4015 et
949 3967 1086 4032 persona
1107 3949 1226 4018 bonum
1240 3957 1344 4036 puteat

151 4064 222 4111 esse
246 4050 279 4111 et
304 4046 427 4112 malum.

249 4151 277 4210 4.
301 4145 339 4211 lt.
364 4155 398 4212 ut
413 4150 548 4229 quilibet
562 4151 593 4214 iu
609 4153 787 4233 juramento
804 4169 861 4216 suo
877 4153 1024 4235 fateatur,
1040 4157 1219 4224 sententias
1235 4155 1347 4223 Wicief
1390 4148 1425 4215 ’ἐ

150 4253 183 4311 et
210 4247 342 4312 aliorum
379 4250 463 4315 cirea
496 4257 619 4333 septem
654 4259 852 4318 sacramenta
874 4255 1028 4321 ecclesiae
1060 4261 1095 4322 et
1115 4257 1179 4324 alia
1201 4259 1341 4343 superius
1392 4272 1425 4315 ε

149 4347 327 4428 nominata,
359 4352 534 4415 contrarias
552 4354 618 4432 jam
647 4353 750 4418 dictae
773 4353 932 4420 Romanae
955 4357 1125 4438 ecclesiae,
1149 4376 1222 4425 esse
1243 4361 1340 4428 falsas.
1380 4404 1425 4419 .-

249 4450 276 4512 5.
299 4449 337 4515 It.
361 4456 397 4515 ut
427 4451 505 4517 haec
534 4452 680 4517 similiter
708 4453 911 4535 publicentur
938 4457 1083 4522 omnibus
1105 4461 1255 4527 membris
1276 4460 1423 4527 uui-

148 4548 318 4627 versitatis,
342 4556 374 4615 ct
395 4550 562 4616 mandetur
590 4552 724 4633 singulis
747 4555 805 4619 sub
827 4573 931 4637 poena
952 4559 1099 4639 praestiti
1116 4558 1288 4641 juramenti
1307 4566 1404 4624 el:-

149 4646 208 4711 sub
229 4665 333 4733 poena
362 4652 693 4719 excommunicationis
716 4655 799 4720 latae
822 4658 1001 4724 sententiae
1023 4666 1057 4725 et
1078 4658 1166 4727 exilii
1188 4682 1208 4730 a
1228 4678 1358 4744 regno:
