2992 5258
154 376 198 445 IV
282 440 287 451 .

151 578 307 642 historiae
328 548 521 641 bohemicae
545 555 672 660 partem
695 575 792 655 edidi,
814 598 897 660 quae
914 577 956 643 ad
969 577 1090 661 primos
1105 588 1207 645 motus
1221 582 1348 647 irasciti-

151 702 202 742 cos
227 699 384 743 annorum
413 680 492 740 1403
521 714 559 724 -
589 680 669 744 1418
696 679 888 761 pertineret,
918 680 998 743 satis
1025 679 1134 763 ampla
1161 682 1347 748 tabularum

152 780 354 863 aliorumque
376 778 531 842 historiae
553 783 844 858 monumentorum,
878 801 962 863 quae
984 781 1026 845 ad
1049 781 1105 845 illa
1127 786 1275 867 tempora
1297 806 1347 850 re·

152 882 322 959 serrantur,
345 879 440 962 copia
456 885 574 962 parata
584 879 662 943 mihi
676 886 760 944 erat:
784 881 841 945 sed
864 880 904 946 de
930 902 1042 946 eorum
1065 882 1207 949 editione
1221 884 1346 949 tamdiu

151 1004 193 1048 ne
215 982 359 1064 cogitare
382 979 515 1062 quidem
536 978 667 1058 licebat,
699 979 785 1060 dum,
820 1002 1045 1064 quaecumque
1075 984 1161 1067 typis
1187 982 1348 1049 describe·

154 1089 275 1160 rentur,
298 1104 324 1147 0.
345 1103 371 1144 1.
393 1080 550 1144 librorum
573 1099 727 1146 censurae
749 1081 952 1165 subjicienda
974 1088 1075 1147 erant.
1105 1083 1226 1149 Verum
1248 1085 1347 1150 etiam

152 1182 387 1267 posterioribus
415 1180 523 1260 annis,
553 1202 653 1264 quum
681 1180 744 1246 hoc
772 1181 1039 1265 impedimentum
1065 1184 1177 1265 rebus,
1209 1187 1347 1269 quaein

152 1284 295 1349 omnium
315 1282 472 1348 memoria
498 1289 587 1360 suut,
610 1282 775 1349 sublatum
798 1291 885 1349 esset
911 1291 1012 1369 atque
1034 1308 1094 1370 ego
1121 1287 1267 1370 prolecto
1289 1286 1347 1349 im-

151 1385 262 1469 primis
284 1404 369 1449 anno
383 1387 461 1450 1851
474 1389 756 1449 monumentorum
777 1383 1008 1452 hussitioorum
1023 1388 1198 1452 editionem
1214 1387 1344 1452 concin-

149 1507 227 1551 nare
243 1485 433 1569 coepissem:
462 1484 598 1550 oonsilio
610 1506 649 1550 eo
665 1486 888 1552 desistendum
899 1495 984 1567 erat,
1007 1511 1047 1554 ne
1062 1509 1170 1553 rerum
1183 1495 1347 1572 gestarum

152 1586 316 1653 enarratio
346 1592 380 1651 01
411 1587 623 1671 perscriptio,
659 1608 742 1670 quae
775 1587 919 1672 undique
951 1589 1177 1673 flagitabatur,
1213 1589 1346 1654 edendis

149 1688 383 1765 monumentis,
420 1688 865 1775 01001010101101011011,
898 1691 1130 1757 retardaretur.
1174 1688 1283 1771 Atque
1306 1709 1345 1753 00

150 1787 276 1852 lacibus
300 1787 435 1853 oonsilio
456 1787 513 1852 illo
533 1776 662 1867 destiti,
685 1810 784 1872 quum
807 1810 872 1854 uon
894 1790 1080 1872 ignorarem
1106 1792 1209 1855 Cenat.
1240 1791 1346 1871 Hoste·

150 1912 244 1970 sarm,
278 1889 496 1973 professorem
525 1889 742 1983 Pragensem,
777 1890 953 1955 editionem
992 1892 1206 1979 ,scriptorum
1238 1911 1344 1955 rerum

150 1989 401 2054 hussiticarum“
425 1990 572 2074 impensa
594 2010 677 2055 caes.
699 1989 868 2055 literarum
890 1991 1077 2056 academiae
1088 1989 1346 2055 Vindoboneusis

149 2111 275 2175 parare.
312 2089 514 2174 Quamquam
538 2091 623 2156 enim
645 2091 868 2156 arationibus
892 2090 1100 2175 consiliisque
1123 2090 1343 2175 peculiaribus

151 2189 392 2269 dissentiebam,
415 2211 500 2274 quae
516 2188 676 2268 Hiiflerus
700 2210 799 2272 quum
821 2210 903 2274 opus
919 2190 1109 2273 susciperet,
1132 2188 1345 2272 sequebatur:

149 2289 299 2356 laetabar
324 2297 448 2367 tamen,
470 2295 681 2354 monumenta
709 2289 751 2353 ad
778 2296 923 2354 nostram
954 2288 1123 2353 historiam
1151 2288 1348 2372 pertinentia

150 2391 267 2457 saltem
287 2391 322 2455 in
351 2390 457 2456 lucem
479 2389 643 2473 prolatum
672 2389 729 2466 iri;
750 2390 861 2472 itaque
884 2390 1024 2455 libenter
1047 2411 1120 2455 eum
1143 2389 1346 2473 adjuvabam,

106 2558 110 2565 ,
149 2493 176 2556 01
199 2491 330 2576 quando
351 2511 424 2556 meo
448 2490 637 2574 adjumento
660 2490 779 2572 egebat
799 2489 899 2574 idque
922 2490 1106 2574 expetebat.

245 2591 369 2657 Hiifleri
386 2612 468 2675 opus
484 2590 845 2667 ,Geschichtschreiber
865 2592 922 2656 der
945 2591 1147 2656 husitischen
1162 2589 1345 2673 Bewegung

150 2697 184 2760 iu
198 2693 363 2759 Biihmeu“
376 2689 614 2774 (Vindobonae,
636 2712 712 2776 pars
727 2691 751 2756 l.
776 2693 865 2769 1856,
881 2713 975 2775 pagg.
991 2690 1105 2771 LXHI,
1128 2695 1199 2770 642,
1215 2712 1290 2775 pars
1305 2690 1345 2754 Π.

152 2797 242 2873 1865,
262 2813 359 2880 pagg.
379 2795 450 2870 843,
473 2812 549 2876 pars
570 2792 625 2858 ΙΙΙ
652 2794 741 2871 1866,
763 2813 859 2877 pagg.
881 2794 955 2877 279)
975 2793 1043 2876 jam
1066 2792 1099 2856 in
1119 2792 1269 2858 manibus
1286 2797 1345 2856 001.

149 2896 200 2961 110
230 2916 296 2980 quo
330 2894 394 2958 hoc
421 2891 495 2958 loco
517 2892 678 2977 judicium
707 2893 814 2958 facere
842 2893 1107 2978 argumentisque
1135 2893 1348 2976 comprobare

151 3018 216 3062 non
249 3001 300 3060 001
320 2994 354 3059 in
386 2992 509 3073 animo,
542 3014 641 3077 quum
674 2998 848 3077 utrumque
870 2994 938 3078 jam
971 2995 1092 3059 sactum
1115 2994 1158 3057 sit
1189 2993 1347 3077 peculiari

151 3097 245 3175 libro,
266 3116 287 3160 a
301 3116 352 3160 me
366 3094 491 3177 Pragae
506 3116 534 3159 a.
560 3096 640 3159 1868
655 3093 753 3173 edito,
777 3095 832 3177 qui
847 3094 1034 3159 inscribitur
1055 3094 1136 3173 „Die
1153 3092 1347 3158 Geschichtc

152 3198 209 3264 des
230 3195 495 3261 Hussitenthums
516 3196 582 3260 und
604 3196 691 3262 Prof.
714 3196 908 3261 Constantio
930 3194 1050 3259 Hiifler.
1088 3193 1250 3258 Kritische
1273 3192 1347 3257 Stu-

152 3298 246 3364 (1101ιι
276 3304 337 3363 010.
380 3296 544 3376 Ηό110110,
572 3317 672 3380 quum
701 3296 807 3361 fontes
836 3317 944 3360 rerum
972 3295 1199 3359 hussiticarum
1227 3294 1347 3372 ederet,

152 3398 355 3464 occasionem
386 3397 448 3462 sibi
485 3394 629 3461 oblatam
669 3415 739 3460 esse
771 3394 989 3460 arbitrabatur
1022 3395 1063 3460 ad
1102 3394 1348 3460 dissertationes

151 3498 328 3576 addendas,
363 3497 481 3581 quibus
515 3517 580 3560 nou
610 3495 706 3560 modo
729 3495 828 3559 Hussi
860 3516 971 3560 omnes
1002 3496 1146 3560 rationes
1177 3494 1349 3578 omniaque

152 3598 288 3664 consilia
310 3618 443 3682 prorsus
468 3596 670 3680 improbaret
697 3602 730 3661 et
758 3596 790 3660 in
818 3617 976 3660 summam
1003 3595 1157 3660 invidiam
1185 3595 1349 3661 adducere

152 3704 339 3778 conaretur,
362 3699 419 3764 sed
442 3698 540 3763 etiam
563 3701 673 3762 cetera
696 3697 818 3776 omnia,
840 3718 924 3780 quae
946 3696 988 3761 ad
1011 3695 1101 3760 illum
1124 3697 1227 3760 virum
1242 3695 1348 3779 quoli-

152 3799 209 3865 bet
244 3798 340 3863 modo
377 3798 612 3863 referebantur.
655 3796 703 3861 De
738 3797 958 3865 controversia
993 3803 1105 3861 nostra
1130 3797 1206 3860 viris
1244 3795 1349 3860 doctis

153 3900 239 3965 varie
255 3900 333 3965 11001
348 3899 508 3982 judicare,
531 3904 631 3983 atque
654 3919 762 3981 quum,
786 3919 869 3981 quae
891 3905 1010 3962 natura
1025 3898 1167 3962 humana
1181 3903 1240 3973 001,
1265 3895 1348 3960 (11111-

153 4000 307 4065 cillimum
329 4000 372 4064 sit
393 4020 520 4064 summa
541 3999 709 4082 aequitate
731 3999 778 4063 uti
802 4006 835 4064 et
856 4019 988 4082 prorsus
1011 3998 1152 4064 medium
1167 4019 1202 4063 00
1228 4017 1348 4080 gerere,

152 4101 222 4166 fieri
244 4121 321 4166 sane
343 4105 462 4184 potest,
484 4106 522 4163 ut
543 4098 598 4164 alii
621 4097 855 4177 laudatoribus,
878 4097 934 4164 alii
956 4099 1231 4184 vituperatoribus
1245 4097 1349 4162 10101-

152 4200 303 4266 metionis
329 4200 519 4267 bohemicae
547 4199 781 4264 assentiantur:
805 4221 914 4265 verum
939 4200 978 4265 de
1005 4220 1070 4265 una
1097 4221 1200 4282 eaque
1228 4199 1348 4281 gravis-

152 4303 234 4366 sima
262 4322 296 4366 re
326 4300 415 4366 haud
437 4287 505 4365 scio
532 4321 574 4365 an
603 4298 695 4376 nulla
723 4300 833 4365 lutura
859 4301 903 4364 sit
930 4299 1106 4378 dissensio;
1135 4299 1348 4382 nequeenim

152 4402 304 4485 cuiquam
326 4400 460 4466 dubium
482 4400 553 4466 fore
575 4406 675 4484 puto,
699 4401 777 4485 quin
800 4400 949 4466 Hiiflerus
971 4401 1009 4465 V.
1033 4401 1080 4466 Cl.
1102 4399 1159 4465 illa
1180 4400 1346 4465 literarum

152 4508 362 4569 monumenta
376 4522 535 4585 perquam
557 4501 712 4567 mendose
733 4501 881 4567 ediderit.
903 4501 1052 4586 Namque
1075 4522 1156 4587 opus
1173 4501 1241 4585 ejus
1256 4499 1349 4566 valde

152 4624 301 4668 mancum
316 4608 367 4667 est
388 4612 580 4688 (quamqum
602 4603 749 4686 alioquin
771 4603 873 4668 multa
894 4605 1006 4669 insunt
1028 4625 1048 4668 a
1069 4624 1104 4668 re
1126 4602 1233 4668 aliena
1248 4607 1348 4685 atque
