2992 5258
401 430 542 471 earcere
559 415 631 484 apud
649 416 747 470 fratres
763 413 889 468 Minores.
924 418 965 469 80.
983 418 1024 471 81.
1041 420 1083 472 82
1206 452 1210 465 ·
1276 421 1335 485 129

148 617 292 681 dominus
314 616 402 683 dabit
416 618 449 682 in
464 616 553 683 brevi
575 616 814 698 protectionem,
837 623 871 680 et
884 614 1016 696 augebit
1036 633 1201 681 numerum
1216 614 1334 682 Christi

148 718 295 783 fidelium.
319 718 398 782 Esto
412 719 484 799 pius
500 716 704 799 pauperibus,
719 720 754 779 ut
769 733 895 797 semper
909 715 1013 794 fuisti;
1029 715 1216 796 castitatem,
1229 734 1334 798 spero,

148 819 298 895 servasti,
330 818 494 882 avaritiam
521 815 630 897 fugisti
652 823 685 881 et
713 815 796 895 fuge,
818 833 877 881 nec
900 816 991 897 plura
1011 821 1145 898 propter
1168 821 1201 879 te
1223 821 1334 881 teneas

148 918 308 984 beneficia
329 918 504 982 Ecclesiam
525 935 651 997 semper
673 918 785 996 retine,
801 923 837 981 ut
857 915 967 981 fidelos
984 916 1166 995 confugiant
1186 921 1336 996 tanquam

148 1018 187 1082 ad
201 1020 289 1101 pium
303 1023 435 1101 patrem.
452 1016 562 1083 Saluta
575 1018 779 1083 dilectissime
794 1018 838 1082 M.
860 1017 1057 1083 Jacobellum
1078 1021 1111 1082 et
1132 1033 1240 1081 omnes
1259 1015 1335 1081 arni·

148 1135 200 1182 cos
215 1119 370 1185 tentatis.
384 1118 543 1201 Scriptum
564 1118 762 1198 in'vinculis,
785 1119 816 1183 in
840 1119 1077 1201 exspectatione
1099 1116 1337 1182 combustionis.

246 1234 276 1286 E
290 1232 354 1287 MS.
373 1234 500 1289 maden.
518 1251 548 1304 p.
565 1233 614 1288 80·
646 1234 730 1289 MSS.
755 1234 852 1289 Vicum.
868 1234 956 1298 4524,
972 1233 1000 1305 f·
1019 1230 1061 1291 79.
1080 1260 1111 1272 -
1133 1229 1219 1293 4557,
1230 1229 1257 1301 j.
1274 1229 1337 1288 147.

150 1315 211 1370 MS.
229 1319 315 1387 capit.
332 1318 423 1388 Prae.
435 1318 461 1389 f
481 1315 523 1373 73.

245 1416 322 1471 Edit.
340 1417 371 1468 in
388 1417 447 1485 Ep.
460 1418 541 1486 piiss.
558 1418 594 1471 E.
612 1415 641 1471 2.
676 1417 748 1488 Opp.
766 1416 833 1472 Huc
849 1418 875 1480 Ι,
893 1415 932 1471 63
946 1427 972 1471 ct
989 1416 1036 1472 80.

697 1779 772 1853 ·82.

442 1966 605 2053 Amicis
635 1974 721 2054 suis
753 1967 1044 2055 Constantius.

165 2179 230 2242 Qum
244 2199 304 2233 mena
315 2180 430 2235 Paiec'io
448 2184 652 2251 abjurationem
664 2185 798 2237 secedente
815 2185 964 2238 collocutus
978 2186 1017 2238 eit
1032 2192 1057 2237 et
1074 2187 1208 2254 quoneodo
1216 2186 1340 2241 Micboel

165 2273 248 2317 contro
265 2267 420 2325 resaeviat,
438 2268 562 2333 eumenii,
580 2268 793 2320 consolationem
809 2269 941 2321 reliceris
957 2270 1047 2321 saeris
1063 2271 1217 2323 retemire
1233 2272 1340 2331 scribit,

179 2350 306 2417 imprimis
323 2366 356 2402 eu
373 2349 474 2402 curtari
491 2350 622 2417 exemplu,
640 2366 719 2417 quem
736 2359 768 2402 ut
779 2352 904 2403 oninium
921 2368 1001 2404 murem
1018 2352 1165 2420 confimet,
1180 2361 1323 2420 precatur.

626 2517 712 2583 (1415,
728 2518 761 2571 as
778 2516 853 2582 aun.)

352 2680 490 2751 ,Insinuat
507 2682 707 2737 exhortationes
729 2699 759 2737 se
785 2683 820 2737 ad
837 2683 1033 2751 abjurationem
1051 2683 1178 2739 inducere
1195 2684 1340 2741 volentium

416 2771 492 2820 etse
510 2781 544 2819 ex
562 2767 701 2834 scripturis
719 2768 803 2820 saeris
827 2766 855 2820 in
872 2768 1009 2835 proposito
1027 2772 1054 2821 et
1079 2770 1230 2823 constantia
1246 2768 1341 2823 conflr-

417 2856 474 2904 mat
490 2856 519 2904 et
535 2850 690 2904 consolatur
707 2857 735 2903 et
751 2855 811 2904 orat
827 2866 875 2919 pro
892 2851 1123 2906 confirmatione!

253 3020 360 3084 Amice
382 3020 558 3084 carissime!
581 3017 705 3098 Sciatis,
728 3019 812 3098 quod
830 3019 943 3084 Paleca
964 3019 1125 3086 suadendo
1148 3021 1235 3099 dixit,
1258 3020 1343 3100 quod

173 3116 370 3183 conbuionem
391 3118 599 3200 abjurationis
620 3137 683 3182 non
706 3118 856 3183 deberem
878 3137 999 3199 curare,
1026 3120 1083 3183 sed
1106 3119 1229 3199 bonum,
1259 3120 1343 3200 quod

173 3220 346 3296 provenerit,
380 3218 558 3282 advertere.
601 3218 660 3282 Cui
681 3218 761 3282 dixi:
796 3218 917 3300 ,Major
939 3225 989 3284 est
1011 3220 1162 3298 confusio,
1195 3220 1342 3285 condem-

173 3315 230 3378 nori
249 3328 279 3383 et
299 3318 451 3397 comburi,
474 3336 567 3399 quam
588 3318 751 3399 abjurare;
785 3319 940 3399 quomodo
964 3338 1040 3400 ergo
1070 3338 1129 3400 ego
1150 3320 1247 3386 timeo
1269 3338 1343 3386 con-

173 3410 331 3482 tusionem?
353 3418 417 3483 Sed
438 3417 550 3482 dicatis
573 3418 649 3482 mibi
670 3417 838 3485 consilium
858 3426 1009 3498 uestrum,
1040 3421 1116 3500 quid
1137 3438 1195 3485 vos
1216 3420 1342 3486 velletis

173 3506 273 3595 iacere,
304 3517 430 3598 quando
459 3517 498 3581 de
526 3524 615 3582 certo
642 3517 785 3596 sciretis,
830 3517 913 3598 quod
942 3537 1006 3584 non
1034 3520 1184 3585 tenuistis
1216 3538 1343 3586 errores

174 3606 332 3698 adscriptos
353 3617 470 3681 vobis?
506 3617 681 3682 Velletisne
703 3618 891 3699 abjurare‘i“
927 3619 987 3696 Qui
1010 3620 1193 3702 rospondit,
1228 3639 1344 3703 „grave

175 3714 238 3788 est,“
258 3723 290 3781 et
310 3717 418 3798 coepit
438 3716 525 3781 flere.
567 3717 669 3781 Multa
689 3718 752 3783 alia
778 3737 886 3784 sumus
907 3720 1014 3799 locuti,
1038 3737 1118 3802 quae
1140 3719 1344 3803 reprehendi.

175 3801 298 3896 Micbail,
320 3835 443 3898 paurper
463 3816 566 3897 bomo,
587 3817 647 3882 fuit
668 3817 859 3899 aliquotiens
881 3826 955 3884 aute
978 3838 1137 3886 carcerem
1160 3840 1229 3887 cum
1245 3820 1344 3903 depu-

176 3911 244 3987 totis,
272 3926 305 3984 et
326 3917 452 4000 qnando
482 3935 541 3997 ego
572 3918 616 3981 fui
638 3936 707 3982 cum
729 3919 899 4001 deputatis,
931 3921 1000 4001 ipse
1022 3919 1102 3985 dixit
1123 3919 1164 3985 ud
1185 3920 1344 3998 custodes,

178 4015 244 4083 snos
265 4038 353 4097 ,curn
375 4018 427 4081 dei
443 4019 546 4098 gratia
561 4018 623 4083 cito
640 4018 736 4083 istum
751 4020 944 4085 haereticum
960 4019 1189 4100 comburemus,
1212 4023 1345 4100 propter

178 4122 250 4184 quiem
281 4136 340 4197 ego
372 4119 489 4183 moltos
518 4116 655 4183 florenos
682 4119 846 4200 expendi.“
891 4119 1020 4199 Scitote,
1054 4119 1136 4200 quod
1169 4136 1228 4200 per
1259 4117 1345 4183 istud

178 4213 308 4295 scriptum
331 4235 394 4281 non
416 4223 492 4299 opto
514 4217 685 4283 vindictum
707 4219 738 4283 in
760 4237 809 4300 eo,
833 4237 925 4301 quam
947 4220 1091 4285 commisi
1113 4218 1182 4299 deo,
1214 4224 1248 4283 et
1267 4236 1346 4299 rogo

179 4320 223 4384 iro
240 4316 304 4399 ipso
326 4307 421 4381 deum
442 4315 640 4383 affectanter.

256 4418 366 4481 Adhuc
387 4417 506 4495 hortor,
536 4416 620 4496 quod
643 4418 727 4481 coriti
749 4418 819 4483 sitis
842 4435 911 4483 curn
933 4416 1046 4484 litoris.
1089 4418 1226 4482 Miebosl
1249 4417 1346 4482 etiam

179 4503 321 4595 disposuit,
338 4517 421 4597 (ruod
437 4517 542 4580 nullus
554 4517 617 4598 jam
634 4517 857 4584 intromittitur
871 4524 945 4584 ante
961 4536 1345 4597 carcerem31mcuxores

178 4616 319 4682 sinodum
334 4619 597 4684 intromittuntur.
628 4620 654 4684 Ο
677 4625 785 4685 sancte
807 4619 895 4700 deus,
918 4637 1010 4704 quam
1031 4618 1095 4683 late
1117 4618 1292 4700 potentiam
1314 4622 1348 4684 et

1147 4735 1164 4787 9
