2992 5258
147 424 213 489 398
392 415 597 472 Cenhoveraiae
614 415 648 471 de
666 415 795 484 religione
813 415 841 470 in
857 415 1001 471 Bohemiar
1019 417 1091 470 raro.

150 621 290 685 tinentes
308 618 549 690 sententialiter,
566 636 635 683 cum
651 617 733 694 inse
753 616 951 683 manifestam
973 618 1130 683 haeresim
1146 617 1343 698 contineant,

151 720 436 792 condemnavimus,
453 725 486 783 et
500 727 537 783 ut
558 738 577 783 a
590 715 732 783 fidelium
745 719 844 783 oculis
866 724 1080 796 amoveantur,
1103 737 1144 784 ne
1157 718 1221 800 ipsi
1235 717 1343 784 fideles

151 841 190 886 ex
212 820 330 885 eisdem
352 818 540 898 inficiantur,
563 818 691 883 eosdem
714 819 911 883 decrevimus
934 818 1129 883 cremandos.
1153 818 1343 900 Superque

151 920 277 1002 quidem
299 919 458 984 sententia
478 937 647 1001 processus
662 926 789 985 nostros
811 919 844 983 in
866 922 966 984 lorma
981 919 1090 984 debita
1110 917 1181 982 fieri
1194 916 1341 991 fecimus,

150 1021 341 1101 eosdemque
356 1021 389 1084 in
404 1025 513 1085 sancta
528 1020 648 1100 synodo
670 1038 774 1101 nuper
789 1019 950 1084 celebrata
965 1020 997 1083 in
1012 1020 1194 1100 praesentia
1208 1036 1343 1098 magnae

149 1120 360 1204 multitudinis
393 1119 469 1184 cleri
502 1125 536 1183 et
563 1119 697 1184 aliorum
729 1119 848 1184 Christi
880 1118 1020 1183 fidelium
1051 1119 1284 1201 publicavimus
1309 1124 1343 1183 et

150 1219 304 1300 publicari
325 1218 464 1284 fecimus.

249 1320 327 1407 Post
363 1337 495 1400 quorum
525 1336 730 1401 processuum
761 1319 1007 1407 publicationem
1034 1319 1075 1382 M.
1102 1319 1245 1385 loannes
1275 1318 1343 1382 Hus

151 1419 190 1483 de
205 1420 375 1498 Husinecz,
397 1419 541 1483 Zdislaus
556 1418 596 1482 de
611 1418 822 1497 Zwierzeticn
845 1419 986 1484 ,loannes
1001 1419 1041 1483 de
1057 1418 1203 1497 Brandis,
1227 1419 1343 1483 Petrus

150 1521 190 1584 de
213 1519 374 1601 Separor,
397 1520 510 1583 Petrus
533 1517 572 1582 de
595 1518 760 1597 Valentia,
782 1519 919 1582 Michael
941 1519 981 1583 de
1003 1518 1178 1596 Drnouicz,
1202 1518 1343 1583 Joaunes

150 1620 190 1685 ‹le
211 1618 400 1698 Landstein,
433 1618 592 1698 magistri,
621 1619 790 1682 baccalarii
813 1623 846 1682 et
867 1619 1047 1698 studenteS,
1070 1637 1128 1699 pro
1151 1636 1185 1683 se
1209 1624 1244 1684 et
1265 1618 1343 1700 ipsis

150 1720 398 1786 adhaerentibus
420 1729 453 1784 et
463 1719 638 1784 adhaerere
651 1719 839 1790 volentibus,
853 1720 1008 1799 quandam
1022 1719 1275 1801 appellationem
1291 1718 1343 1784 fri·

150 1821 252 1885 volam
273 1841 293 1886 a
314 1821 407 1885 dictis
430 1820 548 1884 nostris
571 1819 788 1899 processibus,
811 1825 907 1902 prout
928 1819 968 1885 bd
991 1821 1093 1886 nostri
1115 1820 1268 1886 notitiam
1294 1827 1343 1887 ost

151 1920 333 2000 deductum,
361 1922 623 2002 interposuerunt
646 1927 678 1984 et
700 1920 905 2002 interponere
932 1938 1037 1984 coram
1059 1920 1193 1984 notariis
1217 1920 1341 2002 publice

152 2021 222 2100 (eie)
246 2027 279 2084 et
299 2021 436 2086 testibus
462 2028 661 2084 curaverunt.
706 2019 764 2084 Cui
786 2019 1007 2101 appellationi,
1030 2026 1189 2101 tamquam
1211 2020 1340 2086 frivolae

151 2127 184 2186 et
199 2140 238 2185 er
253 2121 357 2185 causis
372 2119 502 2195 frivolis,
524 2126 561 2184 ut
571 2119 809 2200 praescribitur,
835 2120 1044 2200 interpositae
1065 2138 1129 2184 non
1152 2119 1339 2197 deferentes

150 2226 247 2301 prout
266 2220 380 2285 merito
404 2219 530 2284 deferre
551 2237 614 2283 non
641 2219 835 2297 tenebamur,
859 2238 929 2284 cum
949 2219 1044 2284 fidem
1065 2217 1254 2286 catholicam
1270 2238 1340 2286 can·

150 2339 284 2386 cernere
314 2319 474 2399 videatur,
504 2325 648 2384 nostram
679 2320 870 2385 sententiam
895 2319 1088 2385 antedictam
1109 2319 1239 2385 debitae
1272 2338 1340 2386 exe·

47 2464 54 2479 .
149 2420 270 2486 cutioni
292 2419 483 2485 demandare
505 2419 658 2500 volantes,
679 2419 778 2485 libros
800 2439 860 2502 per
881 2438 940 2485 nos
961 2421 1189 2486 condemnatos
1211 2425 1246 2486 et
1261 2421 1342 2487 dicta

150 2521 307 2602 praetacti
321 2521 455 2586 Joannis
470 2518 590 2584 Wiclei
602 2520 635 2583 in
657 2536 693 2585 se
716 2521 917 2585 continentes
932 2520 1117 2586 cremandos
1131 2521 1200 2602 igni
1215 2519 1342 2587 effectu·

149 2621 245 2685 ahter
266 2619 454 2685 tradidimus
476 2625 509 2684 et
530 2619 659 2684 tradere
681 2621 867 2685 curavimus
890 2619 968 2684 llum
991 2627 1105 2686 autem
1118 2621 1248 2686 notorie
1269 2638 1341 2704 pre·

149 2720 305 2786 nominati
324 2719 366 2784 M.
387 2721 529 2785 loannes
550 2719 628 2800 HuS,
652 2719 796 2784 Zdislaus
830 2720 869 2785 de
890 2721 1101 2800 Zuierzeticz,
1135 2722 1279 2786 ,loannes
1303 2721 1341 2786 de

148 2820 295 2899 Brandis,
322 2819 495 2884 Benessius
518 2818 558 2884 de
579 2818 679 2901 Lysa,
703 2821 818 2884 Petrus
841 2820 880 2885 de
902 2820 1064 2902 Sepehovv‚
1086 2822 1204 2886 Petrus
1226 2821 1267 2885 de
1282 2821 1343 2887 Va·

150 2921 262 3001 lancia,
285 2919 422 2984 Michael
445 2919 484 2984 de
506 2919 681 2999 Ilrnovica
704 2921 845 2985 ,loannes
860 2921 900 2985 de
921 2921 1088 2985 Lantstein
1111 2939 1150 2985 ea
1172 2922 1343 2987 nomineet

149 3021 229 3101 ipsis
251 3019 470 3090 adhaerentes,
493 3024 652 3100 tamquam
668 3019 802 3085 rebelles
816 3029 848 3085 et
870 3020 1091 3085 inobedientes
1117 3039 1154 3085 ac
1169 3020 1343 3086 cathoHcae

149 3119 225 3185 fidei
240 3121 485 3201 impugnatores,
501 3138 535 3184 se
550 3120 759 3201 praescriptis
774 3122 892 3184 nostris
908 3120 1110 3201 processibus
1133 3120 1343 3203 opposuerint

150 3228 185 3286 et
205 3238 369 3303 opponere
391 3219 560 3285 temerarie
581 3222 870 3301 praesumpserint:
893 3222 981 3300 ipsos
1002 3221 1194 3286 auctoritate
1215 3228 1343 3303 aposto·

150 3321 211 3385 lica
232 3319 415 3401 supradicta
446 3319 602 3384 indictos
624 3337 794 3401 processus
815 3327 944 3385 nostros
968 3328 1002 3384 et
1023 3337 1143 3401 poenas
1164 3321 1198 3385 in
1223 3320 1343 3385 eisdem

146 3424 317 3485 ,contentas
339 3419 566 3484 declaravimus
594 3426 626 3483 et
648 3420 872 3500 praesentibus
893 3420 1090 3485 declaramus
1113 3419 1291 3485 incurrisse
1313 3428 1343 3485 et

150 3519 309 3599 incidisse,
333 3526 366 3585 et
387 3519 691 3584 excommunicamus
717 3520 749 3583 in
772 3521 821 3583 his
843 3518 980 3600 scriptis.

250 3620 451 3700 Quapropter
477 3619 566 3683 vobis
589 3619 745 3683 universis
768 3627 802 3684 et
823 3620 956 3698 singulis
978 3618 1188 3701 supradictis
1209 3625 1269 3685 aut
1289 3638 1343 3686 ve

150 3726 235 3785 stras
257 3720 342 3784 vices
364 3719 566 3801 gerentibus,
599 3719 639 3784 ad
661 3736 739 3800 quos
762 3724 950 3800 praesentes
970 3720 1192 3800 pervenerint,
1215 3720 1268 3785 vel
1290 3721 1343 3803 qui

149 3819 371 3901 praesentibus
388 3819 513 3884 fueritis
528 3819 682 3900 requisiti,
705 3837 762 3884 seu
783 3819 881 3884 inerit
902 3821 1085 3899 requisitus,
1109 3825 1143 3884 et
1156 3821 1343 3902 specialiter

150 3920 305 3985 tumbario
333 3920 363 3985 S.
377 3919 541 3984 hdalberti
556 3920 588 3983 in
610 3919 694 3985 dicta
710 3920 844 3985 ecclesia
864 3929 974 3986 nostra
988 3921 1150 4001 l’ragensi,
1172 3921 1206 3984 in
1225 3920 1343 3985 virtute

148 4026 279 4087 sancme
306 4019 508 4084 obedientiae
541 4028 573 4085 et
604 4021 662 4085 sub
693 4022 1024 4087 excommunicationis
1055 4038 1173 4102 poena,
1196 4039 1292 4102 quam
1313 4022 1343 4085 iu

150 4137 207 4185 vos
239 4126 272 4183 et
303 4126 445 4185 vestrum
475 4122 651 4202 quamlibet
679 4123 775 4186 trium
808 4123 956 4187 horarum
985 4123 1160 4187 monitione
1192 4122 1343 4187 canonica

149 4221 288 4302 praevia,
310 4221 372 4284 nisi
395 4221 514 4286 nostris
537 4220 598 4285 imo
621 4222 730 4285 verius
753 4224 936 4303 apostolicis
959 4222 1132 4306 parueritis
1154 4227 1188 4286 et
1209 4222 1343 4302 quilibet

150 4323 291 4384 vestrum
319 4321 463 4402 paruerit
484 4321 655 4400 mandatis,
684 4339 754 4385 cum
781 4321 896 4388 ellectu
924 4323 1054 4388 ierimus
1074 4323 1108 4387 in
1131 4322 1181 4386 his
1202 4321 1343 4404 scriptis,

151 4417 296 4484 districtc
307 4421 531 4502 praecipiendo
543 4420 736 4499 mandamus,
749 4428 905 4502 quatenus
918 4423 1175 4504 praenominatos
1187 4420 1343 4487 loannem

150 4516 230 4598 Hos,
243 4519 411 4600 Zdislaum,
426 4521 590 4601 loannem,
607 4521 801 4601 llenessium,
826 4525 955 4588 Petrum
972 4524 1011 4589 cle
1027 4523 1190 4604 Sepelrovv,
1215 4523 1343 4587 Petrum

151 4614 192 4681 de
221 4616 385 4701 valencia,
414 4621 602 4689 hliehaelem
632 4629 666 4688 et
691 4622 848 4689 loannem
875 4644 914 4690 ex
936 4623 1081 4703 nomine,
1107 4631 1142 4687 et
1162 4622 1245 4689 alios
1267 4622 1343 4706 ipsis
