2992 5258
159 413 221 479 288
326 422 329 427 ·
368 400 441 458 rent
458 381 497 456 ue¹
509 399 687 455 minumum
703 399 798 452 retuso
817 397 850 452 ue
867 397 905 451 nr.
922 397 948 451 J.
966 396 1026 452 nus
1043 411 1139 453 aaa:

158 613 310 685 putatione
338 607 455 682 populi,
487 606 563 679 quod
586 603 641 664 luit
660 619 746 662 verus
768 603 878 662 Christi
898 602 1075 676 discipulus,
1103 615 1162 660 non
1183 597 1239 661 fuit
1258 616 1347 663 verus

160 716 223 787 cq’us
245 709 414 783 discipulus,
436 708 489 768 sed
516 706 602 780 lupus
623 706 701 781 polle
724 704 809 763 ovina
831 709 936 777 tectus,
958 708 990 762 ut
1010 701 1080 761 dicit
1098 700 1278 774 Augustinus
1308 717 1347 762 κ.

257 879 286 936 6.
307 876 475 948 Numquam
501 872 671 944 praescitus
697 874 740 930 cet
759 871 914 929 mcucbmm
934 856 1054 928 sunctae
1074 868 1179 927 tuamne
1198 867 1348 927 ecclesiae.

159 971 519 1061 ffitumffibw

255 1076 359 1141 Aliter
380 1080 444 1139 stat
466 1073 500 1138 in
520 1072 602 1138 libro
625 1069 658 1136 c⁰
678 1074 699 1136 4
720 1069 749 1134 tl

255 1179 360 1238 Nullus
382 1178 544 1249 praescitus
566 1182 613 1234 est
632 1173 791 1234 membrum
816 1177 934 1239 sanctae
954 1169 1056 1229 matris
1078 1168 1223 1229 ecclesiae
1244 1167 1347 1228 catho-

155 1282 239 1343 licae.
281 1279 323 1338 Et
349 1277 456 1350 probat
482 1275 538 1335 hoc
559 1290 614 1349 per
634 1274 826 1347 Augustiunm
855 1287 944 1342 super
971 1270 1084 1342 psalmo
1106 1271 1145 1328 36
1174 1285 1266 1341 super
1293 1266 1347 1327 illo

156 1381 260 1440 verbo:
285 1378 385 1453 jnnior
406 1375 464 1446 sui,
494 1375 603 1436 etenim
623 1374 722 1443 senui,
744 1378 776 1430 et
794 1370 872 1430 intra
891 1387 946 1446 per
967 1369 1132 1445 apostolum
1152 1369 1190 1430 ad
1212 1368 1291 1442 pr.
1313 1372 1347 1431 5:

158 1481 291 1542 christus
321 1477 424 1538 dilexit
456 1475 611 1536 ecclesium
636 1489 673 1533 oc.
694 1473 731 1533 lt
752 1471 920 1533 Bernardus
943 1487 1033 1542 super
1061 1470 1182 1531 Cantica
1208 1487 1347 1533 sermone

159 1583 196 1639 12
218 1580 304 1640 dicit:
326 1576 462 1637 Ecclesia
482 1580 529 1634 est
548 1591 655 1647 eorpus
677 1574 787 1634 Christi
809 1573 922 1644 camus,
944 1588 1029 1646 quam
1049 1571 1130 1642 illud,
1152 1571 1232 1645 quod
1251 1572 1346 1633 uant-

157 1681 201 1742 dit
220 1680 307 1739 morti
327 1694 364 1741 ne.
385 1679 421 1739 It
444 1693 507 1748 cap.
530 1677 548 1735 5
570 1675 656 1736 dicit:
678 1674 856 1734 Conceditur
869 1680 978 1743 tamen,
1001 1672 1078 1745 quod
1094 1671 1222 1732 eeclesia
1241 1678 1347 1733 saneta

156 1786 204 1841 est
224 1795 295 1839 urea
317 1777 433 1847 domini,
453 1778 484 1835 in
506 1780 652 1849 quaeunt
673 1774 832 1834 secundum
858 1771 945 1832 fidem
968 1772 1038 1831 boni
1060 1779 1091 1831 et
1109 1772 1193 1843 mali,
1219 1775 1345 1845 pracda·

155 1881 257 1941 stiuati
277 1885 308 1939 et
327 1877 475 1951 praesciti,
496 1893 572 1935 nunc
592 1874 741 1948 permixti:
761 1874 976 1947 praedestinati
996 1878 1029 1931 ut
1042 1873 1181 1943 triticum,
1204 1875 1345 1946 praesciti

154 1988 187 2042 ut
207 1972 312 2054 palea'
324 1977 409 2050 prim
430 1977 461 2035 in
475 1977 612 2036 horreum
634 1975 771 2035 coelestis
793 1975 907 2046 patriae
921 1973 1127 2047 congregandi
1148 1974 1257 2047 reliqui
1275 1974 1344 2049 igne

154 2076 370 2152 inextinguibili
392 2075 597 2145 comburendi,
619 2081 652 2132 ut
672 2075 743 2135 dicit
764 2074 944 2148 evangelium
966 2079 998 2134 et
1018 2073 1163 2148 expositio
1185 2075 1343 2148 Augustini

154 2196 191 2241 aa.
211 2181 242 2240 in
263 2179 349 2239 libro.

253 2347 282 2404 7.
303 2341 405 2402 Jonas
423 2357 581 2417 quanquam
599 2341 662 2414 fuit
681 2357 768 2402 oona
785 2341 950 2416 discobolos
974 2339 1093 2402 Christi.
1115 2337 1169 2418 (0⁰
1190 2342 1211 2403 5
1231 2338 1280 2421 ff.)

253 2443 336 2507 Ecce
357 2442 403 2506 sic
424 2446 488 2506 stat
510 2458 577 2521 cap.
599 2442 643 2503 5²⁰
663 2439 699 2505 G:

256 2544 325 2617 Ipse
349 2544 425 2602 eninr
454 2543 618 2615 praescitus
640 2548 794 2616 numquam
814 2540 869 2601 suit
887 2559 974 2603 verus
987 2542 1096 2603 Christi
1116 2544 1287 2617 discipulus,
1312 2550 1345 2605 ut

154 2644 262 2718 probat
281 2643 470 2716 Augustinus,
492 2642 545 2701 sed
567 2641 622 2700 init
641 2643 727 2715 lupus
749 2644 835 2702 ovina
856 2644 934 2716 pelle
954 2650 1060 2706 tectus.
1101 2644 1175 2703 Item
1197 2641 1230 2704 c⁰
1257 2641 1292 2703 4⁰
1312 2642 1342 2710 u.

153 2744 333 2818 Augustinus
354 2748 483 2802 boemus
509 2742 582 2801 illud
603 2744 723 2802 verbum
743 2744 759 2802 Ι
779 2745 864 2803 Joau.
886 2742 936 2806 2⁰:
958 2744 1006 2804 Ex
1025 2744 1111 2804 nobis
1127 2745 1268 2817 exierunt,
1290 2746 1342 2806 sed

136 2861 215 2905 <non
236 2849 320 2903 erunt
341 2859 378 2902 ex
398 2842 499 2916 uobis,
521 2843 592 2903 dicit
612 2841 704 2901 intra:
737 2843 855 2903 Sciebat
876 2845 952 2903 enim
982 2845 1019 2903 ab
1040 2845 1138 2916 initio,
1170 2847 1219 2918 qui
1240 2850 1345 2907 essent

154 2945 321 3012 credentes,
351 2941 451 3014 etqui
477 2948 558 3002 esset
583 2943 744 3002 traditurus
775 2959 855 3016 eum,
888 2952 918 3003 et
938 2944 1070 3004 dicebat:
1102 2951 1262 3017 propterea
1283 2946 1343 3007 dixi

152 3045 244 3114 vobis,
267 3042 334 3117 qnia
353 3058 439 3102 nemo
460 3042 539 3101 venit
559 3043 599 3102 ad
619 3059 673 3113 me,
696 3044 754 3102 nisi
775 3041 863 3104 inerit
884 3045 914 3103 ei
935 3046 1033 3104 dutum
1055 3052 1172 3117 apatre
1195 3062 1273 3106 meo.
1297 3046 1341 3105 Ex

153 3144 209 3205 hoo
230 3142 312 3202 multi
340 3143 548 3215 discipulorum
586 3145 649 3217 cJ‘us
671 3144 807 3204 abierunt
832 3147 941 3219 etjam
969 3163 1034 3204 cum
1063 3162 1179 3205 eonon
1206 3146 1343 3207 ambula-

153 3245 238 3314 bant,
259 3242 398 3315 numquid
420 3248 450 3303 et
471 3259 530 3302 non
550 3243 601 3303 isti
623 3244 764 3317 discipuli
785 3246 927 3318 appellati
948 3245 1028 3316 sunt,
1054 3246 1194 3319 loquente
1215 3262 1341 3321 evange·

153 3344 215 3405 lio?
236 3352 267 3403 et
286 3349 383 3403 tameu
402 3359 461 3404 non
483 3350 567 3403 erant
587 3361 656 3405 vere
678 3345 824 3418 discipuli,
847 3347 915 3420 quia
934 3363 993 3405 uon
1009 3353 1178 3406 manserunt
1198 3345 1230 3407 in
1250 3345 1344 3406 verbo

153 3448 231 3520 ejus,
255 3444 412 3503 secundum
434 3445 510 3517 quod
532 3446 585 3504 ait:
615 3446 646 3505 Si
668 3448 835 3507 manseritis
856 3449 888 3506 in
908 3448 998 3509 verbo
1020 3462 1100 3518 meo,
1121 3447 1261 3519 discipuli
1282 3446 1341 3507 mei

155 3546 238 3617 estis;
262 3544 419 3616 quievero
441 3561 500 3603 non
521 3545 686 3606 babuerunt
706 3548 962 3627 perseverantium,
985 3548 1060 3607 siout
1081 3564 1140 3607 non
1161 3563 1231 3607 vere
1252 3546 1340 3606 disci·

152 3644 215 3717 puli
236 3642 352 3711 Christi,
374 3642 415 3701 ita
429 3659 485 3704 nec
505 3642 558 3703 filii
579 3646 627 3705 dci
647 3663 716 3706 vero
738 3646 862 3717 luerunt,
885 3648 971 3706 etiam
991 3647 1105 3721 quondo
1119 3647 1178 3720 ipsi
1199 3646 1341 3706 videban-

152 3749 251 3803 taret
276 3742 319 3801 ita
346 3744 531 3805 vocabantur.
573 3747 613 3805 Et
640 3745 725 3809 infra.
768 3748 808 3806 Et
834 3748 912 3807 idem
933 3753 1015 3821 patet
1041 3764 1095 3820 per
1124 3748 1280 3822 chrysost
1302 3748 1341 3809 de

152 3852 242 3915 opere
263 3840 448 3917 imperfecto,
470 3845 576 3904 omelia
600 3846 641 3917 1⁸²,
658 3849 707 3921 qni
729 3849 817 3908 dicit:
851 3848 907 3920 Qui
936 3849 985 3908 dci
1007 3847 1136 3920 fuerunt,
1159 3851 1259 3923 perire
1280 3834 1349 3911 non'

151 3948 317 4017 potuerunt,
339 3943 465 4016 quiade
488 3945 543 4004 deo
564 3963 649 4005 nemo
673 3948 778 4007 cudere
799 3955 907 4021 potest.

249 4094 277 4154 8.
302 4090 476 4153 Gouoocotio
505 4096 806 4172 praedestinatorum,
835 4099 897 4158 siue
923 4099 984 4158 siut
1013 4099 1047 4158 iu
1069 4097 1170 4171 qratia
1197 4098 1261 4158 siue
1279 4114 1338 4158 noe

148 4191 310 4252 mumdum
313 4197 498 4265 praesentem
511 4194 673 4273 justitium,
695 4201 738 4258 est
758 4199 880 4257 ccclesia
899 4203 1005 4259 sancto
1025 4198 1217 4276 autumno,
1238 4199 1267 4258 et
1284 4197 1334 4257 illo

149 4292 234 4351 modo
255 4293 377 4353 ecclesio
397 4296 439 4353 est
460 4295 606 4354 urticeduu
623 4295 701 4368 fidei.
722 4295 857 4378 (Ibidem
880 4315 947 4379 cap.
970 4298 989 4364 7
1010 4297 1059 4374 Β.)

273 4387 326 4455 Sic
347 4396 413 4457 stat
433 4391 467 4455 in
487 4390 580 4458 libro:

249 4490 308 4551 Sed
330 4494 418 4553 tortio
439 4495 526 4555 modo
553 4497 675 4557 sumitur
696 4499 822 4559 ecclesia
850 4516 904 4572 pro
934 4499 1142 4561 convocatione
1173 4503 1333 4575 praedesti·

149 4594 293 4665 natorum,
314 4593 376 4657 sive
399 4596 508 4657 sintin
529 4598 623 4670 gratio
644 4600 802 4674 secundum
823 4610 1006 4673 praesentem
1017 4605 1173 4684 justitium,
1195 4609 1333 4673 sinuum.
