2992 5258
334 416 394 477 lm.
412 416 465 473 Lit
483 393 589 473 mucilli
608 416 642 472 de
663 418 771 473 haeresi
788 419 854 473 Βοὴ.
873 425 900 472 et
917 416 1040 473 socordia
1057 418 1152 473 Wenc.
1278 424 1336 488 651

144 626 266 693 donum
289 626 468 726 deputatos,
492 642 599 691 coram
611 624 777 706 majestate
791 621 834 707 (l)
845 623 896 688 bic
907 622 1125 705 principaliter
1137 622 1339 704 constitutos,

144 726 308 794 brachium
338 728 473 793 Vestrae
505 727 710 794 celsitudinis
738 727 969 792 instantissime
998 726 1125 808 llagitat
1153 733 1186 792 et
1218 734 1339 792 exorat.

145 828 188 895 Et
210 830 285 912 quia
306 828 401 895 officii
423 829 522 894 vestri
544 836 603 907 est,
633 846 704 894 cum
726 828 797 894 sitis
819 827 967 893 defensor
989 834 1022 892 et
1042 828 1216 893 advocatus
1238 829 1338 893 ecclc·

144 931 222 1012 siae,
254 928 417 1013 perfidiam
432 936 583 1013 potenter
599 930 777 1011 destruere,
800 931 902 1012 ipsam
921 935 1063 995 sanctam
1075 930 1242 994 ecclesiam
1256 930 1339 1011 ejus·

145 1050 208 1114 que
229 1030 339 1097 fideles
354 1049 556 1114 propugnare
578 1038 612 1097 et
632 1039 817 1114 protegere,
832 1048 892 1097 nec
915 1031 1019 1097 minus
1035 1031 1094 1097 sub
1116 1029 1178 1096 fide
1193 1030 1290 1096 salsos
1306 1037 1340 1096 et

146 1132 256 1198 devios
278 1132 438 1215 quoslibet
461 1131 634 1198 Christiani
656 1133 793 1197 nominis
816 1133 924 1198 hostes
948 1133 1118 1197 exsecrari:
1138 1149 1340 1214 compescan-

145 1240 198 1299 tur
219 1234 318 1315 igitur
326 1233 446 1316 judicio
468 1240 576 1300 vestro
599 1234 752 1308 seditiosi,
776 1234 980 1299 eliminentur
1001 1234 1138 1300 alimine
1154 1232 1340 1313 illiusregni

145 1335 283 1416 egregii,
318 1343 351 1400 et
384 1335 479 1401 etiam
501 1334 541 1400 ab
573 1335 644 1400 aliis
677 1335 755 1401 locis
783 1334 1021 1416 quibuscunque
1044 1335 1209 1400 constituti
1232 1333 1339 1398 docto·

145 1452 199 1501 res
222 1438 359 1517 erronei,
381 1444 587 1502 amoveantur
609 1456 628 1502 a
648 1434 813 1501 beneficiis
835 1436 915 1501 male
938 1436 1096 1518 possessis
1118 1435 1241 1515 intrusi,
1257 1452 1340 1499 com·

146 1537 327 1621 primantur
349 1540 636 1605 ecclesiasticarum
657 1555 865 1621 personarum
886 1544 1129 1620 persecutores,
1155 1540 1342 1600 evertantur

145 1644 300 1708 bonorum
322 1640 382 1707 deo
411 1640 587 1705 dicatorum
619 1640 792 1718 invasores,
823 1645 858 1704 ut
883 1644 1040 1721 purgetur
1061 1656 1137 1703 arca
1165 1637 1340 1702 dominicae

147 1741 258 1807 domus
282 1748 315 1807 et
335 1742 408 1806 mali
431 1742 511 1807 male
528 1741 710 1823 perdantur.
731 1740 803 1806 Fiat
825 1741 920 1805 etiam
943 1758 1041 1822 opera
1056 1746 1163 1804 vestra
1184 1740 1270 1818 cleri,
1287 1739 1340 1820 qui

144 1860 202 1925 per
231 1841 357 1907 diversa
385 1842 492 1907 mundi
523 1843 648 1907 elimata
670 1840 785 1921 exulat,
808 1840 962 1920 reductio,
991 1840 1102 1906 redeat
1124 1847 1231 1904 vestro
1250 1841 1340 1921 juva-

143 1942 228 2008 mine
250 1947 362 2007 castris
384 1948 417 2008 et
438 1961 600 2008 sacrarum
622 1942 794 2007 lectionum
816 1941 954 2006 officium
979 1958 1093 2004 vacuas
1116 1940 1156 2005 ad
1178 1940 1339 2019 ecclesias

142 2050 174 2110 et
195 2050 324 2109 vestrae
344 2044 536 2127 provisionis
558 2042 783 2124 cooperatione
804 2042 958 2125 mysteria
979 2041 1093 2121 divina,
1122 2059 1256 2123 quorum
1274 2041 1339 2122 jam

143 2143 267 2211 deuna
288 2140 394 2212 manet
417 2146 562 2225 cessatio,
586 2144 741 2210 altaribus
765 2146 985 2210 restituantur.

243 2244 321 2311 Cum
343 2265 428 2327 vero,
452 2256 541 2311 ser¹⁰⁰
572 2247 736 2329 princeps!
759 2246 799 2312 ad
822 2266 860 2311 ea
888 2243 1081 2326 perficienda
1107 2245 1185 2309 nibil
1207 2243 1267 2309 loci
1291 2251 1341 2308 est

142 2347 301 2429 segnitiei,
323 2347 401 2412 nihil
425 2346 599 2426 socordiae,
624 2346 765 2426 cernitis,
789 2347 850 2410 beu
873 2344 953 2427 prob
976 2345 1080 2410 dolori
1115 2344 1340 2425 negligentiam

141 2446 251 2513 fratris
273 2448 389 2528 vestri,
406 2449 459 2530 qui
482 2449 571 2530 quasi
588 2448 713 2512 illorum
736 2464 922 2512 excessuum
944 2446 984 2511 ad
1008 2464 1078 2510 eum
1093 2464 1157 2510 non
1179 2451 1341 2527 spectaret

140 2548 342 2631 interceptio,
359 2549 464 2614 omnia
479 2549 615 2629 simulat,
631 2549 756 2629 singula
777 2549 824 2613 ire
847 2548 913 2612 suis
929 2549 1054 2614 casibus
1070 2547 1201 2630 patitur,
1224 2553 1257 2610 et
1268 2546 1332 2610 uui-

141 2665 236 2714 versa
257 2650 422 2731 praedicta
442 2651 532 2730 mala,
549 2651 663 2731 quibus
686 2649 839 2714 resistere
863 2649 1019 2715 debuerat
1034 2655 1067 2715 et
1082 2648 1217 2714 deberet
1239 2665 1340 2728 usque

141 2749 181 2816 ad
204 2750 390 2831 sanguinem
420 2758 453 2817 et
475 2752 618 2829 animam,
640 2751 673 2816 iu
707 2751 884 2815 visceribus
907 2751 999 2831 regni
1028 2750 1154 2828 tolerat,
1176 2749 1227 2813 vel
1257 2748 1340 2830 quod

140 2848 279 2917 flebilius
301 2851 446 2931 lamatur,
477 2853 530 2918 illa
552 2852 698 2918 confovet
720 2860 753 2917 et
775 2856 945 2916 sustentat.
984 2851 1010 2916 Ο
1033 2848 1244 2915 lamentabilis
1267 2867 1341 2913 con·

141 2950 285 3018 niventia
307 2962 340 3019 et
369 2953 506 3018 desidisl
536 2972 685 3035 suprema
707 2952 851 3035 pericula
879 2949 1145 3033 nihilipendens,
1179 2956 1341 3015 extremae

140 3055 313 3136 potestatis
336 3054 395 3118 sub
417 3053 582 3134 naufragio
606 3055 741 3118 otiosum
764 3059 888 3134 tempus
912 3051 1009 3116 ducit.
1032 3051 1128 3132 Agite
1156 3051 1255 3132 igitur
1276 3069 1340 3116 ma·

141 3154 258 3220 turiusl
275 3155 385 3220 Omnis
408 3154 567 3220 cunctatio
593 3154 780 3237 periculosa,
804 3154 905 3218 omnis
927 3169 1016 3217 mora
1032 3151 1151 3217 nociva.
1167 3152 1262 3232 Agite
1280 3168 1340 3233 pro

140 3255 245 3320 salute
267 3255 402 3335 illorum,
426 3257 478 3336 qui
502 3257 534 3320 in
557 3264 729 3337 conspectu
754 3255 836 3320 sacri
860 3253 995 3331 concilii,
1018 3260 1125 3318 vestro
1148 3260 1181 3317 et
1202 3252 1340 3317 omnium

140 3355 348 3434 cernentium,
371 3356 506 3437 perituri
529 3362 648 3436 errant,
670 3362 703 3421 et
725 3355 786 3420 hoc
808 3354 945 3433 interim,
968 3353 1041 3418 dum
1064 3359 1213 3435 superest
1234 3352 1340 3434 aliqua

140 3472 217 3538 spes
240 3455 362 3520 salutis.
400 3455 489 3535 Nam,
512 3456 596 3539 quod
618 3457 709 3538 absit,
732 3457 759 3520 si
782 3456 1028 3521 invalescentiae
1050 3461 1210 3521 vetustate
1232 3460 1340 3537 aptum

139 3555 351 3622 correctionis
373 3561 499 3638 tempus
521 3557 711 3637 negligatur,
734 3555 937 3621 metuendum
959 3563 1020 3634 est,
1043 3574 1083 3621 ne
1111 3557 1239 3622 eveniat
1260 3555 1340 3619 irre·

143 3654 337 3739 superabilis
364 3656 498 3738 jactura,
530 3677 592 3739 qua
620 3676 683 3722 una
713 3676 783 3722 cum
806 3662 894 3722 recta
923 3655 986 3722 fide
1015 3664 1048 3721 et
1074 3657 1177 3739 ipsum
1209 3674 1340 3738 regnum

138 3754 349 3840 periclitetur,
373 3764 406 3821 et
428 3776 498 3821 cum
521 3756 741 3839 spiritualibus
763 3757 960 3838 temporalia,
993 3776 1062 3822 cum
1084 3757 1249 3823 animabus
1271 3774 1340 3821 eor-

138 3874 228 3940 pora,
251 3873 314 3920 una
336 3856 429 3936 parili
452 3857 544 3922 ruina
565 3857 776 3922 involvantur.
799 3856 869 3922 Hoc
891 3858 1025 3937 agendo,
1053 3859 1207 3923 virtutum
1229 3857 1340 3921 trium-

136 3956 201 4041 pho
224 3954 391 4036 gloriosus,
411 3957 619 4039 justitiaeque
642 3958 744 4022 cultor
765 3958 924 4039 egregius,
948 3976 1018 4023 crim
1040 3957 1147 4022 muudi
1171 3957 1338 4035 salvatore,

137 4056 229 4138 cuius
251 4063 361 4138 typum
384 4057 496 4137 geritis
525 4059 659 4136 nomine,
683 4059 751 4123 sine
772 4055 835 4122 fine
858 4075 993 4139 regnare
1023 4058 1223 4123 mereaminil
1247 4057 1338 4135 Quod

137 4157 256 4221 mereri
280 4156 400 4237 poterit
422 4157 525 4238 pietas
547 4164 655 4222 vestra
677 4158 811 4222 excelsa.
