<?xml version="1.0" encoding="UTF-8"?>
<!DOCTYPE html PUBLIC "-//W3C//DTD XHTML 1.0 Transitional//EN"
    "http://www.w3.org/TR/xhtml1/DTD/xhtml1-transitional.dtd">
<html xmlns="http://www.w3.org/1999/xhtml" xml:lang="en" lang="en">
 <head>
  <title>
</title>
<meta http-equiv="Content-Type" content="text/html;charset=utf-8" />
  <meta name='ocr-system' content='tesseract 3.04.00' />
  <meta name='ocr-capabilities' content='ocr_page ocr_carea ocr_par ocr_line ocrx_word'/>
</head>
<body>
  <div class='ocr_page' id='page_1' title='image "./documentamagjoa00palagoog_0319.png"; bbox 0 0 2992 5258; ppageno 0'>
   <div class='ocr_carea' id='block_1_1' title="bbox 149 388 1137 460">
    <p class='ocr_par' dir='ltr' id='par_1_1' title="bbox 149 388 1137 460">
     <span class='ocr_line' id='line_1_1' title="bbox 149 388 1137 460; baseline 0.002 -11"><span class='ocrx_word' id='word_1_1' title='bbox 149 388 213 460; x_wconf 78' lang='lat'><strong>298</strong></span> <span class='ocrx_word' id='word_1_2' title='bbox 354 392 427 448; x_wconf 80' lang='lat' dir='ltr'><strong>Petri</strong></span> <span class='ocrx_word' id='word_1_3' title='bbox 444 393 479 448; x_wconf 88' lang='lat' dir='ltr'><strong>de</strong></span> <span class='ocrx_word' id='word_1_4' title='bbox 501 393 679 449; x_wconf 81' lang='lat' dir='ltr'><strong>blladenouic</strong></span> <span class='ocrx_word' id='word_1_5' title='bbox 696 394 793 449; x_wconf 88' lang='lat' dir='ltr'><strong>relatio</strong></span> <span class='ocrx_word' id='word_1_6' title='bbox 811 393 845 448; x_wconf 88' lang='lat' dir='ltr'><strong>de</strong></span> <span class='ocrx_word' id='word_1_7' title='bbox 863 395 899 449; x_wconf 87' lang='lat' dir='ltr'><strong>u.</strong></span> <span class='ocrx_word' id='word_1_8' title='bbox 917 395 944 449; x_wconf 83' lang='lat' dir='ltr'><strong>J.</strong></span> <span class='ocrx_word' id='word_1_9' title='bbox 962 395 1022 451; x_wconf 87' lang='lat' dir='ltr'><strong>Hua</strong></span> <span class='ocrx_word' id='word_1_10' title='bbox 1037 411 1137 452; x_wconf 65' lang='lat' dir='ltr'><strong>canem</strong></span> 
     </span>
    </p>
   </div>
   <div class='ocr_carea' id='block_1_2' title="bbox 68 593 1345 1656">
    <p class='ocr_par' dir='ltr' id='par_1_2' title="bbox 68 593 1345 877">
     <span class='ocr_line' id='line_1_2' title="bbox 251 593 1345 678; baseline 0.006 -25"><span class='ocrx_word' id='word_1_11' title='bbox 251 596 300 653; x_wconf 77' lang='lat'><strong>25.</strong></span> <span class='ocrx_word' id='word_1_12' title='bbox 325 594 499 672; x_wconf 79' lang='lat' dir='ltr'><strong>,Censurac</strong></span> <span class='ocrx_word' id='word_1_13' title='bbox 520 593 741 658; x_wconf 77' lang='lat' dir='ltr'><strong>ecclesiasticae</strong></span> <span class='ocrx_word' id='word_1_14' title='bbox 760 603 832 658; x_wconf 83' lang='lat' dir='ltr'><strong>auat</strong></span> <span class='ocrx_word' id='word_1_15' title='bbox 853 596 1114 676; x_wconf 64' lang='lat' dir='ltr'><strong>antichristiani,</strong></span> <span class='ocrx_word' id='word_1_16' title='bbox 1142 616 1220 678; x_wconf 75' lang='lat' dir='ltr'><strong>picae</strong></span> <span class='ocrx_word' id='word_1_17' title='bbox 1246 595 1345 660; x_wconf 73' lang='lat' dir='ltr'><strong>clane</strong></span> 
     </span>
     <span class='ocr_line' id='line_1_3' title="bbox 68 693 1345 782; baseline 0.004 -29"><span class='ocrx_word' id='word_1_18' title='bbox 68 778 69 782; x_wconf 6' lang='grc' dir='ltr'><strong>Ἰ</strong></span> <span class='ocrx_word' id='word_1_19' title='bbox 150 695 334 774; x_wconf 73' lang='lat' dir='ltr'><strong>eecoqitauit</strong></span> <span class='ocrx_word' id='word_1_20' title='bbox 355 695 400 756; x_wconf 85' lang='lat' dir='ltr'><strong>act</strong></span> <span class='ocrx_word' id='word_1_21' title='bbox 421 695 472 755; x_wconf 80' lang='lat' dir='ltr'><strong>siri</strong></span> <span class='ocrx_word' id='word_1_22' title='bbox 492 693 714 756; x_wconf 74' lang='lat' dir='ltr'><strong>recitationem</strong></span> <span class='ocrx_word' id='word_1_23' title='bbox 735 703 764 757; x_wconf 86' lang='lat' dir='ltr'><strong>et</strong></span> <span class='ocrx_word' id='word_1_24' title='bbox 782 694 893 775; x_wconf 85' lang='lat' dir='ltr'><strong>populi</strong></span> <span class='ocrx_word' id='word_1_25' title='bbox 913 697 1202 777; x_wconf 71' lang='lat' dir='ltr'><strong>siebpeditotioueua</strong></span> <span class='ocrx_word' id='word_1_26' title='bbox 1223 698 1255 758; x_wconf 81' lang='lat' dir='ltr'><strong>ei</strong></span> <span class='ocrx_word' id='word_1_27' title='bbox 1267 697 1345 778; x_wconf 68' lang='lat' dir='ltr'><strong>ipsis</strong></span> 
     </span>
     <span class='ocr_line' id='line_1_4' title="bbox 150 791 1345 877; baseline 0.008 -24"><span class='ocrx_word' id='word_1_28' title='bbox 150 791 270 855; x_wconf 82' lang='lat' dir='ltr'><strong>clericis</strong></span> <span class='ocrx_word' id='word_1_29' title='bbox 293 791 368 856; x_wconf 80' lang='lat' dir='ltr'><strong>toiri</strong></span> <span class='ocrx_word' id='word_1_30' title='bbox 383 793 429 856; x_wconf 82' lang='lat' dir='ltr'><strong>ort</strong></span> <span class='ocrx_word' id='word_1_31' title='bbox 442 813 550 854; x_wconf 78' lang='lat' dir='ltr'><strong>eorum</strong></span> <span class='ocrx_word' id='word_1_32' title='bbox 563 813 628 855; x_wconf 84' lang='lat' dir='ltr'><strong>non</strong></span> <span class='ocrx_word' id='word_1_33' title='bbox 649 795 821 857; x_wconf 77' lang='lat' dir='ltr'><strong><em>obedierint</em></strong></span> <span class='ocrx_word' id='word_1_34' title='bbox 834 794 1054 860; x_wconf 82' lang='lat' dir='ltr'><strong>uoluntatem.“</strong></span> <span class='ocrx_word' id='word_1_35' title='bbox 1081 795 1154 874; x_wconf 74' lang='grc' dir='ltr'><strong>(Οειο</strong></span> <span class='ocrx_word' id='word_1_36' title='bbox 1169 796 1281 862; x_wconf 85' lang='lat' dir='ltr'><strong>ultimo</strong></span> <span class='ocrx_word' id='word_1_37' title='bbox 1297 796 1345 877; x_wconf 86' lang='lat' dir='ltr'><strong>G·]</strong></span> 
     </span>
    </p>

    <p class='ocr_par' dir='ltr' id='par_1_3' title="bbox 150 891 1345 1073">
     <span class='ocr_line' id='line_1_5' title="bbox 234 891 1345 978; baseline 0.002 -21"><span class='ocrx_word' id='word_1_38' title='bbox 234 894 300 958; x_wconf 89' lang='lat' dir='ltr'><strong>Ista</strong></span> <span class='ocrx_word' id='word_1_39' title='bbox 332 891 509 975; x_wconf 85' lang='lat' dir='ltr'><strong>propositio</strong></span> <span class='ocrx_word' id='word_1_40' title='bbox 541 909 605 957; x_wconf 90' lang='lat' dir='ltr'><strong>non</strong></span> <span class='ocrx_word' id='word_1_41' title='bbox 634 894 743 958; x_wconf 92' lang='lat' dir='ltr'><strong>estin</strong></span> <span class='ocrx_word' id='word_1_42' title='bbox 771 894 896 974; x_wconf 86' lang='lat' dir='ltr'><strong>libello,</strong></span> <span class='ocrx_word' id='word_1_43' title='bbox 924 896 981 960; x_wconf 89' lang='lat' dir='ltr'><strong>sed</strong></span> <span class='ocrx_word' id='word_1_44' title='bbox 1013 896 1147 961; x_wconf 91' lang='lat' dir='ltr'><strong>materia</strong></span> <span class='ocrx_word' id='word_1_45' title='bbox 1178 897 1250 978; x_wconf 87' lang='lat' dir='ltr'><strong>ejus</strong></span> <span class='ocrx_word' id='word_1_46' title='bbox 1282 895 1345 960; x_wconf 87' lang='lat' dir='ltr'><strong>late</strong></span> 
     </span>
     <span class='ocr_line' id='line_1_6' title="bbox 150 991 426 1073; baseline 0 -17"><span class='ocrx_word' id='word_1_47' title='bbox 150 991 280 1073; x_wconf 90' lang='lat' dir='ltr'><strong>ponitur</strong></span> <span class='ocrx_word' id='word_1_48' title='bbox 300 992 353 1057; x_wconf 86' lang='lat' dir='ltr'><strong>ca⁰</strong></span> <span class='ocrx_word' id='word_1_49' title='bbox 374 998 426 1057; x_wconf 84' lang='grc'><strong>23.</strong></span> 
     </span>
    </p>

    <p class='ocr_par' dir='ltr' id='par_1_4' title="bbox 148 1090 1345 1656">
     <span class='ocr_line' id='line_1_7' title="bbox 248 1090 1345 1177; baseline 0.003 -21"><span class='ocrx_word' id='word_1_50' title='bbox 248 1091 291 1156; x_wconf 86' lang='lat' dir='ltr'><strong>Et</strong></span> <span class='ocrx_word' id='word_1_51' title='bbox 319 1092 352 1156; x_wconf 93' lang='lat' dir='ltr'><strong>in</strong></span> <span class='ocrx_word' id='word_1_52' title='bbox 381 1091 526 1156; x_wconf 82' lang='lat' dir='ltr'><strong>examine</strong></span> <span class='ocrx_word' id='word_1_53' title='bbox 554 1090 737 1157; x_wconf 81' lang='lat' dir='ltr'><strong>audientiae</strong></span> <span class='ocrx_word' id='word_1_54' title='bbox 760 1094 918 1159; x_wconf 76' lang='lat' dir='ltr'>clausulas</span> <span class='ocrx_word' id='word_1_55' title='bbox 947 1095 1047 1175; x_wconf 84' lang='lat' dir='ltr'><strong>magis</strong></span> <span class='ocrx_word' id='word_1_56' title='bbox 1068 1096 1147 1177; x_wconf 89' lang='lat' dir='ltr'><strong>ipsis</strong></span> <span class='ocrx_word' id='word_1_57' title='bbox 1169 1094 1345 1160; x_wconf 85' lang='lat' dir='ltr'><strong>contrarias</strong></span> 
     </span>
     <span class='ocr_line' id='line_1_8' title="bbox 151 1191 1345 1276; baseline -0.002 -19"><span class='ocrx_word' id='word_1_58' title='bbox 151 1200 185 1257; x_wconf 91' lang='lat' dir='ltr'><strong>et</strong></span> <span class='ocrx_word' id='word_1_59' title='bbox 212 1193 386 1258; x_wconf 86' lang='lat' dir='ltr'><strong>irritativas</strong></span> <span class='ocrx_word' id='word_1_60' title='bbox 414 1192 488 1256; x_wconf 91' lang='lat' dir='ltr'><strong>hinc</strong></span> <span class='ocrx_word' id='word_1_61' title='bbox 516 1191 590 1257; x_wconf 88' lang='lat' dir='ltr'><strong>inde</strong></span> <span class='ocrx_word' id='word_1_62' title='bbox 618 1192 830 1272; x_wconf 83' lang='lat' dir='ltr'><strong>collegerant3</strong></span> <span class='ocrx_word' id='word_1_63' title='bbox 862 1213 940 1276; x_wconf 89' lang='lat' dir='ltr'><strong>quas</strong></span> <span class='ocrx_word' id='word_1_64' title='bbox 963 1214 1035 1259; x_wconf 90' lang='lat' dir='ltr'><strong>eum</strong></span> <span class='ocrx_word' id='word_1_65' title='bbox 1055 1195 1220 1276; x_wconf 84' lang='lat' dir='ltr'><strong>legissent,</strong></span> <span class='ocrx_word' id='word_1_66' title='bbox 1241 1192 1345 1256; x_wconf 75' lang='lat' dir='ltr'><strong>cardi·</strong></span> 
     </span>
     <span class='ocr_line' id='line_1_9' title="bbox 148 1291 1345 1376; baseline 0.003 -22"><span class='ocrx_word' id='word_1_67' title='bbox 148 1292 236 1355; x_wconf 80' lang='lat' dir='ltr'><strong>nulia</strong></span> <span class='ocrx_word' id='word_1_68' title='bbox 265 1293 499 1356; x_wconf 63' lang='lat' dir='ltr'><strong>&amp;maecenate</strong></span> <span class='ocrx_word' id='word_1_69' title='bbox 526 1291 624 1355; x_wconf 56' lang='lat' dir='ltr'><strong>dicad:</strong></span> <span class='ocrx_word' id='word_1_70' title='bbox 666 1293 729 1357; x_wconf 92' lang='lat' dir='ltr'><strong>Pro</strong></span> <span class='ocrx_word' id='word_1_71' title='bbox 765 1299 852 1357; x_wconf 85' lang='lat' dir='ltr'><strong>certo</strong></span> <span class='ocrx_word' id='word_1_72' title='bbox 882 1295 943 1358; x_wconf 86' lang='lat' dir='ltr'><strong>istu</strong></span> <span class='ocrx_word' id='word_1_73' title='bbox 971 1296 1070 1360; x_wconf 91' lang='lat' dir='ltr'><strong>multo</strong></span> <span class='ocrx_word' id='word_1_74' title='bbox 1102 1295 1204 1374; x_wconf 85' lang='lat' dir='ltr'><strong>magis</strong></span> <span class='ocrx_word' id='word_1_75' title='bbox 1236 1294 1345 1376; x_wconf 83' lang='lat' dir='ltr'><strong>gravia</strong></span> 
     </span>
     <span class='ocr_line' id='line_1_10' title="bbox 148 1391 1345 1474; baseline -0.002 -18"><span class='ocrx_word' id='word_1_76' title='bbox 148 1397 280 1458; x_wconf 84' lang='lat' dir='ltr'><strong>suntet</strong></span> <span class='ocrx_word' id='word_1_77' title='bbox 301 1392 501 1471; x_wconf 91' lang='lat' dir='ltr'><strong>scandalosa,</strong></span> <span class='ocrx_word' id='word_1_78' title='bbox 535 1410 630 1473; x_wconf 88' lang='lat' dir='ltr'><strong>quam</strong></span> <span class='ocrx_word' id='word_1_79' title='bbox 661 1410 716 1471; x_wconf 88' lang='lat' dir='ltr'><strong>ea,</strong></span> <span class='ocrx_word' id='word_1_80' title='bbox 746 1411 827 1473; x_wconf 86' lang='lat' dir='ltr'><strong>quae</strong></span> <span class='ocrx_word' id='word_1_81' title='bbox 861 1395 1083 1459; x_wconf 88' lang='lat' dir='ltr'><strong>articulantur.</strong></span> <span class='ocrx_word' id='word_1_82' title='bbox 1127 1395 1240 1474; x_wconf 81' lang='lat' dir='ltr'><strong>Ratio,</strong></span> <span class='ocrx_word' id='word_1_83' title='bbox 1273 1391 1345 1473; x_wconf 80' lang='lat' dir='ltr'><strong>quin</strong></span> 
     </span>
     <span class='ocr_line' id='line_1_11' title="bbox 151 1490 1345 1575; baseline 0.002 -23"><span class='ocrx_word' id='word_1_84' title='bbox 151 1493 231 1572; x_wconf 79' lang='lat' dir='ltr'><strong>ipsis</strong></span> <span class='ocrx_word' id='word_1_85' title='bbox 240 1492 606 1575; x_wconf 71' lang='lat' dir='ltr'><strong>mapiaaoavpsammr</strong></span> <span class='ocrx_word' id='word_1_86' title='bbox 622 1494 726 1572; x_wconf 79' lang='lat' dir='ltr'><strong>quoad</strong></span> <span class='ocrx_word' id='word_1_87' title='bbox 743 1511 851 1554; x_wconf 83' lang='lat' dir='ltr'><strong>eornm</strong></span> <span class='ocrx_word' id='word_1_88' title='bbox 863 1500 978 1573; x_wconf 80' lang='lat' dir='ltr'><strong>statua,</strong></span> <span class='ocrx_word' id='word_1_89' title='bbox 994 1494 1220 1575; x_wconf 77' lang='lat' dir='ltr'><strong>propterquod</strong></span> <span class='ocrx_word' id='word_1_90' title='bbox 1235 1490 1345 1574; x_wconf 70' lang='lat' dir='ltr'><strong>dupli·</strong></span> 
     </span>
     <span class='ocr_line' id='line_1_12' title="bbox 151 1594 352 1656; baseline 0.005 -2"><span class='ocrx_word' id='word_1_91' title='bbox 151 1598 279 1654; x_wconf 61' lang='lat' dir='ltr'><strong>cernunt</strong></span> <span class='ocrx_word' id='word_1_92' title='bbox 298 1594 352 1656; x_wconf 80' lang='lat' dir='ltr'><strong>eia.</strong></span> 
     </span>
    </p>
   </div>
   <div class='ocr_carea' id='block_1_3' title="bbox 147 1741 1345 4227">
    <p class='ocr_par' dir='ltr' id='par_1_5' title="bbox 147 1741 1345 2025">
     <span class='ocr_line' id='line_1_13' title="bbox 248 1741 1345 1824; baseline 0.001 -21"><span class='ocrx_word' id='word_1_93' title='bbox 248 1746 298 1806; x_wconf 84' lang='grc'><strong>26.</strong></span> <span class='ocrx_word' id='word_1_94' title='bbox 323 1744 415 1823; x_wconf 81' lang='lat' dir='ltr'><strong>,Non</strong></span> <span class='ocrx_word' id='word_1_95' title='bbox 445 1741 529 1803; x_wconf 80' lang='lat' dir='ltr'><strong>debet</strong></span> <span class='ocrx_word' id='word_1_96' title='bbox 556 1742 637 1821; x_wconf 82' lang='lat' dir='ltr'><strong>poni</strong></span> <span class='ocrx_word' id='word_1_97' title='bbox 664 1741 868 1803; x_wconf 82' lang='lat' dir='ltr'><strong>interdictum</strong></span> <span class='ocrx_word' id='word_1_98' title='bbox 891 1743 925 1804; x_wconf 83' lang='lat' dir='ltr'><strong>ia</strong></span> <span class='ocrx_word' id='word_1_99' title='bbox 945 1742 1071 1824; x_wconf 82' lang='lat' dir='ltr'><strong>populo,</strong></span> <span class='ocrx_word' id='word_1_100' title='bbox 1095 1744 1168 1823; x_wconf 72' lang='lat' dir='ltr'><strong>quia</strong></span> <span class='ocrx_word' id='word_1_101' title='bbox 1192 1743 1345 1819; x_wconf 73' lang='lat' dir='ltr'><strong>Obsistere,</strong></span> 
     </span>
     <span class='ocr_line' id='line_1_14' title="bbox 147 1841 1345 1923; baseline -0.001 -19"><span class='ocrx_word' id='word_1_102' title='bbox 147 1864 290 1905; x_wconf 77' lang='lat' dir='ltr'><strong>summus</strong></span> <span class='ocrx_word' id='word_1_103' title='bbox 314 1842 469 1923; x_wconf 70' lang='lat' dir='ltr'><strong>pontisas,</strong></span> <span class='ocrx_word' id='word_1_104' title='bbox 501 1862 555 1902; x_wconf 79' lang='lat' dir='ltr'><strong>iaec</strong></span> <span class='ocrx_word' id='word_1_105' title='bbox 577 1849 709 1922; x_wconf 83' lang='lat' dir='ltr'><strong>propter</strong></span> <span class='ocrx_word' id='word_1_106' title='bbox 729 1841 889 1904; x_wconf 82' lang='lat' dir='ltr'><strong>Joaancm</strong></span> <span class='ocrx_word' id='word_1_107' title='bbox 916 1845 1098 1923; x_wconf 75' lang='lat' dir='ltr'><strong>baptistam,</strong></span> <span class='ocrx_word' id='word_1_108' title='bbox 1132 1863 1188 1905; x_wconf 86' lang='lat' dir='ltr'><strong>nec</strong></span> <span class='ocrx_word' id='word_1_109' title='bbox 1217 1849 1345 1923; x_wconf 80' lang='lat' dir='ltr'><strong>propter</strong></span> 
     </span>
     <span class='ocr_line' id='line_1_15' title="bbox 149 1940 1161 2025; baseline 0.004 -21"><span class='ocrx_word' id='word_1_110' title='bbox 149 1965 226 2005; x_wconf 77' lang='lat' dir='ltr'><strong>errae</strong></span> <span class='ocrx_word' id='word_1_111' title='bbox 247 1943 388 2025; x_wconf 80' lang='lat' dir='ltr'><strong>injrcrioa</strong></span> <span class='ocrx_word' id='word_1_112' title='bbox 405 1942 514 2023; x_wconf 81' lang='lat' dir='ltr'><strong>posuit</strong></span> <span class='ocrx_word' id='word_1_113' title='bbox 535 1940 755 2003; x_wconf 83' lang='lat' dir='ltr'><strong>interdictum¹‘</strong></span> <span class='ocrx_word' id='word_1_114' title='bbox 780 1944 991 2017; x_wconf 76' lang='lat' dir='ltr'><strong>(ea01rltimo,</strong></span> <span class='ocrx_word' id='word_1_115' title='bbox 1014 1943 1052 2008; x_wconf 88' lang='lat' dir='ltr'><strong>G.</strong></span> <span class='ocrx_word' id='word_1_116' title='bbox 1074 1945 1105 2007; x_wconf 89' lang='lat' dir='ltr'><strong>h.</strong></span> <span class='ocrx_word' id='word_1_117' title='bbox 1125 1943 1161 2025; x_wconf 91' lang='lat' dir='ltr'><strong>j.)</strong></span> 
     </span>
    </p>

    <p class='ocr_par' dir='ltr' id='par_1_6' title="bbox 149 2044 1345 3925">
     <span class='ocr_line' id='line_1_16' title="bbox 249 2044 1345 2122; baseline 0.001 -19"><span class='ocrx_word' id='word_1_118' title='bbox 249 2044 317 2104; x_wconf 84' lang='lat' dir='ltr'><strong>Isto</strong></span> <span class='ocrx_word' id='word_1_119' title='bbox 333 2044 500 2117; x_wconf 74' lang='lat' dir='ltr'><strong>propositio</strong></span> <span class='ocrx_word' id='word_1_120' title='bbox 522 2046 609 2102; x_wconf 72' lang='lat' dir='ltr'><strong>etiaim</strong></span> <span class='ocrx_word' id='word_1_121' title='bbox 629 2061 691 2102; x_wconf 81' lang='lat' dir='ltr'><strong>oron</strong></span> <span class='ocrx_word' id='word_1_122' title='bbox 713 2046 771 2100; x_wconf 82' lang='lat' dir='ltr'><strong>stet</strong></span> <span class='ocrx_word' id='word_1_123' title='bbox 800 2045 833 2102; x_wconf 85' lang='lat' dir='ltr'><strong>ia</strong></span> <span class='ocrx_word' id='word_1_124' title='bbox 854 2046 953 2104; x_wconf 86' lang='lat' dir='ltr'><strong>tibctto</strong></span> <span class='ocrx_word' id='word_1_125' title='bbox 981 2045 1014 2104; x_wconf 83' lang='lat' dir='ltr'><strong>in</strong></span> <span class='ocrx_word' id='word_1_126' title='bbox 1041 2047 1155 2122; x_wconf 75' lang='lat' dir='ltr'><strong>forme,</strong></span> <span class='ocrx_word' id='word_1_127' title='bbox 1183 2045 1239 2105; x_wconf 81' lang='lat' dir='ltr'><strong>sed</strong></span> <span class='ocrx_word' id='word_1_128' title='bbox 1270 2044 1345 2104; x_wconf 89' lang='lat' dir='ltr'><strong>benc</strong></span> 
     </span>
     <span class='ocr_line' id='line_1_17' title="bbox 151 2142 1345 2219; baseline 0 -15"><span class='ocrx_word' id='word_1_129' title='bbox 151 2146 255 2204; x_wconf 85' lang='lat' dir='ltr'><strong>codem</strong></span> <span class='ocrx_word' id='word_1_130' title='bbox 287 2144 430 2219; x_wconf 88' lang='lat' dir='ltr'><strong>capitulo,</strong></span> <span class='ocrx_word' id='word_1_131' title='bbox 467 2144 591 2217; x_wconf 88' lang='lat' dir='ltr'><strong>loquens</strong></span> <span class='ocrx_word' id='word_1_132' title='bbox 614 2144 650 2202; x_wconf 88' lang='lat' dir='ltr'><strong>de</strong></span> <span class='ocrx_word' id='word_1_133' title='bbox 680 2142 760 2203; x_wconf 87' lang='lat' dir='ltr'><strong>sacili</strong></span> <span class='ocrx_word' id='word_1_134' title='bbox 789 2143 990 2205; x_wconf 80' lang='lat' dir='ltr'><strong>fulminatione</strong></span> <span class='ocrx_word' id='word_1_135' title='bbox 1023 2146 1186 2215; x_wconf 77' lang='lat' dir='ltr'><strong>interdicti,</strong></span> <span class='ocrx_word' id='word_1_136' title='bbox 1221 2144 1345 2219; x_wconf 87' lang='lat' dir='ltr'><strong>qualiter</strong></span> 
     </span>
     <span class='ocr_line' id='line_1_18' title="bbox 151 2243 1345 2318; baseline 0.002 -16"><span class='ocrx_word' id='word_1_137' title='bbox 151 2245 308 2317; x_wconf 88' lang='lat' dir='ltr'><strong>aliquando</strong></span> <span class='ocrx_word' id='word_1_138' title='bbox 331 2252 453 2318; x_wconf 86' lang='lat' dir='ltr'><strong>propter</strong></span> <span class='ocrx_word' id='word_1_139' title='bbox 474 2262 560 2302; x_wconf 90' lang='lat' dir='ltr'><strong>unum</strong></span> <span class='ocrx_word' id='word_1_140' title='bbox 573 2243 665 2302; x_wconf 88' lang='lat' dir='ltr'><strong>iurem</strong></span> <span class='ocrx_word' id='word_1_141' title='bbox 688 2245 824 2304; x_wconf 87' lang='lat' dir='ltr'><strong>clericum</strong></span> <span class='ocrx_word' id='word_1_142' title='bbox 847 2247 998 2305; x_wconf 87' lang='lat' dir='ltr'><strong>detentum</strong></span> <span class='ocrx_word' id='word_1_143' title='bbox 1020 2246 1139 2318; x_wconf 87' lang='lat' dir='ltr'><strong>ponitur</strong></span> <span class='ocrx_word' id='word_1_144' title='bbox 1148 2247 1345 2316; x_wconf 81' lang='lat' dir='ltr'><strong>interdictum¹</strong></span> 
     </span>
     <span class='ocr_line' id='line_1_19' title="bbox 151 2344 1345 2418; baseline 0.001 -15"><span class='ocrx_word' id='word_1_145' title='bbox 151 2346 261 2405; x_wconf 89' lang='lat' dir='ltr'><strong>ntideo</strong></span> <span class='ocrx_word' id='word_1_146' title='bbox 273 2363 373 2404; x_wconf 80' lang='lat' dir='ltr'><strong>onrnes</strong></span> <span class='ocrx_word' id='word_1_147' title='bbox 396 2345 480 2418; x_wconf 90' lang='lat' dir='ltr'><strong>probi</strong></span> <span class='ocrx_word' id='word_1_148' title='bbox 492 2346 735 2406; x_wconf 88' lang='lat' dir='ltr'><strong>cessentalaude</strong></span> <span class='ocrx_word' id='word_1_149' title='bbox 758 2346 819 2415; x_wconf 91' lang='lat' dir='ltr'><strong>dei,</strong></span> <span class='ocrx_word' id='word_1_150' title='bbox 842 2346 913 2405; x_wconf 91' lang='lat' dir='ltr'><strong>dicit</strong></span> <span class='ocrx_word' id='word_1_151' title='bbox 933 2348 965 2405; x_wconf 91' lang='lat' dir='ltr'><strong>in</strong></span> <span class='ocrx_word' id='word_1_152' title='bbox 986 2347 1076 2405; x_wconf 87' lang='lat' dir='ltr'><strong>libro:</strong></span> <span class='ocrx_word' id='word_1_153' title='bbox 1099 2344 1235 2407; x_wconf 86' lang='lat' dir='ltr'><strong>Christus</strong></span> <span class='ocrx_word' id='word_1_154' title='bbox 1248 2350 1345 2404; x_wconf 74' lang='lat' dir='ltr'><strong>anim</strong></span> 
     </span>
     <span class='ocr_line' id='line_1_20' title="bbox 151 2444 1345 2521; baseline -0.001 -17"><span class='ocrx_word' id='word_1_155' title='bbox 151 2463 277 2505; x_wconf 89' lang='lat' dir='ltr'><strong>summus</strong></span> <span class='ocrx_word' id='word_1_156' title='bbox 293 2444 424 2519; x_wconf 84' lang='lat' dir='ltr'><strong>pontifex</strong></span> <span class='ocrx_word' id='word_1_157' title='bbox 435 2446 554 2504; x_wconf 90' lang='lat' dir='ltr'><strong>detento</strong></span> <span class='ocrx_word' id='word_1_158' title='bbox 570 2445 723 2518; x_wconf 84' lang='lat' dir='ltr'><strong>propbeta,</strong></span> <span class='ocrx_word' id='word_1_159' title='bbox 747 2461 803 2517; x_wconf 86' lang='lat' dir='ltr'><strong>quo</strong></span> <span class='ocrx_word' id='word_1_160' title='bbox 826 2461 885 2503; x_wconf 74' lang='lat' dir='ltr'><strong>eron</strong></span> <span class='ocrx_word' id='word_1_161' title='bbox 902 2447 1029 2504; x_wconf 86' lang='lat' dir='ltr'><strong>surrexit</strong></span> <span class='ocrx_word' id='word_1_162' title='bbox 1051 2448 1145 2521; x_wconf 81' lang='lat' dir='ltr'><strong>major</strong></span> <span class='ocrx_word' id='word_1_163' title='bbox 1166 2447 1245 2504; x_wconf 87' lang='lat' dir='ltr'><strong>inter</strong></span> <span class='ocrx_word' id='word_1_164' title='bbox 1259 2450 1345 2503; x_wconf 83' lang='lat' dir='ltr'><strong>natos</strong></span> 
     </span>
     <span class='ocr_line' id='line_1_21' title="bbox 150 2542 1345 2617; baseline -0.003 -13"><span class='ocrx_word' id='word_1_165' title='bbox 150 2546 310 2615; x_wconf 87' lang='lat' dir='ltr'><strong>mulierum,</strong></span> <span class='ocrx_word' id='word_1_166' title='bbox 333 2564 392 2603; x_wconf 90' lang='lat' dir='ltr'><strong>non</strong></span> <span class='ocrx_word' id='word_1_167' title='bbox 414 2545 514 2617; x_wconf 92' lang='lat' dir='ltr'><strong>posuit</strong></span> <span class='ocrx_word' id='word_1_168' title='bbox 546 2544 741 2613; x_wconf 88' lang='lat' dir='ltr'><strong>interdictum,</strong></span> <span class='ocrx_word' id='word_1_169' title='bbox 764 2561 818 2604; x_wconf 91' lang='lat' dir='ltr'><strong>noc</strong></span> <span class='ocrx_word' id='word_1_170' title='bbox 840 2545 906 2602; x_wconf 93' lang='lat' dir='ltr'><strong>dum</strong></span> <span class='ocrx_word' id='word_1_171' title='bbox 929 2545 1067 2604; x_wconf 88' lang='lat' dir='ltr'><strong>Herodes</strong></span> <span class='ocrx_word' id='word_1_172' title='bbox 1090 2562 1155 2605; x_wconf 92' lang='lat' dir='ltr'><strong>eum</strong></span> <span class='ocrx_word' id='word_1_173' title='bbox 1177 2542 1345 2615; x_wconf 75' lang='lat' dir='ltr'><strong>decollavit,</strong></span> 
     </span>
     <span class='ocr_line' id='line_1_22' title="bbox 150 2632 1345 2718; baseline -0.001 -14"><span class='ocrx_word' id='word_1_174' title='bbox 150 2646 208 2704; x_wconf 93' lang='lat' dir='ltr'><strong>imo</strong></span> <span class='ocrx_word' id='word_1_175' title='bbox 231 2632 297 2705; x_wconf 85' lang='lat' dir='ltr'><strong>dum</strong></span> <span class='ocrx_word' id='word_1_176' title='bbox 319 2647 444 2718; x_wconf 87' lang='lat' dir='ltr'><strong>ipsemet</strong></span> <span class='ocrx_word' id='word_1_177' title='bbox 473 2644 663 2716; x_wconf 88' lang='lat' dir='ltr'><strong>spoliabatur,</strong></span> <span class='ocrx_word' id='word_1_178' title='bbox 687 2645 918 2715; x_wconf 81' lang='lat' dir='ltr'><strong>percutiebatur,</strong></span> <span class='ocrx_word' id='word_1_179' title='bbox 947 2645 1208 2717; x_wconf 88' lang='lat' dir='ltr'><strong>blasphemabatur</strong></span> <span class='ocrx_word' id='word_1_180' title='bbox 1230 2661 1248 2701; x_wconf 87' lang='lat' dir='ltr'><strong>a</strong></span> <span class='ocrx_word' id='word_1_181' title='bbox 1269 2644 1345 2703; x_wconf 91' lang='lat' dir='ltr'><strong>mili·</strong></span> 
     </span>
     <span class='ocr_line' id='line_1_23' title="bbox 151 2743 1345 2818; baseline -0.002 -13"><span class='ocrx_word' id='word_1_182' title='bbox 151 2746 238 2817; x_wconf 90' lang='lat' dir='ltr'><strong>tibus,</strong></span> <span class='ocrx_word' id='word_1_183' title='bbox 259 2763 277 2804; x_wconf 91' lang='lat' dir='ltr'><strong>a</strong></span> <span class='ocrx_word' id='word_1_184' title='bbox 299 2745 412 2815; x_wconf 89' lang='lat' dir='ltr'><strong>scribis,</strong></span> <span class='ocrx_word' id='word_1_185' title='bbox 435 2743 606 2816; x_wconf 82' lang='lat' dir='ltr'><strong>pharisaeis,</strong></span> <span class='ocrx_word' id='word_1_186' title='bbox 629 2746 855 2817; x_wconf 79' lang='lat' dir='ltr'><strong>ruagistratibus,</strong></span> <span class='ocrx_word' id='word_1_187' title='bbox 877 2746 1071 2818; x_wconf 89' lang='lat' dir='ltr'><strong>pontificibus,</strong></span> <span class='ocrx_word' id='word_1_188' title='bbox 1093 2763 1150 2805; x_wconf 88' lang='lat' dir='ltr'><strong>non</strong></span> <span class='ocrx_word' id='word_1_189' title='bbox 1173 2744 1345 2805; x_wconf 83' lang='lat' dir='ltr'><strong>tuncmalc·</strong></span> 
     </span>
     <span class='ocr_line' id='line_1_24' title="bbox 151 2844 1345 2915; baseline -0.003 -9"><span class='ocrx_word' id='word_1_190' title='bbox 151 2847 307 2906; x_wconf 88' lang='lat' dir='ltr'><strong>dictionem</strong></span> <span class='ocrx_word' id='word_1_191' title='bbox 328 2845 439 2913; x_wconf 90' lang='lat' dir='ltr'><strong>intulit,</strong></span> <span class='ocrx_word' id='word_1_192' title='bbox 473 2845 525 2902; x_wconf 85' lang='lat' dir='ltr'><strong>sed</strong></span> <span class='ocrx_word' id='word_1_193' title='bbox 559 2844 653 2902; x_wconf 82' lang='lat' dir='ltr'><strong>orarit</strong></span> <span class='ocrx_word' id='word_1_194' title='bbox 675 2861 729 2915; x_wconf 91' lang='lat' dir='ltr'><strong>pru</strong></span> <span class='ocrx_word' id='word_1_195' title='bbox 752 2845 810 2912; x_wconf 88' lang='lat' dir='ltr'><strong>eis,</strong></span> <span class='ocrx_word' id='word_1_196' title='bbox 845 2846 946 2905; x_wconf 89' lang='lat' dir='ltr'><strong>dicens</strong></span> <span class='ocrx_word' id='word_1_197' title='bbox 967 2846 1066 2904; x_wconf 84' lang='lat' dir='ltr'><strong>Lucae</strong></span> <span class='ocrx_word' id='word_1_198' title='bbox 1090 2848 1145 2904; x_wconf 85' lang='lat'><strong>23:</strong></span> <span class='ocrx_word' id='word_1_199' title='bbox 1189 2847 1282 2905; x_wconf 89' lang='lat' dir='ltr'><strong>Pater</strong></span> <span class='ocrx_word' id='word_1_200' title='bbox 1303 2845 1345 2904; x_wconf 90' lang='lat' dir='ltr'><strong>di·</strong></span> 
     </span>
     <span class='ocr_line' id='line_1_25' title="bbox 150 2944 1345 3023; baseline -0.002 -18"><span class='ocrx_word' id='word_1_201' title='bbox 150 2947 230 3005; x_wconf 90' lang='lat' dir='ltr'><strong>mitte</strong></span> <span class='ocrx_word' id='word_1_202' title='bbox 242 2947 311 3023; x_wconf 87' lang='lat' dir='ltr'><strong>illis,</strong></span> <span class='ocrx_word' id='word_1_203' title='bbox 335 2947 401 3018; x_wconf 88' lang='lat' dir='ltr'><strong>quia</strong></span> <span class='ocrx_word' id='word_1_204' title='bbox 422 2945 562 3012; x_wconf 88' lang='lat' dir='ltr'><strong>nesciunt,</strong></span> <span class='ocrx_word' id='word_1_205' title='bbox 586 2944 654 3015; x_wconf 74' lang='lat' dir='ltr'><strong>(prid</strong></span> <span class='ocrx_word' id='word_1_206' title='bbox 677 2944 795 3005; x_wconf 87' lang='lat' dir='ltr'><strong>faciunt.</strong></span> <span class='ocrx_word' id='word_1_207' title='bbox 840 2946 880 3004; x_wconf 86' lang='lat' dir='ltr'><strong>Et</strong></span> <span class='ocrx_word' id='word_1_208' title='bbox 910 2947 990 3004; x_wconf 89' lang='lat' dir='ltr'><strong>illam</strong></span> <span class='ocrx_word' id='word_1_209' title='bbox 1026 2947 1189 3005; x_wconf 83' lang='lat' dir='ltr'><strong>doctrinam</strong></span> <span class='ocrx_word' id='word_1_210' title='bbox 1221 2944 1345 3005; x_wconf 78' lang='lat' dir='ltr'><strong>tradidit</strong></span> 
     </span>
     <span class='ocr_line' id='line_1_26' title="bbox 150 3045 1345 3120; baseline -0.003 -13"><span class='ocrx_word' id='word_1_211' title='bbox 150 3048 211 3107; x_wconf 88' lang='lat' dir='ltr'><strong>suis</strong></span> <span class='ocrx_word' id='word_1_212' title='bbox 243 3048 396 3120; x_wconf 77' lang='lat' dir='ltr'><strong>membriS,</strong></span> <span class='ocrx_word' id='word_1_213' title='bbox 428 3047 528 3106; x_wconf 74' lang='lat' dir='ltr'><strong>iliceos</strong></span> <span class='ocrx_word' id='word_1_214' title='bbox 561 3047 604 3111; x_wconf 70' lang='lat' dir='ltr'><strong>br</strong></span> <span class='ocrx_word' id='word_1_215' title='bbox 637 3045 693 3103; x_wconf 80' lang='lat' dir='ltr'><strong>V⁰:</strong></span> <span class='ocrx_word' id='word_1_216' title='bbox 728 3046 849 3119; x_wconf 79' lang='lat' dir='ltr'><strong>Diligite</strong></span> <span class='ocrx_word' id='word_1_217' title='bbox 883 3047 1015 3106; x_wconf 90' lang='lat' dir='ltr'><strong>inimicos</strong></span> <span class='ocrx_word' id='word_1_218' title='bbox 1048 3054 1163 3106; x_wconf 86' lang='lat' dir='ltr'><strong>vestros</strong></span> <span class='ocrx_word' id='word_1_219' title='bbox 1197 3054 1228 3104; x_wconf 88' lang='lat' dir='ltr'><strong>et</strong></span> <span class='ocrx_word' id='word_1_220' title='bbox 1256 3047 1345 3105; x_wconf 89' lang='lat' dir='ltr'><strong>beuc·</strong></span> 
     </span>
     <span class='ocr_line' id='line_1_27' title="bbox 150 3144 1345 3224; baseline -0.005 -16"><span class='ocrx_word' id='word_1_221' title='bbox 150 3150 236 3209; x_wconf 85' lang='lat' dir='ltr'><strong>facite</strong></span> <span class='ocrx_word' id='word_1_222' title='bbox 258 3149 319 3224; x_wconf 90' lang='lat' dir='ltr'><strong>his,</strong></span> <span class='ocrx_word' id='word_1_223' title='bbox 342 3149 390 3221; x_wconf 89' lang='lat' dir='ltr'><strong>qui</strong></span> <span class='ocrx_word' id='word_1_224' title='bbox 413 3148 530 3205; x_wconf 90' lang='lat' dir='ltr'><strong>oderint</strong></span> <span class='ocrx_word' id='word_1_225' title='bbox 551 3162 617 3214; x_wconf 86' lang='lat' dir='ltr'><strong>ros,</strong></span> <span class='ocrx_word' id='word_1_226' title='bbox 648 3153 687 3221; x_wconf 72' lang='lat' dir='ltr'><strong>et⁸</strong></span> <span class='ocrx_word' id='word_1_227' title='bbox 701 3155 783 3204; x_wconf 90' lang='lat' dir='ltr'><strong>orate</strong></span> <span class='ocrx_word' id='word_1_228' title='bbox 807 3163 860 3218; x_wconf 92' lang='lat' dir='ltr'><strong>pro</strong></span> <span class='ocrx_word' id='word_1_229' title='bbox 883 3148 1129 3220; x_wconf 85' lang='lat' dir='ltr'><strong>persequentibus</strong></span> <span class='ocrx_word' id='word_1_230' title='bbox 1151 3154 1182 3204; x_wconf 89' lang='lat' dir='ltr'><strong>et</strong></span> <span class='ocrx_word' id='word_1_231' title='bbox 1203 3144 1345 3205; x_wconf 88' lang='lat' dir='ltr'><strong>calumni-</strong></span> 
     </span>
     <span class='ocr_line' id='line_1_28' title="bbox 151 3247 1345 3320; baseline -0.003 -12"><span class='ocrx_word' id='word_1_232' title='bbox 151 3252 267 3310; x_wconf 89' lang='lat' dir='ltr'><strong>antibus</strong></span> <span class='ocrx_word' id='word_1_233' title='bbox 289 3266 341 3307; x_wconf 87' lang='lat' dir='ltr'><strong>voa</strong></span> <span class='ocrx_word' id='word_1_234' title='bbox 363 3266 400 3308; x_wconf 80' lang='lat' dir='ltr'><strong>oc.</strong></span> <span class='ocrx_word' id='word_1_235' title='bbox 443 3247 528 3306; x_wconf 89' lang='lat' dir='ltr'><strong>Unde</strong></span> <span class='ocrx_word' id='word_1_236' title='bbox 560 3247 648 3304; x_wconf 89' lang='lat' dir='ltr'><strong>istam</strong></span> <span class='ocrx_word' id='word_1_237' title='bbox 680 3248 842 3306; x_wconf 88' lang='lat' dir='ltr'><strong>doctrinam</strong></span> <span class='ocrx_word' id='word_1_238' title='bbox 876 3266 1003 3320; x_wconf 87' lang='lat' dir='ltr'><strong>sequens</strong></span> <span class='ocrx_word' id='word_1_239' title='bbox 1032 3249 1061 3306; x_wconf 90' lang='lat' dir='ltr'><strong>iu</strong></span> <span class='ocrx_word' id='word_1_240' title='bbox 1083 3247 1174 3306; x_wconf 81' lang='lat' dir='ltr'><strong>verbo</strong></span> <span class='ocrx_word' id='word_1_241' title='bbox 1203 3254 1234 3305; x_wconf 92' lang='lat' dir='ltr'><strong>et</strong></span> <span class='ocrx_word' id='word_1_242' title='bbox 1256 3262 1345 3319; x_wconf 84' lang='lat' dir='ltr'><strong>opera</strong></span> 
     </span>
     <span class='ocr_line' id='line_1_29' title="bbox 150 3345 1345 3424; baseline -0.002 -17"><span class='ocrx_word' id='word_1_243' title='bbox 150 3351 261 3424; x_wconf 89' lang='lat' dir='ltr'><strong>primus</strong></span> <span class='ocrx_word' id='word_1_244' title='bbox 284 3348 391 3408; x_wconf 79' lang='lat' dir='ltr'><strong>Christi</strong></span> <span class='ocrx_word' id='word_1_245' title='bbox 414 3348 553 3416; x_wconf 85' lang='lat' dir='ltr'><strong>vicarius,</strong></span> <span class='ocrx_word' id='word_1_246' title='bbox 575 3346 709 3417; x_wconf 83' lang='lat' dir='ltr'><strong>pontifex</strong></span> <span class='ocrx_word' id='word_1_247' title='bbox 731 3349 895 3418; x_wconf 87' lang='lat' dir='ltr'><strong>Romanus,</strong></span> <span class='ocrx_word' id='word_1_248' title='bbox 918 3351 946 3406; x_wconf 70' lang='lat'><strong>1¹²</strong></span> <span class='ocrx_word' id='word_1_249' title='bbox 967 3350 1049 3408; x_wconf 91' lang='lat' dir='ltr'><strong>Petri</strong></span> <span class='ocrx_word' id='word_1_250' title='bbox 1072 3346 1106 3406; x_wconf 79' lang='lat'><strong>2⁰</strong></span> <span class='ocrx_word' id='word_1_251' title='bbox 1133 3348 1222 3407; x_wconf 90' lang='lat' dir='ltr'><strong>docet</strong></span> <span class='ocrx_word' id='word_1_252' title='bbox 1243 3345 1345 3406; x_wconf 86' lang='lat' dir='ltr'><strong>fideles</strong></span> 
     </span>
     <span class='ocr_line' id='line_1_30' title="bbox 151 3446 1345 3520; baseline -0.003 -12"><span class='ocrx_word' id='word_1_253' title='bbox 151 3451 264 3509; x_wconf 88' lang='lat' dir='ltr'><strong>dicens:</strong></span> <span class='ocrx_word' id='word_1_254' title='bbox 286 3449 320 3506; x_wconf 94' lang='lat' dir='ltr'><strong>In</strong></span> <span class='ocrx_word' id='word_1_255' title='bbox 342 3449 397 3507; x_wconf 90' lang='lat' dir='ltr'><strong>hoc</strong></span> <span class='ocrx_word' id='word_1_256' title='bbox 419 3449 514 3506; x_wconf 79' lang='lat' dir='ltr'><strong>vocati</strong></span> <span class='ocrx_word' id='word_1_257' title='bbox 536 3448 617 3517; x_wconf 86' lang='lat' dir='ltr'><strong>estis,</strong></span> <span class='ocrx_word' id='word_1_258' title='bbox 642 3449 708 3520; x_wconf 88' lang='lat' dir='ltr'><strong>quia</strong></span> <span class='ocrx_word' id='word_1_259' title='bbox 721 3449 854 3507; x_wconf 89' lang='lat' dir='ltr'><strong>Christus</strong></span> <span class='ocrx_word' id='word_1_260' title='bbox 876 3464 982 3520; x_wconf 85' lang='lat' dir='ltr'><strong>passus</strong></span> <span class='ocrx_word' id='word_1_261' title='bbox 1005 3455 1051 3507; x_wconf 88' lang='lat' dir='ltr'><strong>cst</strong></span> <span class='ocrx_word' id='word_1_262' title='bbox 1065 3466 1119 3519; x_wconf 89' lang='lat' dir='ltr'><strong>pro</strong></span> <span class='ocrx_word' id='word_1_263' title='bbox 1141 3449 1237 3517; x_wconf 86' lang='lat' dir='ltr'><strong>nobis,</strong></span> <span class='ocrx_word' id='word_1_264' title='bbox 1259 3446 1345 3506; x_wconf 86' lang='lat' dir='ltr'><strong>uobis</strong></span> 
     </span>
     <span class='ocr_line' id='line_1_31' title="bbox 150 3547 1345 3622; baseline -0.003 -13"><span class='ocrx_word' id='word_1_265' title='bbox 150 3550 319 3622; x_wconf 89' lang='lat' dir='ltr'><strong>relinquens</strong></span> <span class='ocrx_word' id='word_1_266' title='bbox 341 3549 516 3621; x_wconf 80' lang='lat' dir='ltr'><strong>exemplum,</strong></span> <span class='ocrx_word' id='word_1_267' title='bbox 537 3555 569 3606; x_wconf 90' lang='lat' dir='ltr'><strong>ut</strong></span> <span class='ocrx_word' id='word_1_268' title='bbox 591 3566 748 3621; x_wconf 78' lang='lat' dir='ltr'><strong>sccpramur</strong></span> <span class='ocrx_word' id='word_1_269' title='bbox 769 3550 895 3622; x_wconf 77' lang='lat' dir='ltr'><strong>uestigia</strong></span> <span class='ocrx_word' id='word_1_270' title='bbox 916 3552 989 3622; x_wconf 85' lang='lat' dir='ltr'><strong>ejus.</strong></span> <span class='ocrx_word' id='word_1_271' title='bbox 1034 3550 1074 3607; x_wconf 85' lang='lat' dir='ltr'><strong>Et</strong></span> <span class='ocrx_word' id='word_1_272' title='bbox 1095 3547 1186 3606; x_wconf 89' lang='lat' dir='ltr'><strong>inira:</strong></span> <span class='ocrx_word' id='word_1_273' title='bbox 1210 3548 1345 3621; x_wconf 82' lang='lat' dir='ltr'><strong>Quicum</strong></span> 
     </span>
     <span class='ocr_line' id='line_1_32' title="bbox 149 3647 1337 3721; baseline -0.002 -12"><span class='ocrx_word' id='word_1_274' title='bbox 149 3649 388 3719; x_wconf 88' lang='lat' dir='ltr'><strong>malediceretur,</strong></span> <span class='ocrx_word' id='word_1_275' title='bbox 419 3665 478 3707; x_wconf 90' lang='lat' dir='ltr'><strong>non</strong></span> <span class='ocrx_word' id='word_1_276' title='bbox 499 3649 707 3718; x_wconf 82' lang='lat' dir='ltr'><strong>maledicebat,</strong></span> <span class='ocrx_word' id='word_1_277' title='bbox 742 3655 995 3721; x_wconf 86' lang='lat' dir='ltr'><strong>compateretur,</strong></span> <span class='ocrx_word' id='word_1_278' title='bbox 1025 3665 1082 3707; x_wconf 91' lang='lat' dir='ltr'><strong>non</strong></span> <span class='ocrx_word' id='word_1_279' title='bbox 1106 3647 1337 3707; x_wconf 85' lang='lat' dir='ltr'><strong>comminabatur</strong></span> 
     </span>
     <span class='ocr_line' id='line_1_33' title="bbox 149 3748 1345 3821; baseline -0.003 -12"><span class='ocrx_word' id='word_1_280' title='bbox 149 3752 190 3810; x_wconf 88' lang='lat' dir='ltr'><strong>Et</strong></span> <span class='ocrx_word' id='word_1_281' title='bbox 210 3750 318 3809; x_wconf 89' lang='lat' dir='ltr'><strong>Paulus</strong></span> <span class='ocrx_word' id='word_1_282' title='bbox 341 3751 442 3809; x_wconf 89' lang='lat' dir='ltr'><strong>eadem</strong></span> <span class='ocrx_word' id='word_1_283' title='bbox 463 3750 511 3808; x_wconf 83' lang='lat' dir='ltr'><strong>via</strong></span> <span class='ocrx_word' id='word_1_284' title='bbox 532 3750 679 3809; x_wconf 88' lang='lat' dir='ltr'><strong>transiens</strong></span> <span class='ocrx_word' id='word_1_285' title='bbox 703 3749 772 3809; x_wconf 88' lang='lat' dir='ltr'><strong>dicit</strong></span> <span class='ocrx_word' id='word_1_286' title='bbox 794 3749 831 3808; x_wconf 89' lang='lat' dir='ltr'><strong>ad</strong></span> <span class='ocrx_word' id='word_1_287' title='bbox 854 3749 937 3807; x_wconf 89' lang='lat' dir='ltr'><strong>Rom.</strong></span> <span class='ocrx_word' id='word_1_288' title='bbox 963 3752 1016 3807; x_wconf 77' lang='lat'><strong>12:</strong></span> <span class='ocrx_word' id='word_1_289' title='bbox 1041 3748 1215 3807; x_wconf 87' lang='lat' dir='ltr'><strong>Benedicito</strong></span> <span class='ocrx_word' id='word_1_290' title='bbox 1238 3762 1345 3821; x_wconf 83' lang='lat' dir='ltr'><strong>persc-</strong></span> 
     </span>
     <span class='ocr_line' id='line_1_34' title="bbox 151 3850 946 3925; baseline -0.005 -15"><span class='ocrx_word' id='word_1_291' title='bbox 151 3850 305 3925; x_wconf 90' lang='lat' dir='ltr'><strong>quentibus</strong></span> <span class='ocrx_word' id='word_1_292' title='bbox 327 3867 388 3920; x_wconf 83' lang='lat' dir='ltr'><strong>vos,</strong></span> <span class='ocrx_word' id='word_1_293' title='bbox 410 3850 575 3910; x_wconf 90' lang='lat' dir='ltr'><strong>benedicite</strong></span> <span class='ocrx_word' id='word_1_294' title='bbox 598 3856 628 3908; x_wconf 91' lang='lat' dir='ltr'><strong>et</strong></span> <span class='ocrx_word' id='word_1_295' title='bbox 648 3850 738 3909; x_wconf 91' lang='lat' dir='ltr'><strong>nolite</strong></span> <span class='ocrx_word' id='word_1_296' title='bbox 761 3850 946 3909; x_wconf 87' lang='lat' dir='ltr'><strong>maledicere.</strong></span> 
     </span>
    </p>

    <p class='ocr_par' dir='ltr' id='par_1_7' title="bbox 150 3951 1345 4227">
     <span class='ocr_line' id='line_1_35' title="bbox 249 3951 1345 4024; baseline -0.003 -14"><span class='ocrx_word' id='word_1_297' title='bbox 249 3952 289 4010; x_wconf 79' lang='lat' dir='ltr'><strong>Et</strong></span> <span class='ocrx_word' id='word_1_298' title='bbox 310 3953 351 4011; x_wconf 90' lang='lat' dir='ltr'><strong>sie</strong></span> <span class='ocrx_word' id='word_1_299' title='bbox 375 3953 411 4010; x_wconf 89' lang='lat' dir='ltr'><strong>de</strong></span> <span class='ocrx_word' id='word_1_300' title='bbox 433 3952 497 4010; x_wconf 84' lang='lat' dir='ltr'><strong>aliis</strong></span> <span class='ocrx_word' id='word_1_301' title='bbox 521 3952 674 4024; x_wconf 87' lang='lat' dir='ltr'><strong>scripturis</strong></span> <span class='ocrx_word' id='word_1_302' title='bbox 696 3951 803 4010; x_wconf 88' lang='lat' dir='ltr'><strong>ibidem</strong></span> <span class='ocrx_word' id='word_1_303' title='bbox 816 3951 874 4009; x_wconf 88' lang='lat' dir='ltr'><strong>late</strong></span> <span class='ocrx_word' id='word_1_304' title='bbox 894 3952 1011 4023; x_wconf 89' lang='lat' dir='ltr'><strong>positis,</strong></span> <span class='ocrx_word' id='word_1_305' title='bbox 1028 3967 1100 4024; x_wconf 86' lang='lat' dir='ltr'><strong>quas</strong></span> <span class='ocrx_word' id='word_1_306' title='bbox 1117 3956 1216 4008; x_wconf 83' lang='lat' dir='ltr'><strong>tamen</strong></span> <span class='ocrx_word' id='word_1_307' title='bbox 1236 3962 1345 4021; x_wconf 76' lang='lat' dir='ltr'><strong>pauca-</strong></span> 
     </span>
     <span class='ocr_line' id='line_1_36' title="bbox 150 4051 1345 4127; baseline -0.003 -16"><span class='ocrx_word' id='word_1_308' title='bbox 150 4053 234 4112; x_wconf 81' lang='lat' dir='ltr'><strong>valde</strong></span> <span class='ocrx_word' id='word_1_309' title='bbox 259 4053 289 4110; x_wconf 92' lang='lat' dir='ltr'><strong>in</strong></span> <span class='ocrx_word' id='word_1_310' title='bbox 313 4053 462 4111; x_wconf 88' lang='lat' dir='ltr'><strong>audientia</strong></span> <span class='ocrx_word' id='word_1_311' title='bbox 483 4051 673 4122; x_wconf 86' lang='lat' dir='ltr'><strong>adduxerunt,</strong></span> <span class='ocrx_word' id='word_1_312' title='bbox 706 4051 798 4109; x_wconf 92' lang='lat' dir='ltr'><strong>solum</strong></span> <span class='ocrx_word' id='word_1_313' title='bbox 821 4059 937 4127; x_wconf 79' lang='lat' dir='ltr'><strong>puncta,</strong></span> <span class='ocrx_word' id='word_1_314' title='bbox 961 4066 1033 4125; x_wconf 87' lang='lat' dir='ltr'><strong>quae</strong></span> <span class='ocrx_word' id='word_1_315' title='bbox 1057 4051 1232 4111; x_wconf 86' lang='lat' dir='ltr'><strong>concitatira</strong></span> <span class='ocrx_word' id='word_1_316' title='bbox 1253 4064 1345 4109; x_wconf 79' lang='lat' dir='ltr'><strong>eran·</strong></span> 
     </span>
     <span class='ocr_line' id='line_1_37' title="bbox 150 4153 535 4227; baseline 0.003 -17"><span class='ocrx_word' id='word_1_317' title='bbox 150 4153 301 4213; x_wconf 87' lang='lat' dir='ltr'><strong>elicientes</strong></span> <span class='ocrx_word' id='word_1_318' title='bbox 323 4153 535 4227; x_wconf 89' lang='lat' dir='ltr'><strong>proponebant.</strong></span> 
     </span>
    </p>
   </div>
   <div class='ocr_carea' id='block_1_4' title="bbox 0 0 1501 5258">
    <p class='ocr_par' dir='ltr' id='par_1_8' title="bbox 0 0 1501 5258">
     <span class='ocr_line' id='line_1_38' title="bbox 0 0 1501 5258; baseline 0 0"><span class='ocrx_word' id='word_1_319' title='bbox 0 0 1501 5258; x_wconf 95' lang='lat' dir='ltr'><strong> </strong></span> 
     </span>
    </p>
   </div>
  </div>
 </body>
</html>
