2992 5258
152 401 214 465 316
367 397 444 465 Petri,
458 397 492 452 (10
510 396 688 452 Mladenouic
705 397 802 452 relatio
822 397 856 451 de
874 396 912 451 M.
929 398 955 451 J.
973 397 1033 453 llus
1050 412 1147 453 eausa:

306 701 543 786 Relationis
573 700 631 783 M.
663 700 781 784 Petri
812 702 865 785 de
895 702 1179 787 Mladenowio

554 980 688 1049 PARS
723 982 936 1056 ouibus:

324 1166 375 1221 DE
392 1167 431 1220 M.
448 1167 474 1219 J.
491 1165 562 1220 HUS
581 1164 896 1220 CONDEMNATIONE
914 1166 962 1219 ET
980 1165 1170 1221 SUPPLICIO.

151 1531 189 1588 49
216 1532 229 1573 )
249 1448 356 1570 000
374 1449 549 1518 ursum.
568 1448 768 1503 101-roo.-
792 1448 877 1503 uss.
901 1448 998 1503 vienn.
1018 1447 1104 1511 4000,
1123 1448 1149 1519 f.
1166 1448 1291 1503 54-57.
1316 1476 1355 1489 -

189 1534 236 1601 oz,
249 1533 275 1602 s.
293 1532 416 1586 51-55.
1177 1552 1180 1557 ·

648 1668 846 1678 —..—-—

152 1835 271 1897 „Finalc
288 1835 321 1888 de
338 1844 435 1887 000010
452 1835 513 1887 viro
530 1843 556 1886 et
572 1833 649 1885 rev‘10
669 1834 711 1887 M.
728 1832 840 1884 Jonunc
857 1833 924 1885 Ηιιε
941 1842 967 1886 ct
989 1850 1042 1885 eun
1064 1835 1170 1901 passio,
1194 1849 1283 1901 quam
1300 1832 1353 1885 du·

595 1917 699 1970 militer
715 1933 817 1985 pascue
834 1923 901 1970 est.“

250 2119 289 2183 11.
308 2116 973 2197 0000000001ΜΟΟΟΟΧ1“,10010001010
988 2122 1062 2198 post
1076 2117 1235 2198 Procopii,
1256 2117 1309 2182 (110
1322 2117 1352 2182 V

151 2221 270 2284 mensis
291 2219 369 2284 Julii
392 2217 579 2297 *10010100
601 2218 639 2281 D.
666 2217 873 2282 Wenceslaus
906 2217 945 2281 (le
973 2217 1066 2281 Duba
1088 2224 1120 2281 01
1143 2218 1288 2282 loannes
1311 2216 1351 2283 dc

151 2319 263 2384 Chluru
284 2318 372 2383 missi
395 2325 470 2382 suut
495 2337 515 2380 a
536 2318 747 2382 Romanorum
775 2325 808 2382 01
829 2316 1014 2396 Hungariee
1045 2335 1122 2396 rege
1144 2317 1351 2396 sigismundo

152 2437 223 2483 cum
250 2418 321 2482 ullis
351 2425 487 2498 quatuor
515 2417 674 2499 episcopis
696 2418 737 2481 cd
759 2436 903 2482 carceres
926 2418 1061 2482 iratrum
1083 2418 1243 2482 Minorum
1266 2418 1349 2483 Con·

151 2517 303 2595 stantiae,
336 2518 377 2582 cd
412 2518 602 2583 audiendum
637 2517 761 2581 finulem
797 2518 1006 2583 intentionem
1033 2518 1075 2582 M.
1107 2517 1243 2583 Jounnis
1265 2517 1347 2596 llus,

150 2618 178 2682 si
207 2618 304 2682 uellet
336 2618 535 2698 supradictos
567 2618 728 2695 articulos
763 2637 801 2682 ex
833 2618 923 2682 libris
956 2619 1022 2682 suis
1059 2623 1095 2684 ut
1128 2619 1347 2698 proemittitur

152 2724 321 2796 extractos,
352 2724 385 2782 01
414 2736 453 2781 er
483 2736 634 2798 processu
665 2736 779 2782 causae
808 2725 841 2781 et
869 2737 927 2798 per
954 2719 1083 2783 testium
1112 2717 1347 2799 depositionem

151 2829 263 2883 contra
285 2836 319 2882 se
341 2819 514 2899 productos
535 2828 655 2897 tenere,
679 2820 727 2883 vol
750 2839 799 2896 eu,
819 2821 910 2900 juxte
932 2820 1057 2883 concilii
1079 2819 1345 2897 exhortationem,

153 2919 282 2984 eosdem
297 2920 457 3000 objurare,
481 2929 516 2984 ut
531 2922 738 3001 prne1uissum
762 2926 819 2996 est,
843 2921 920 2984 velit
936 2928 969 2985 et
984 2938 1144 2984 revocare.
1176 2920 1235 2984 Cui
1257 2928 1349 2984 extro

152 3021 191 3085 de
215 3038 342 3083 carcere
358 3020 513 3100 producto
527 3021 564 3084 ll.
576 3021 717 3085 1000000
740 3019 779 3085 (10
793 3020 904 3085 Cblurn
920 3020 1014 3084 dixit:
1038 3021 1121 3084 Ecce
1133 3019 1175 3083 ll.
1186 3020 1347 3085 loannes!

151 3139 209 3184 nos
236 3139 344 3184 srunus
376 3121 446 3185 laici
476 3129 508 3185 et
537 3123 696 3184 nescimus
726 3121 785 3184 sibi
817 3123 998 3197 consulere3
1022 3127 1055 3184 et
1077 3138 1154 3199 ergo
1176 3119 1298 3190 videns,
1321 3119 1350 3183 si

152 3221 254 3283 sentis
270 3226 302 3284 10
318 3238 389 3284 esse
405 3221 436 3282 iu
450 3219 607 3300 aliquibus
622 3221 758 3298 illorum,
774 3239 854 3300 quae
870 3220 927 3284 tibi
945 3221 1148 3300 objiciuntur,
1165 3219 1350 3298 obnoxium,

150 3337 215 3385 000
243 3321 384 3383 verearis
414 3319 453 3382 de
483 3320 544 3382 illis
571 3320 685 3383 instrui
709 3328 742 3385 01
765 3338 929 3384 reuocare:
952 3321 1079 3383 sivero
1102 3325 1166 3384 000
1188 3319 1294 3382 scutis
1315 3326 1352 3383 tc

150 3436 223 3484 esse
244 3438 333 3484 reum
356 3420 490 3496 illorum,
514 3438 594 3499 quae
617 3420 674 3483 tibi
691 3421 893 3501 objiciuntur,
917 3420 1058 3484 dictante
1072 3421 1130 3484 tibi
1146 3419 1348 3485 conscientie

149 3525 219 3594 tua,
253 3519 433 3582 nullomodo
466 3519 564 3584 lacios
593 3527 705 3584 eorrtrn
737 3521 964 3585 conscientium
999 3526 1100 3593 tuam,
1134 3538 1194 3583 neo
1216 3520 1250 3583 in
1272 3538 1352 3583 con·

150 3624 264 3700 speetu
293 3618 345 3682 dci
372 3620 547 3697 mentieris
576 3620 632 3683 sed
663 3621 769 3701 potius
797 3627 847 3685 sto
877 3639 976 3700 usque
1006 3620 1047 3684 ud
1076 3625 1212 3682 mortem
1242 3620 1277 3683 in
1299 3638 1352 3697 ea,

150 3737 244 3800 quarn
266 3720 450 3800 cognovisti,
473 3721 618 3784 veritate.
650 3720 690 3784 Et
705 3722 775 3802 ipse
786 3721 828 3783 ll.
841 3720 982 3785 Joaunes
994 3720 1063 3783 Hus
1078 3717 1159 3782 fleus
1176 3719 1357 3799 respoudit

151 3819 328 3884 humiliter:
353 3820 581 3898 „ibloannesl
605 3820 730 3897 scitote,
753 3820 886 3900 quodsi
910 3821 1024 3883 scirem
1045 3837 1095 3882 me
1111 3819 1218 3898 eliqua
1233 3823 1357 3885 contra

150 3920 252 4000 legem
274 3928 307 3984 et
328 3927 439 3984 contra
461 3927 602 3985 sanctum
634 3927 766 3984 matrem
800 3920 964 3984 ecclesiam
988 3919 1155 3999 scripsisse
1178 3919 1357 4000 1010100-

151 4020 282 4095 dicasse,
314 4021 397 4101 quod
425 4021 490 4084 sint
517 4038 660 4098 erronea,
689 4021 801 4084 vellem
833 4039 870 4083 ee
896 4020 1243 4095 110001110000000000,
1267 4019 1357 4085 deus

149 4120 225 4183 mihi
247 4121 340 4184 testis
362 4128 427 4185 est:
450 4120 507 4184 sed
529 4139 655 4201 sempor
677 4119 834 4195 desidero,
857 4119 940 4199 quod
956 4119 1126 4184 ostendant
1148 4119 1225 4182 mibi
1241 4121 1352 4201 serip-

151 4226 240 4283 turns
269 4219 418 4284 meliores
447 4227 479 4285 01
508 4220 758 4300 probabiliores,
781 4238 873 4299 quiam
900 4221 965 4281 siut
993 4237 1040 4297 00,
1067 4237 1147 4298 quae
1171 4220 1290 4300 scripsi
1311 4222 1351 4283 et

151 4317 261 4395 docui;
290 4327 322 4383 et
352 4320 379 4383 si
407 4327 556 4383 ostensae
582 4320 659 4382 milri
687 4319 815 4395 luerint,
843 4318 913 4381 volo
936 4317 1138 4399 paratissime
1160 4314 1348 4383 reuocare.“
1388 4390 1390 4394 ,

149 4417 199 4482 Ad
221 4437 301 4498 quae
323 4418 408 4484 dicta
429 4438 510 4483 nurus
532 4419 686 4484 assistens
710 4419 930 4500 cpiscoporum
953 4417 995 4480 M.
1016 4416 1132 4482 100001
1154 4417 1343 4499 respondit:

151 4554 220 4562 -—.
255 4556 296 4562 -.

218 4617 243 4683 *)
261 4617 324 4672 MS.
344 4618 469 4672 Mluden.
488 4636 623 4683 perpetum:
642 4623 696 4679 „die
714 4623 748 4669 b'l
766 4622 852 4669 (000010
870 4621 954 4669 .10111.“
