2992 5258
450 405 527 464 anuis
546 406 869 468 1412-14140xeai1i0.
908 409 989 467 leue.
1265 413 1307 479 43

118 608 274 684 diligenter
293 615 401 683 cavete,
422 628 459 672 ue
482 612 566 674 simul
587 630 650 674 cum
671 615 737 675 aliis
751 612 929 675 notariorum
951 630 1053 675 errore
1076 615 1201 688 abducti,
1225 616 1304 676 exci-

117 710 193 772 datis
214 728 234 774 a
254 713 376 786 propria
397 714 571 787 stabilitate,
603 732 703 777 verum
723 718 755 777 in
786 716 881 792 gratie
909 716 957 777 dei
984 722 1015 776 ct
1046 718 1211 792 cognitione
1233 719 1305 779 Jesu

118 812 227 873 christi
249 815 381 887 crescite,
415 820 445 876 et
465 831 519 889 pro
542 834 587 877 me
610 817 695 878 deum
717 823 814 890 orate,
843 824 875 877 ut
896 817 965 878 mibi
987 833 1147 892 prosperos
1168 819 1199 878 in
1220 834 1307 892 prae·

117 913 264 975 dirutione
286 916 368 975 verbi
390 915 436 976 sui
460 934 615 979 successus
648 920 810 982 eonocdere
838 919 973 994 dignetur
1006 921 1036 979 in
1065 919 1198 979 omuibus
1223 919 1305 991 loeis,

117 1013 166 1073 ubi
188 1016 351 1077 necessitas
374 1017 479 1092 exiget,
500 1019 531 1078 iu
553 1019 726 1092 civitatibus,
749 1021 780 1079 in
803 1021 932 1100 oppidis,
960 1021 1106 1095 inpagis,
1129 1021 1158 1079 in
1181 1020 1304 1090 arcibus,

117 1116 146 1174 in
167 1116 256 1191 egris,
276 1117 306 1177 iu
330 1117 420 1190 silvis,
448 1118 610 1194 ubicunque
632 1136 751 1193 possum
772 1121 923 1194 prodesse,
944 1139 982 1182 ne
1004 1121 1033 1182 in
1055 1138 1101 1181 me
1116 1120 1236 1182 verbum
1258 1120 1306 1181 dei

119 1218 323 1290 supprimetur.

215 1318 333 1380 Salvute
353 1337 406 1381 vos
427 1320 560 1392 invicem,
583 1326 614 1382 et
634 1321 825 1383 consolamini
845 1329 943 1383 mutuo
975 1325 1005 1381 in
1026 1322 1123 1396 gratie
1144 1321 1192 1381 dei
1213 1322 1306 1394 patris
1353 1332 1359 1343 ·

118 1426 147 1480 ct
168 1421 213 1480 sui
235 1419 419 1480 dilectissimi
441 1418 493 1480 filii
515 1426 546 1482 et
566 1423 687 1494 spiritus
710 1424 812 1484 suncti.
855 1423 910 1496 Qui
932 1440 984 1483 vos
1016 1423 1185 1496 upoccatis
1208 1427 1307 1495 potest

117 1520 263 1583 custodire
292 1528 323 1582 et
349 1522 380 1582 in
402 1526 523 1582 aeterno
544 1522 652 1598 gaudio
679 1523 841 1586 collocare:
873 1523 920 1584 eui
942 1523 1005 1584 laus
1027 1530 1057 1583 et
1078 1524 1173 1597 glorie
1204 1523 1234 1585 iu
1256 1540 1305 1584 se·

117 1623 188 1683 cula.
211 1625 313 1684 Amen.

214 1735 290 1791 Bais
308 1738 340 1791 in
358 1737 432 1807 Opp.
449 1735 524 1801 flas,
542 1738 567 1806 l,
584 1733 713 1791 99-100
731 1746 756 1791 et
774 1736 828 1792 124
844 1753 884 1806 eq.

613 1912 809 1921 m

681 2086 737 2162 19.

550 2278 860 2363 Eisdem.

339 2494 470 2548 Obsecras
488 2511 541 2557 eos,
558 2511 593 2547 uc
610 2495 646 2548 ab
663 2494 764 2564 agnita
781 2495 896 2548 ueritate
913 2493 1074 2548 desciscant.

660 2661 757 2729 (1412.)

312 2828 452 2897 „Epistola
476 2829 563 2897 primu
579 2829 617 2884 M.
635 2829 748 2884 Joanuis
765 2829 824 2885 Hus
841 2836 952 2899 propter
973 2831 1082 2885 vcrbum
1105 2831 1149 2886 dei
1171 2834 1306 2900 persecuti

377 2913 542 2968 amatoribus
560 2913 634 2968 verbi
652 2913 734 2968 divini
752 2914 867 2983 Prsgum
884 2914 1021 2983 relegatu“
1041 2928 1076 2970 oc.

210 3031 374 3100 Fidelibus
396 3038 492 3116 atque
514 3031 692 3101 zelantibus
713 3032 993 3102 dominumlesum
1006 3034 1165 3101 Christum
1189 3042 1222 3103 et
1237 3055 1306 3102 ver·

112 3136 183 3200 bum
206 3133 286 3217 ejus
322 3135 375 3217 qui
408 3134 554 3202 habitant
589 3135 621 3200 in
643 3136 795 3216 Pragonsi
818 3135 956 3210 civitate,
988 3136 1031 3201 M.
1063 3136 1204 3203 loannes
1236 3137 1305 3203 Hus

112 3235 280 3318 presbyter
302 3235 432 3316 inutilis
453 3234 645 3304 desiderium
666 3237 925 3320 perseverantiae
946 3237 979 3301 in
1001 3230 1058 3303 dei
1076 3237 1218 3303 caritate.

210 3335 389 3403 carissimi!
434 3337 575 3405 Obsecro
597 3356 662 3418 vos,
693 3338 835 3420 repletus
856 3337 979 3418 ingenti
1000 3337 1169 3419 desiderio,
1203 3358 1243 3404 ne
1265 3339 1306 3406 ab

111 3437 218 3519 agnita
232 3437 369 3503 veritate
382 3437 601 3518 retrocedatis,
624 3457 717 3521 quam
735 3438 917 3504 misericors
932 3439 1071 3505 salvator
1087 3439 1176 3506 vobis
1191 3459 1305 3522 agnos·

113 3555 183 3604 cere
206 3544 257 3604 est
278 3537 422 3620 largitus.
466 3536 596 3606 Confido
619 3539 746 3620 etenim,
770 3539 853 3621 quod
875 3539 909 3604 in·
938 3538 1026 3606 vobis
1068 3539 1188 3615 electis,
1225 3561 1306 3623 quae

111 3638 216 3722 coepit
237 3638 393 3721 dominus,
415 3638 561 3723 perficiet
575 3645 609 3705 ct
623 3640 655 3704 in
672 3639 849 3706 tentatione
864 3642 1135 3723 perseverantiam
1152 3642 1304 3725 erogabit.

112 3740 198 3807 Sicut
219 3739 314 3806 etiam
337 3739 376 3806 de
397 3758 458 3832 me
484 3740 554 3824 ipso
586 3738 708 3807 confido
741 3740 1004 3808 clementissimae
1036 3742 1171 3809 bonitati
1204 3743 1306 3809 nostri

113 3841 288 3922 salvatoris
324 3860 510 3923 quamquam
539 3860 623 3908 nunc
644 3860 774 3925 possum
796 3861 866 3909 curn
887 3844 1032 3926 apostolo
1069 3843 1184 3924 dicere,
1222 3843 1306 3925 quod

112 3942 219 4007 vivere
234 3942 312 4008 mihi
324 3941 469 4009 Christus
491 3948 541 4009 est
562 3949 596 4010 et
616 3943 696 4010 rnori
718 3943 850 4025 lucrum,
873 3944 957 4026 quod
980 3947 1007 4011 si
1026 3947 1134 4012 vivere
1155 3945 1304 4020 incarne,

112 4041 161 4108 hic
193 4043 269 4108 mihi
291 4041 414 4110 fructus
436 4046 543 4127 operis
566 4050 633 4126 est,
667 4049 699 4111 et
721 4044 796 4127 quid
829 4044 951 4128 eligam,
987 4047 1109 4127 ignoro.
1152 4043 1305 4111 coarctor

113 4143 194 4208 cuim
216 4161 234 4209 e
257 4142 389 4227 duobus,
411 4145 604 4212 desiderium
629 4144 751 4212 habens
771 4144 901 4212 dissolvi
927 4151 960 4213 et
982 4165 1053 4212 esse
1075 4165 1145 4213 cum
1167 4144 1304 4226 Christo,

113 4250 144 4310 et
164 4245 264 4311 multo
286 4247 385 4330 magis
407 4247 532 4327 melius;
568 4265 757 4332 permanere
789 4252 896 4314 entem
918 4248 951 4312 in
973 4265 1069 4314 carne
1091 4247 1305 4314 necessarium

113 4354 160 4415 est
173 4356 310 4432 propter
331 4365 402 4427 vos;
429 4348 476 4415 sic
496 4349 605 4431 inquit·
620 4349 784 4432 apostolus
806 4347 847 4415 ud
858 4348 1090 4431 Philippenses,
1113 4349 1305 4416 carceriRo·

112 4467 200 4517 mauu
220 4448 430 4531 mancipatus.
453 4447 604 4517 Similiter
622 4450 720 4532 vobis,
743 4448 949 4530 dilectissimi,
972 4448 1052 4530 dico,
1075 4451 1217 4533 quamuis
1232 4469 1300 4517 car·

112 4551 174 4618 ceri
196 4569 261 4618 non
282 4552 443 4634 astrictus,
466 4551 550 4635 quod
571 4553 723 4633 eligerem
745 4553 828 4618 mori·
846 4569 905 4634 pro
928 4548 1054 4617 Christo
1084 4557 1118 4617 et
1139 4571 1211 4618 esse
1234 4569 1304 4617 cum

110 4651 171 4736 illo,
204 4651 358 4735 vobisque
379 4652 526 4720 laborare
558 4652 650 4737 cupio
683 4671 742 4736 pro
764 4651 867 4720 salute
890 4654 1005 4733 vestro,
1039 4658 1072 4720 et
1093 4652 1169 4735 quid
1190 4653 1304 4734 eligam
