2992 5258
382 402 1007 484 rv.mensumnauurffluaueerunn.
1230 433 1292 498 315

96 629 197 694 beatis
213 629 275 694 sibi
287 629 413 703 omnino
436 629 715 712 praedicationem,
739 648 778 693 nc
800 629 935 711 amplius
951 630 1122 712 praedicet,
1139 639 1172 699 et
1187 634 1292 714 etiam,

97 731 180 812 quod
208 748 274 794 non
300 729 409 794 veniat
429 730 563 810 amplius
586 730 626 794 ad
647 729 790 794 fautores
811 747 895 808 suos,
920 731 1049 812 utplus
1071 749 1199 797 errores
1221 733 1291 799 illos

96 849 157 895 non
181 831 326 895 seminet.
348 829 391 894 Et
412 831 492 894 istos
513 829 665 895 articulos
692 830 745 893 hic
765 830 990 896 condemnatos
1013 832 1157 912 dirigatis
1172 832 1212 897 ad
1226 841 1292 898 ter·

96 950 162 996 rann
184 931 356 996 Bohemiae
377 930 469 996 fratri
491 948 569 1010 meo,
593 937 626 995 et
646 930 820 1012 prohdolor
841 931 881 996 ud
902 931 1074 1011 Poloniam,
1097 933 1192 998 etad
1213 934 1292 998 elias

96 1041 211 1111 terras,
235 1031 289 1096 ubi
298 1031 363 1112 jam
385 1031 481 1095 habet
503 1047 577 1095 suos
593 1031 733 1096 occultos
749 1031 921 1113 discipulos
943 1038 979 1097 et
999 1031 1140 1097 fautores
1155 1033 1291 1107 mult0s;

96 1141 128 1198 et
149 1133 337 1215 quicumque
366 1131 488 1196 inventi
508 1129 644 1211 luerint,
672 1132 726 1213 qui
747 1131 818 1196 illos
849 1132 1128 1213 tenerent,·quod
1150 1134 1292 1215 episcopi

97 1239 129 1299 et
150 1233 287 1315 praelati
308 1231 341 1295 in
363 1231 426 1296 illis
442 1229 538 1296 terris
560 1229 642 1296 tales
658 1232 804 1312 punient,
825 1236 861 1295 ut
882 1230 976 1295 simul
997 1232 1077 1296 rami
1099 1250 1169 1298 cum
1184 1233 1290 1298 radice

97 1334 288 1411 evellantur3
317 1337 350 1396 et
371 1330 456 1411 quod
478 1330 645 1394 concilium
668 1330 789 1395 scribat
809 1331 939 1411 regibus
962 1338 995 1396 et
1016 1332 1229 1414 principibus,
1251 1339 1290 1398 ut

97 1452 132 1498 eo
153 1433 263 1512 magis
278 1432 344 1496 suis
359 1432 512 1512 praelatis
527 1431 593 1496 sint
613 1431 812 1510 favorabiles,
834 1433 887 1513 qui
914 1433 948 1497 in
969 1433 1029 1498 hoc
1051 1419 1291 1500 sacro'concilio

95 1537 266 1615 diligenter
294 1532 496 1612 laborarunt,
525 1539 561 1597 ut
590 1532 663 1597 illac
692 1533 843 1596 haereses
873 1534 1100 1614 exstirpentur.
1132 1534 1175 1600 Et
1195 1535 1292 1601 etium

95 1637 192 1715 scitis,
215 1633 289 1715 quia
310 1633 463 1714 scriptum
486 1637 549 1711 est,
572 1632 656 1714 quod
677 1633 710 1696 in
733 1633 856 1698 duobus
878 1633 931 1697 voi
949 1634 1053 1716 tribus
1076 1634 1212 1700 testibus
1227 1639 1292 1700 stet

96 1756 185 1802 omne
209 1733 357 1812 verbum;
379 1734 430 1798 hie
459 1739 566 1798 autem
596 1751 670 1815 pars
693 1733 867 1798 centesima
888 1732 1068 1798 suffecisset
1088 1734 1130 1799 ad
1143 1735 1291 1799 condem-

96 1838 256 1902 nationem
278 1852 375 1898 snam.
405 1833 448 1898 Et
460 1833 532 1898 ideo
548 1834 642 1898 etiam
657 1832 781 1898 iacietis
797 1833 890 1897 finem
906 1852 975 1898 curn
990 1834 1061 1899 aliis
1076 1835 1146 1915 ejus
1156 1835 1290 1899 occultis

96 1936 259 2019 discipulis
288 1941 321 1999 et
348 1934 541 2012 fautoribus
568 1936 642 2015 quia
669 1952 728 2014 ego
758 1936 791 1999 in
818 1935 908 2000 brevi
930 1953 1000 1999 sum
1029 1952 1231 2010 recessurus
1257 1940 1291 1999 et

99 2038 279 2120 specialiter
301 2053 371 2099 cum
392 2034 469 2111 isto,
492 2033 569 2113 isto,
590 2035 780 2099 resumendo
802 2034 887 2099 illam
909 2035 1080 2099 dictionem
1105 2034 1218 2112 ,isto,“
1236 2032 1290 2114 qui

98 2137 146 2203 hic
157 2138 330 2204 detinetur.
343 2134 386 2198 Et
396 2134 441 2199 illi
453 2134 618 2200 dixerunt:
637 2134 839 2216 Hieronymo.
850 2135 893 2199 Et
906 2135 993 2216 ipse:
1014 2135 1072 2213 Ita,
1084 2134 1289 2214 Hieronymo.

100 2239 174 2304 Cum
196 2238 252 2303 illo
273 2236 423 2301 iaciemus
452 2233 546 2299 finem
578 2235 660 2300 infra
681 2255 776 2300 unum
799 2235 895 2309 diem;
917 2235 1107 2317 jamnerius
1129 2235 1199 2314 erit,
1216 2234 1291 2315 quia

100 2341 158 2405 iste
170 2345 221 2404 cst
232 2338 394 2419 magister,
406 2336 647 2401 denominantes
662 2338 845 2416 magistrum
863 2337 941 2415 Hus,
954 2342 987 2401 et
1009 2337 1061 2402 ille
1075 2336 1289 2416 Hieronymus

101 2439 272 2521 discipulus
288 2439 365 2518 ejus.
389 2437 431 2502 Et
446 2455 502 2500 rex
514 2437 644 2501 iterum:
669 2439 731 2500 Pro
748 2442 845 2515 certo,
862 2455 921 2518 ego
937 2437 1039 2503 adhuc
1055 2455 1142 2501 eram
1152 2434 1288 2516 juvenis,

102 2540 221 2620 ovando
237 2539 299 2602 ista
320 2545 409 2602 secta
423 2543 494 2602 orte
506 2544 600 2602 estet
621 2538 741 2620 incepit
754 2538 787 2601 in
808 2538 969 2617 Bohemia,
992 2546 1025 2602 et
1041 2556 1114 2602 eece
1136 2537 1176 2601 ad
1191 2553 1290 2616 quan·

102 2645 161 2704 tum
192 2639 294 2703 crevit
316 2645 349 2702 et
369 2637 578 2719 multiplicata
599 2639 665 2702 estl
693 2638 753 2702 His
775 2639 892 2702 habitis
914 2639 1030 2718 singuli
1051 2636 1228 2702 abinvicem
1249 2633 1290 2699 de

101 2736 179 2804 dicto
202 2737 372 2804 refectorio
400 2737 576 2818 gaudentes
605 2738 829 2803 discesserunt.

194 2839 238 2903 Et
264 2839 349 2903 circe
380 2837 554 2918 quamlibet
582 2836 776 2902 audientiam
806 2839 898 2903 multi
927 2825 1044 2904 armati
1067 2855 1137 2901 cum
1165 2834 1289 2915 gladiis,

99 2934 220 3005 balistis
247 2945 283 3004 et
310 2938 475 3003 securibus
497 2939 614 3019 longis,
648 2956 718 3002 cum
748 2938 938 3004 educeretur
959 2939 1009 3003 vel
1031 2937 1290 3002 introduceretur

94 3035 140 3103 M.
159 3040 300 3105 ioannes
322 3037 401 3117 Hus,
424 3040 542 3103 dictum
564 3037 767 3103 relectorium
790 3038 1047 3103 circumstabant.

196 3139 285 3204 Haec
308 3139 407 3218 igitur
422 3139 685 3218 consignavimus,
708 3157 789 3219 quae
811 3139 855 3203 ibi
877 3137 947 3203 fieri
968 3137 1102 3202 vidimus
1125 3143 1158 3201 ct
1179 3135 1290 3199 ctiam·

87 3246 163 3302 met
182 3239 367 3304 audivimus.
397 3239 439 3302 Et
461 3240 487 3302 si
515 3240 620 3319 aliqua
641 3239 744 3302 minus
766 3239 910 3303 ordinate
934 3239 1112 3320 posuimus,
1145 3237 1289 3301 volumus

85 3339 140 3401 ab
161 3339 220 3404 illis
235 3339 336 3416 docti,
359 3339 412 3418 qui
429 3339 524 3403 ctiam
546 3347 733 3420 praesentes
748 3338 877 3403 luerunt
891 3345 924 3403 et
946 3358 984 3403 ea
1003 3339 1116 3402 melius
1138 3336 1288 3416 cogitant,

83 3436 283 3512 reformar03
316 3455 379 3502 non
409 3446 513 3502 alutem
543 3438 616 3502 ideo
649 3439 854 3518 signavimus,
889 3444 926 3503 ut
954 3439 1091 3519 aliquam
1120 3455 1289 3519 personam

83 3538 361 3604 confunderemus
393 3540 444 3602 vel
466 3539 679 3617 invideremus,
707 3539 763 3603 sed
793 3557 919 3620 semper
940 3539 999 3602 deo
1022 3545 1105 3604 teste
1127 3537 1167 3602 ud
1182 3535 1288 3618 perhi-

81 3634 232 3702 bendum
255 3639 469 3705 testimoninm
493 3639 633 3718 veritati,
657 3646 691 3704 et
712 3647 747 3704 ut
768 3658 825 3704 ora
845 3641 1015 3704 multorum
1039 3657 1077 3702 ex
1099 3639 1166 3702 solo
1184 3636 1288 3701 relatu

78 3735 183 3804 varia
208 3746 242 3803 et
272 3739 395 3803 incerta
416 3739 610 3819 loquentium
633 3740 665 3804 in
694 3747 858 3821 posterum
886 3741 926 3804 dc
948 3740 1042 3805 dictis
1063 3737 1233 3805 audientiis
1255 3742 1289 3802 ct

77 3829 174 3900 inibi
196 3841 295 3920 gostis
318 3839 452 3905 eiectis
475 3838 633 3904 efficacius
656 3838 855 3905 obturentur.

592 4124 790 4136 “r—„—
