2992 5258
271 429 306 485 11.
324 390 526 484 11111111
544 427 718 484 Constantiae
736 430 763 482 in
782 444 917 483 carcerem
936 429 1066 497 conjecto.
1204 432 1266 497 257

77 634 175 691 venire
197 633 269 693 velit
289 634 326 692 ad
349 650 462 692 sacrum
483 633 623 707 generale
639 633 808 702 Concilium,
831 639 861 692 et
881 633 990 692 ibidem
1013 633 1134 694 cuilibet
1152 640 1267 708 partem

78 749 108 790 se
130 734 252 805 ponenti
274 734 311 793 de
333 731 390 792 fide
413 750 466 791 sua
487 732 632 807 publicam
653 732 779 792 reddere
802 734 960 805 rationem3
983 734 1060 804 quod
1084 741 1114 793 ct
1134 733 1269 794 iecerunt

78 830 187 891 domini
220 833 364 906 praedicti
413 849 535 891 unacum
575 834 795 903 praenominato
839 833 880 891 M.
913 833 1027 892 Joanne
1069 833 1141 894 Hus.
1198 834 1270 894 Cum

77 938 171 990 111011
197 932 292 991 dietus
307 933 348 991 M.
364 932 425 991 Hus
442 932 641 991 Constantiam
658 934 712 990 sub
735 932 812 990 dicto
835 933 916 990 salvo
935 932 1077 991 conductu
1092 932 1185 991 libere
1201 948 1269 1005 per·

78 1032 216 1105 venisset,
245 1038 347 1104 captus
370 1039 416 1091 est
437 1037 467 1090 et
487 1033 622 1104 graviter,
659 1031 741 1089 nulla
762 1031 911 1090 audientia
931 1033 1059 1105 praevia,
1087 1036 1270 1104 carceratns3

78 1138 105 1189 01
136 1131 285 1206 bucusque
315 1140 374 1190 tam
407 1132 610 1203 compedibus,
644 1146 786 1203 quamque
819 1130 895 1191 farne
932 1138 962 1192 et
996 1131 1044 1190 siti
1079 1131 1270 1204 angustiatur.

80 1230 215 1302 Quamvis
242 1231 310 1290 elim
341 1247 394 1302 per
418 1231 558 1290 Pisanum
586 1231 740 1290 concilium
772 1232 901 1291 damnati
930 1231 1071 1290 haeretici
1100 1230 1147 1290 bie
1175 1230 1270 1289 libere

81 1331 215 1389 steterint
242 1337 274 1390 et
301 1331 416 1389 demum
442 1331 535 1390 libere
572 1338 774 1392 recesserunt:
806 1333 871 1406 ipse
900 1339 997 1392 tamen
1026 1333 1067 1394 M.
1095 1333 1180 1391 Joan.
1205 1330 1269 1390 Has

82 1430 247 1502 praedictus
268 1447 322 1488 nee
344 1432 501 1503 convietus,
523 1447 577 1489 nec
592 1432 806 1502 condemnatus,
829 1433 882 1490 sed
897 1449 952 1492 nec
965 1440 1034 1492 tunc
1048 1432 1172 1501 auditus,
1194 1433 1271 1490 sieut

82 1531 281 1602 praemittitur,
303 1537 405 1602 eaptus
420 1537 474 1600 est,
495 1531 545 1589 nbi
560 1537 657 1590 tamen
672 1533 778 1590 nedum
792 1533 955 1606 aliquorum
968 1515 1084 1606 regum,
1105 1533 1270 1606 principum

84 1628 252 1700 electorum,
282 1630 335 1689 sed
357 1647 412 1690 nec
432 1632 653 1690 universitatum
680 1647 735 1703 pro
757 1638 825 1693 tono
846 1633 1025 1691 ambasiatae
1047 1633 1095 1691 hie
1116 1631 1270 1694 affuerunt.

83 1727 198 1789 Etcum
220 1729 353 1789 dominns
376 1746 428 1788 rex
449 1747 573 1791 unacum
595 1732 742 1790 nobilibus
760 1733 885 1791 dominis
910 1732 957 1793 hie
981 1733 1187 1806 praesentibus
1204 1750 1269 1792 eum

81 1843 180 1902 magna
208 1831 373 1901 postularet
400 1831 557 1900 instantia,
590 1839 622 1889 ut
647 1833 726 1889 cirea
753 1833 846 1906 ipsius
877 1833 987 1891 salvum
1015 1833 1188 1893 conductum
1216 1849 1270 1891 suo

78 1929 280 2000 provideretur
301 1931 413 1999 honori,
447 1938 476 1989 01
496 1938 528 1988 11
550 1932 644 1990 dictus
672 1932 713 1990 M.
733 1932 818 1990 1011.
840 1933 904 1992 Has
926 1933 1044 2006 publice
1066 1933 1207 2002 audiatur,
1240 1939 1271 1992 et

76 2026 189 2089 deiide
212 2046 266 2088 sua
293 2030 440 2104 publicana
468 2032 573 2091 reddat
594 2018 751 2104 rationem,
779 2037 811 2090 et
832 2033 858 2092 si
881 2033 1029 2092 commetes
1050 2032 1148 2103 suerit,
1176 2034 1270 2107 perti·

71 2129 186 2188 nuciter
207 2129 317 2203 aliquid
340 2137 442 2190 contra
464 2132 638 2204 scripturam
660 2149 773 2191 sacram
796 2137 826 2190 ct
846 2132 1000 2190 veritatem
1021 2147 1165 2201 asserere,
1188 2133 1265 2206 qnod

65 2226 99 2287 id
124 2231 209 2302 jnxta
229 2231 410 2290 decisionem
433 2239 462 2289 et
483 2233 704 2291 instructionem
726 2232 842 2292 concilii
864 2232 973 2290 debeat
994 2233 1159 2291 emendare:
1196 2233 1270 2292 illud

63 2332 173 2389 tamen
194 2330 343 2404 bucusque
365 2332 523 2405 impetrare
546 2349 604 2391 101
620 2334 723 2404 potuit,
746 2350 800 2392 nec
814 2333 925 2401 baberi,
948 2332 1001 2391 sed
1017 2332 1111 2391 dictas
1125 2333 1167 2395 M.
1183 2334 1269 2397 Joan.

58 2425 138 2488 Hus
159 2431 233 2490 eitra
253 2431 309 2490 boc
337 2437 395 2489 tarn
417 2433 545 2505 graviter
568 2433 717 2491 detinetur·
744 2432 935 2506 compedibus
967 2438 997 2490 ct
1019 2430 1099 2490 dieta
1120 2433 1271 2492 levissima

57 2534 255 2604 attenuatus,
285 2532 335 2589 nbi
358 2514 515 2590 timendum
539 2538 601 2609 est,
633 2549 670 2590 ne
693 2533 803 2591 viribus
826 2540 993 2591 consumtus
1015 2533 1129 2609 catione
1150 2532 1269 2607 pericli·

57 2630 161 2689 tetur.
182 2630 223 2688 Et
242 2631 312 2691 licet
327 2631 436 2690 domini
456 2632 504 2690 hic
525 2637 698 2703 praesentes
721 2633 849 2705 graviter
871 2631 907 2690 de
930 2649 1022 2706 regno
1044 2633 1202 2692 Bohemiae
1224 2634 1269 2692 in·

57 2726 254 2790 sumerentur
281 2747 330 2801 eo,
364 2732 442 2804 quod
469 2732 578 2790 dictum
606 2732 646 2790 M.
677 2733 761 2791 Jonn.
795 2732 858 2790 llus
893 2732 930 2790 ad
962 2739 1073 2791 tanturn
1104 2733 1272 2807 angustiari

59 2826 207 2889 videntes
228 2838 334 2891 contra
355 2831 465 2890 salvum
487 2832 660 2891 conductum
682 2833 752 2891 dieti
774 2832 883 2890 domini
902 2833 990 2905 regis,
1012 2833 1108 2906 ipsum
1123 2832 1270 2891 dominum

64 2940 177 3001 regem
200 2930 296 2992 literis
318 2931 379 2990 suis
402 2932 476 2989 salvi
498 2932 657 2989 conductus
679 2948 799 2989 monere
820 2932 1011 3005 negligerent,
1033 2949 1070 2990 10
1093 2933 1158 3006 ipso
1175 2932 1267 2990 domi·

67 3041 136 3086 nus
154 3046 204 3090 rex
224 3030 347 3090 ulterius
369 3031 441 3089 talia
462 3031 596 3104 patiatur,
620 3049 683 3089 cum
704 3031 876 3103 vergentia
898 3037 1074 3089 contemtum
1096 3037 1127 3090 et
1141 3031 1268 3105 vilipen·

71 3122 157 3187 (iiam
175 3146 299 3190 coronae
316 3133 399 3204 regui
420 3131 578 3189 Bohcmiae
602 3137 631 3188 et
652 3130 793 3203 lingnagii
816 3129 968 3202 praedicti,
991 3130 1069 3203 quod
1091 3131 1129 3189 ab
1152 3130 1270 3202 origine

77 3236 228 3304 susceptae
256 3230 417 3289 catholicae
439 3227 509 3288 fidei
535 3246 689 3302 numquam
714 3229 752 3288 ab
782 3229 951 3288 obedientia
973 3235 1092 3288 sanctae
1116 3230 1269 3289 Romanae

82 3329 370 3390 recessitecclesiae:
389 3330 448 3403 ipsi
466 3336 563 3388 tamen
581 3329 655 3388 haec
672 3329 768 3388 011111
782 3330 811 3387 in
825 3345 857 3388 se
870 3329 1017 3402 hucrusque
1033 3331 1181 3403 patienter
1195 3330 1270 3389 tole·

87 3435 234 3506 11101110
252 3430 368 3490 occasio
388 3431 490 3503 quovis
512 3430 599 3488 modo
622 3429 796 3488 turbationis
812 3430 896 3502 hujus
918 3430 994 3488 sacri
1010 3430 1126 3489 concilii
1141 3431 1269 3490 existere

92 3519 237 3589 ducantur.
280 3531 467 3603 Quapropter
488 3529 726 3588 reverendissimi
748 3537 847 3603 patres
871 3530 1043 3588 cidamini!
1077 3530 1192 3590 nobiles
1215 3532 1270 3590 010-

98 3620 156 3682 uiui
174 3627 315 3703 saepefati
328 3628 560 3687 Paternitatibus
574 3628 688 3686 Vestris
711 3629 914 3700 praesentibus
928 3630 1094 3704 supplicant
1111 3631 1222 3705 jugiter
1243 3638 1273 3689 ct
1379 3687 1382 3696 ,

101 3725 196 3807 aare,
225 3736 367 3803 qnatenus
389 3735 448 3787 turn
470 3735 592 3803 propter
613 3728 753 3787 honorem
783 3730 855 3788 salvi
885 3730 1044 3791 conductus
1068 3732 1138 3790 dicti
1162 3729 1272 3789 domini

103 3823 170 3895 regis,
181 3834 237 3887 tum
252 3830 338 3889 etiam
353 3835 474 3903 propter
489 3827 594 3887 famam
609 3828 753 3901 praeclari
764 3831 849 3902 regui
863 3829 1022 3890 Bohemiae
1038 3832 1268 3890 conservandam

107 3923 130 3974 tt
151 3933 266 3987 vestram
298 3930 411 4002 puriter
443 3928 651 4001 adaugendam,
680 3929 710 3987 in
732 3928 817 3989 iactis
839 3930 909 3989 dieti
931 3931 972 3989 M.
994 3933 1078 3990 Joan.
1100 3931 1163 3989 Hus
1185 3927 1270 3987 finem

107 4019 213 4098 celerem,
233 4047 296 4089 curn
317 4030 374 4103 ipsi
396 4029 556 4101 periculum
578 4030 686 4087 existat
706 4030 736 4088 iu
759 4047 847 4100 rnora,
866 4032 982 4103 justitia
1003 4031 1101 4089 divina
1122 4030 1268 4087 mediante

108 4112 198 4183 efficere
217 4127 321 4198 velitis,
351 4135 438 4202 prout
460 4128 496 4185 dc
519 4128 660 4186 dictarum
682 4129 894 4188 Paternitatuun
917 4131 1088 4189 vestrarum
1117 4127 1270 4200 praeclara

109 4219 250 4286 actulius
273 4226 477 4287 confidentiam
499 4237 605 4301 perurat
627 4229 792 4301 specialem.

184 4325 327 4402 Ceterum,
358 4331 596 4388 reverendissimi
623 4336 722 4401 patres
744 4336 774 4387 et
796 4329 917 4388 domini!
950 4331 987 4387 ad
1010 4329 1150 4403 nobilium
1173 4329 1269 4387 domi-

110 4424 185 4479 uorum
196 4426 227 4484 de
242 4429 398 4487 Bobemiac
411 4430 457 4488 hie
479 4431 678 4500 praesentium
694 4430 870 4488 audientiam
887 4431 1041 4488 deductum
1065 4435 1117 4499 est,
1141 4429 1269 4502 qualiter

111 4520 222 4583 saeclum
235 4529 316 4602 regni
328 4529 487 4588 Bobcmiac
512 4532 572 4603 jam
601 4531 671 4591 dicti
702 4530 818 4604 quidam
839 4536 898 4588 tarn
920 4531 950 4588 in
972 4530 1099 4604 bonore,
1132 4547 1216 4602 qnam
1238 4532 1269 4588 in

114 4605 169 4674 lanu
185 4624 387 4689 obtrectatores
410 4636 440 4689 ct
461 4632 581 4700 aemuli,
612 4631 648 4690 ad
678 4648 765 4690 aures
788 4632 1000 4689 Paternitatum
1026 4631 1195 4689 Vestrarnm
1218 4631 1267 4688 de·

1049 4747 1102 4821 Ι11
