2992 5258
378 449 417 505 19.
452 450 552 505 vicarii
570 451 642 519 regis
667 451 695 505 in
714 450 828 507 coneilio
845 450 944 506 Pisano
963 452 1172 510 constituuntur.
1316 460 1378 524 369

171 661 284 736 patres
306 653 423 720 domiui
453 653 633 720 cardinales
655 655 822 739 utriusque
844 658 970 740 collegii
992 659 1030 724 ad
1054 658 1189 724 invicem
1214 660 1295 726 uniti
1318 678 1375 742 pro

170 757 297 823 unitate
326 754 424 821 iudei
442 757 578 822 eeclesia
599 756 781 823 reducenda
807 758 847 823 ad
869 758 1171 840 quintumdecimum
1197 758 1269 842 (sie)
1292 760 1375 825 diem

168 857 283 923 Martii
296 858 439 940 proxime
461 858 610 922 instantis
633 857 665 921 in
688 857 817 923 civitate
834 859 948 924 Pisana
969 859 1141 925 tenendum
1164 864 1197 925 et
1212 852 1374 927 celebrauss

164 958 247 1023 dum
267 975 326 1041 pro
349 957 506 1023 scismatis
529 958 758 1041 exstirpatione
781 970 990 1039 eternorum,
1013 960 1068 1042 qui
1091 961 1257 1027 occasione
1279 962 1373 1043 huJ‘us

162 1059 332 1124 scismatis
355 1059 457 1124 exorti
480 1065 563 1137 suut,
586 1066 620 1124 et
642 1060 766 1124 vinculo
787 1060 874 1141 pacis
896 1079 934 1125 ac
955 1061 1088 1126 unitatis
1109 1061 1142 1125 in
1165 1060 1216 1127 dei
1240 1063 1375 1128 ecclesia

159 1159 313 1225 feliciter
334 1158 531 1238 reducendo,
566 1160 825 1240 praesentialiter
847 1159 1000 1226 accedere
1022 1179 1086 1225 non
1108 1179 1290 1243 possumus,
1314 1181 1374 1229 nec

160 1260 234 1343 ipsi
258 1258 390 1327 consilio
408 1259 621 1342 personaliter
645 1261 812 1340 interesse,
837 1261 932 1343 justis
955 1260 1059 1326 causis
1082 1267 1115 1327 et
1136 1261 1371 1343 impedimentis

158 1359 325 1441 legitimis
348 1358 540 1442 praepediti:
564 1366 736 1441 eapropter
757 1359 953 1426 confidentes
976 1362 1145 1443 plurimum
1160 1362 1200 1428 de
1215 1363 1374 1428 industria

158 1469 203 1527 et
239 1461 397 1528 laetorum
429 1461 628 1542 experientia
660 1460 748 1526 rev¹¹¹¹
781 1461 814 1525 in
837 1460 965 1527 Christo
998 1463 1100 1544 patris
1127 1463 1165 1527 Ι).
1192 1463 1372 1529 Wenceslai

157 1560 377 1644 patriarchae
389 1558 613 1627 Antiochensis
635 1578 673 1626 ar.
700 1581 737 1626 ac
752 1561 944 1627 venerabilis
966 1563 1116 1645 Tymonis
1138 1563 1373 1647 episcopiMis·

157 1661 293 1741 nensis,
310 1661 489 1744 principum
512 1661 708 1741 devotorum,
731 1680 790 1726 nee
806 1679 869 1726 non
886 1663 1000 1727 nobilis
1015 1663 1143 1728 Benesii
1165 1662 1205 1728 de
1222 1663 1374 1744 Chusnik,

156 1763 304 1829 baronis
336 1761 455 1842 fidelis,
489 1773 522 1828 et
555 1763 786 1829 honorabilium
818 1763 900 1844 Mag.
936 1763 1120 1846 Hieronymi
1157 1764 1373 1846 Seydenberk,

158 1863 255 1930 sacri
289 1863 399 1945 palatii
433 1864 598 1945 apostolici
627 1864 800 1943 auditoris,
834 1869 868 1930 et
888 1864 1021 1928 loannis
1047 1864 1140 1945 Nasi,
1172 1864 1374 1930 decretorum

159 1960 332 2044 doctoris,
365 1964 618 2029 consiliariorum
640 1965 828 2030 devotorum
849 1963 1038 2029 dilectorum
1061 1973 1261 2045 nostrorum,
1286 1967 1373 2049 ipsos

160 2069 337 2130 eteorum
359 2065 534 2146 quemlibet
554 2064 748 2144 insolidum,
772 2065 818 2129 ita
839 2063 924 2146 quod
946 2083 1009 2129 non
1032 2065 1074 2130 sit
1095 2066 1208 2132 melior
1230 2067 1369 2133 conditio

161 2163 320 2249 primitus
342 2165 537 2248 occupantis,
561 2164 617 2230 sed
633 2164 717 2247 qued
739 2183 797 2246 per
812 2184 908 2229 umun
923 2166 1065 2246 ipserum
1088 2167 1249 2250 inceptum
1265 2167 1372 2249 fuerit,

160 2279 234 2348 per
253 2265 348 2331 alium
371 2284 428 2331 seu
451 2265 530 2331 alios
552 2264 735 2331 eorumdem
759 2265 919 2347 prosequi,
948 2266 1081 2331 mediani
1105 2268 1208 2332 valeat
1231 2277 1263 2333 et
1277 2267 1372 2338 liniri.

161 2361 307 2433 vicarios
329 2374 472 2445 nostres,
506 2366 760 2432 locumtenentes
791 2385 847 2430 seu
871 2367 956 2431 vices
979 2375 1129 2447 gerentes
1152 2375 1264 2434 tenore
1280 2387 1372 2452 prae-

157 2469 309 2533 sentium
342 2467 566 2534 constituimus
599 2467 755 2550 speciales
789 2475 822 2532 et
854 2468 1036 2548 generalem
1070 2468 1184 2548 quibus
1207 2477 1240 2534 et
1262 2488 1373 2535 eorum

156 2566 301 2633 cuilibet
325 2568 356 2632 in
379 2567 514 2633 solidum
540 2567 650 2632 doinus
674 2575 867 2650 potestatem
883 2569 1008 2650 plenam
1023 2576 1057 2633 et
1079 2568 1211 2634 liberam
1233 2591 1270 2636 ac
1285 2589 1371 2635 man·

153 2661 279 2733 datum
312 2669 461 2750 generale
495 2676 528 2733 et
560 2669 715 2751 speciale,
751 2676 786 2733 ut
819 2670 879 2750 ipsi
913 2677 946 2732 et
971 2687 1080 2733 eorum
1104 2670 1237 2750 utrilibet
1259 2677 1370 2735 nestro

152 2771 297 2834 nourine
320 2770 511 2835 conveniant
533 2770 564 2834 in
587 2769 672 2835 dicta
695 2770 823 2835 civitate
839 2771 954 2834 l'isaua
979 2777 1012 2835 et
1034 2769 1085 2834 die
1108 2770 1369 2853 vicesimoquinto

150 2856 280 2935 Martii
301 2870 464 2950 assignem
487 2872 519 2935 iu
542 2870 610 2952 ipso
627 2871 759 2936 coneilio
776 2870 917 2951 generali
940 2870 1056 2934 ibidem
1080 2871 1217 2937 tenendo
1240 2879 1273 2938 et
1285 2873 1367 2937 eele-

151 2953 293 3035 brando
327 2970 491 3052 praedicta
523 2969 575 3034 die
609 2978 642 3035 et
674 2970 785 3035 diebus
814 2971 1036 3051 sequentibus,
1071 2973 1217 3053 ‹puarndiu
1240 2972 1368 3036 durabit

148 3053 289 3134 dictum
311 3071 488 3151 concilium,
521 3077 554 3135 et
577 3072 660 3153 quod
684 3072 807 3153 possint
830 3079 863 3135 et
886 3072 1011 3136 valeant
1032 3072 1093 3153 ipsi
1117 3079 1150 3136 et
1172 3089 1282 3136 eorum
1298 3072 1367 3153 qui·

148 3149 252 3234 libet
266 3171 297 3235 iu
319 3172 389 3253 ipso
405 3172 537 3236 coneilio
555 3173 622 3237 viee
646 3180 755 3237 nostra
773 3173 952 3237 deliberare
979 3190 1048 3237 curn
1064 3173 1216 3254 praelatis
1231 3173 1367 3236 dominis

147 3269 383 3337 cardinalibus
400 3273 566 3353 utriusque
590 3274 714 3353 collegii
726 3292 763 3337 rie
787 3275 1000 3354 praelatorum
1024 3280 1057 3338 et
1078 3273 1158 3351 aliis,
1181 3273 1235 3354 qui
1249 3273 1366 3338 ibidem

148 3349 289 3437 fuerint
303 3373 335 3437 iu
358 3373 443 3438 dicto
456 3374 589 3438 coneilio
606 3375 799 3454 congregati,
823 3382 856 3439 et
872 3374 1037 3438 consulere
1059 3374 1163 3438 ornrria
1186 3382 1219 3438 et
1233 3374 1366 3454 singula,

148 3469 252 3536 (luae
280 3474 398 3539 fuerint
428 3475 619 3554 necessaria,
644 3475 843 3556 expedientia
868 3482 901 3540 et
926 3473 1163 3556 quomodolibet
1187 3479 1367 3556 opportuna
1416 3502 1421 3509 ·

148 3557 198 3622 ad
231 3575 495 3656 exstirpationem
518 3575 675 3640 scismatis
692 3584 724 3638 et
747 3595 891 3640 errorum
913 3577 1149 3659 praedictorum
1171 3593 1366 3657 prosequen-

150 3650 259 3752 dam,
290 3675 329 3740 ad
354 3676 500 3740 unionem
524 3677 555 3738 in
583 3677 632 3741 dei
657 3678 792 3741 eeclesia
826 3679 1054 3754 rerlueurulaur,
1089 3677 1213 3741 etiamsi
1235 3683 1365 3741 conteu-

150 3750 284 3838 *lentes
317 3776 356 3839 de
390 3783 509 3858 papatu
548 3785 681 3859 propter
714 3780 830 3841 facturn
864 3779 1021 3843 scismatis
1056 3784 1089 3841 et
1121 3795 1266 3840 errorum
1293 3776 1363 3839 lidei

152 3866 387 3945 ⁰uuositoruu
411 3876 580 3957 dejiciendi
603 3877 721 3941 fuerint
744 3895 800 3941 seu
824 3878 917 3956 ejecti
940 3878 1164 3954 ‹lerrrrrrtiaruli,
1189 3878 1238 3940 vel
1255 3894 1363 3940 eorrrm

152 3954 268 4050 asten
290 3983 322 4040 et
344 3975 428 4056 quod
450 3979 574 4058 possint
596 3977 692 4041 etium
714 3980 872 4043 assertore
895 3981 954 4060 ipsi
979 3981 1026 4043 vel
1051 3998 1159 4043 eurum
1184 3979 1317 4058 quilibet
1332 3977 1365 4039 in

156 4060 303 4158 §olidum
337 4078 482 4141 omnibus
505 4083 538 4140 et
561 4078 709 4155 siugulis.
744 4098 824 4159 (perae
852 4099 909 4161 per
933 4081 1033 4161 ipsum
1057 4080 1223 4144 concilium
1246 4078 1365 4142 sinerint

159 4164 195 4217 ¹¹¹
235 4178 417 4255 praemissis
451 4178 612 4255 ordinata,
648 4180 852 4260 prormutiata
882 4187 915 4243 et
937 4180 1098 4244 ‹leetlarata
1119 4200 1156 4243 ae
1179 4185 1308 4257 statuta,
1332 4185 1365 4241 et

162 4267 257 4357 {duod
277 4276 439 4357 praedicta
461 4279 565 4342 omnia
588 4287 621 4343 et
642 4280 767 4358 siuqorla
791 4279 916 4343 valeant
938 4281 1063 4344 nomine
1087 4286 1196 4344 uestro
1213 4280 1363 4361 prosequi

166 4366 201 4419 ¹¹¹
228 4377 355 4443 civitate
389 4379 503 4443 Pisana
537 4380 586 4442 vel
612 4380 674 4443 alio
697 4380 775 4458 loce,
800 4380 850 4442 ubi
875 4380 1076 4461 contingeret
1099 4380 1265 4443 eorreilium
1281 4379 1364 4444 cele·

171 4448 259 4539 brttri
279 4496 334 4543 seu
349 4479 544 4557 continuare,
572 4479 672 4544 derlee
688 4487 721 4543 et
743 4497 906 4560 quormque
923 4481 1076 4544 ecclesiae
1093 4480 1250 4544 llornanae
1267 4481 1364 4544 l'uerit

176 4569 233 4634 ll?
263 4577 447 4644 electionem
481 4580 662 4645 eanonicam
695 4580 916 4644 celebrandam
950 4599 1008 4660 per
1034 4580 1195 4661 praelatos
1217 4579 1362 4644 domines

181 4671 344 4744 biennes
366 4681 530 4761 utriusque
553 4681 678 4760 collegii
706 4681 746 4744 de
770 4680 863 4744 rinico
886 4689 918 4745 et
941 4679 1118 4746 indubitato
1143 4688 1272 4761 pastore
1287 4698 1362 4762 pro-

1165 4799 1198 4850 24
