2992 5258
404 426 444 476 51.
462 422 487 475 J.
523 420 674 491 Replicatio
692 424 881 518 magistrorum
900 423 1086 492 Pragensinm.
1286 430 1347 495 49?

150 624 453 705 allegantcanonem
469 625 529 690 sub
549 626 741 691 auctoritate
758 626 945 709 Hieronymi
966 629 1105 710 positum
1127 627 1257 711 (XXIV.
1282 651 1310 712 q.
1331 636 1342 694 l

150 724 237 792 Haec
264 726 344 791 fides
373 746 456 809 papa
478 726 531 809 ac.)
561 745 642 807 quae
673 727 769 791 verba
791 727 820 791 b.
842 727 1029 810 Hieronymi
1061 730 1101 794 de
1128 728 1190 795 fide
1222 749 1278 795 sua
1307 731 1347 795 ad

149 825 178 891 S.
201 827 422 906 Augustinum,
455 846 547 908 quem
578 846 691 908 papam
723 827 943 892 beatissimum
968 830 1128 910 appellat,
1162 831 1202 896 ad
1234 850 1347 913 papam

149 927 323 990 Romanum
345 928 507 1009 applicant
529 927 855 1009 impertinentissime.
900 928 947 991 Ex
969 948 1032 1010 quo
1054 930 1139 996 dicto
1159 926 1346 1012 Hieronymi

148 1034 248 1106 patet,
266 1028 400 1109 primum
412 1028 583 1093 articulum
595 1029 807 1110 praemissum
820 1046 891 1092 esse
908 1029 1019 1093 laisum
1043 1049 1081 1094 ex
1115 1049 1162 1108 eo,
1186 1031 1269 1111 quod
1292 1032 1345 1096 alii

148 1145 240 1206 quam
264 1127 432 1209 episcopus
456 1130 614 1193 Romanus
637 1135 670 1192 et
692 1129 740 1191 sni
757 1128 934 1193 cardinales
949 1138 1024 1195 sunt
1040 1150 1141 1212 papae
1160 1132 1344 1212 beatissimi,

148 1229 235 1292 l‘etri
262 1227 356 1292 fidem
384 1235 417 1291 et
446 1228 554 1293 sedern
582 1236 730 1293 tenentes
759 1236 794 1292 et
823 1247 1025 1294 successores
1055 1231 1286 1312 apostolorum,
1309 1240 1345 1298 ut

145 1327 205 1392 luit
219 1330 429 1410 augustinum
447 1331 536 1411 cujus
564 1329 745 1411 oppositum
774 1329 851 1393 dicit
872 1331 1025 1395 articulus
1048 1340 1080 1396 et
1102 1331 1342 1397 fundamentum

145 1431 244 1493 totius
261 1431 438 1512 scripturae
461 1430 635 1494 doctorum.
679 1429 726 1491 Hx
749 1447 811 1509 quo
834 1430 979 1510 sequitur
1000 1431 1143 1511 ulterius,
1168 1432 1340 1499 Romanam

145 1530 311 1595 ecclesiam
337 1547 400 1593 non
429 1548 500 1594 esse
527 1530 638 1607 locum,
668 1529 722 1592 ubi
750 1528 895 1593 dominus
923 1531 1029 1609 posuit
1056 1532 1156 1595 totius
1189 1531 1343 1597 ecclesiae

144 1631 366 1712 principatum,
390 1630 464 1710 quia
485 1647 625 1694 summus
649 1629 798 1695 sacerdos
822 1629 966 1694 Christus
989 1632 1073 1696 sedit
1098 1633 1131 1696 in
1152 1632 1341 1710 Jerusalem,

143 1730 260 1795 Petrus
292 1730 441 1812 primitus
475 1731 506 1793 in
529 1730 706 1809 Antiochia,
740 1730 865 1794 demum
889 1731 1015 1810 Romae,
1052 1740 1125 1813 post
1153 1732 1206 1796 alii
1238 1751 1339 1815 papae

143 1830 315 1909 Bononiae,
338 1831 473 1907 Perusii‚
496 1831 528 1894 in
551 1831 716 1910 Arinione,
739 1840 772 1895 et
801 1849 883 1895 nunc
911 1839 1021 1913 posset
1042 1833 1164 1912 Pragae
1187 1831 1341 1911 residere,

142 1949 214 1996 curn
236 1933 295 1996 boc
317 1933 360 1997 sit
378 1932 450 2013 jure
473 1932 697 2011 voluntarium,
720 1933 802 1995 sicut
824 1939 914 2013 patet
928 1931 968 1996 de
983 1932 1116 2012 imperio
1132 1932 1172 1996 ad
1188 1933 1337 1998 Almanos

138 2032 203 2113 jam
226 2032 392 2099 translato.

240 2131 277 2196 It
302 2133 431 2213 quintus
452 2133 605 2198 articulus
628 2150 686 2212 pro
710 2133 805 2196 tertia
827 2150 922 2196 causa
949 2132 1072 2212 positus
1094 2131 1177 2196 sicut
1199 2141 1334 2215 quartus

140 2242 191 2297 est
220 2233 345 2297 notorie
373 2231 482 2302 falsus.
511 2251 568 2314 pro
592 2233 707 2313 quibus
729 2238 887 2312 tamquam
910 2231 1030 2295 falsarii
1052 2248 1213 2305 sacrarum
1235 2235 1336 2316 scrip·

139 2338 284 2396 turanum
314 2339 347 2396 et
374 2351 536 2397 sacrorum
563 2350 719 2405 canonum
749 2340 858 2397 essent
887 2332 1053 2412 puniendi,
1085 2331 1158 2397 dum
1189 2341 1339 2399 asserunt

139 2449 242 2514 papae
265 2434 295 2496 iu
319 2434 465 2497 omnibus
488 2431 708 2497 obediendum.
739 2431 873 2496 Constat
894 2434 979 2496 enim
994 2432 1110 2497 multos
1124 2453 1224 2515 papas
1239 2435 1337 2500 fnisse

140 2533 329 2610 baereticos,
353 2541 385 2597 st
407 2532 563 2613 quandam
585 2532 743 2610 laminam,
767 2533 881 2612 quibus
904 2551 966 2598 non
990 2534 1093 2597 solum
1115 2533 1255 2614 obedire,
1279 2535 1336 2599 sed

139 2651 198 2699 nec
221 2634 452 2698 communicare
476 2634 526 2697 vel
549 2635 657 2697 lavere
680 2641 731 2697 est
753 2633 951 2713 permissum,
974 2642 1010 2698 ut
1032 2633 1208 2699 ostendunt
1226 2653 1335 2700 omnes

137 2734 284 2799 rubricae
314 2742 347 2799 et
375 2733 491 2798 infiniti
520 2752 657 2798 canones
685 2733 725 2798 de
753 2735 923 2799 haereticis
954 2743 987 2799 et
1016 2754 1127 2800 eorum
1155 2734 1335 2802 santonibus

137 2835 300 2917 compilati
323 2842 356 2898 et
377 2833 559 2906 continuati,
577 2842 610 2899 et
625 2852 683 2914 per
707 2851 904 2914 consequens
921 2835 1027 2898 necin
1044 2835 1188 2900 omnibus
1204 2837 1333 2916 quibus·

136 2951 272 3014 cunque,
288 2927 349 2999 'ubi
371 2953 433 3000 non
456 2934 627 3016 prohibent
648 2952 762 3015 purum
785 2934 900 2998 bonnm
923 2935 973 2999 vel
995 2935 1195 3017 praecipiunt
1217 2954 1331 3016 purum

136 3035 262 3113 malum,
292 3042 343 3099 est
365 3035 411 3099 eis
434 3034 656 3100 obediendum.
701 3035 794 3099 Patet
823 3034 906 3099 idem
935 3034 974 3099 de
997 3035 1129 3099 Graecis
1160 3042 1193 3098 et
1221 3053 1332 3100 corum

136 3136 298 3215 uxoribus,
321 3145 353 3199 et
376 3134 414 3198 de
430 3135 636 3214 Francigenis
658 3145 692 3198 et
703 3134 809 3198 multis
833 3135 941 3213 regnis
964 3134 1223 3213 occidentalibus,
1247 3135 1332 3201 ultra

135 3236 227 3301 XXX
256 3253 357 3300 anuos
386 3254 487 3317 papae
511 3236 650 3299 Bouiano
678 3253 740 3298 non
771 3234 1003 3314 obedientibus,
1034 3243 1067 3300 et
1093 3244 1198 3299 tamen
1222 3253 1331 3299 eorum

135 3336 219 3402 {acta
247 3343 281 3400 et
307 3336 487 3400 sententiae
516 3344 591 3398 sunt
620 3336 652 3398 in
686 3334 819 3400 concilio
841 3335 956 3399 Pisano
990 3353 1093 3416 nuper
1125 3336 1329 3416 approbatae.

134 3436 240 3503 Etiam
264 3456 346 3518 papa
378 3455 473 3518 saepe
510 3444 665 3502 retractat
697 3436 799 3502 bullas
833 3454 915 3514 suaa,
946 3442 979 3500 et
1009 3442 1097 3500 errat
1125 3444 1159 3499 at
1187 3435 1268 3500 fallit
1297 3443 1330 3500 et

134 3537 257 3602 fallitur
279 3556 384 3617 saepe,
417 3538 518 3602 etsie
540 3555 602 3601 non
626 3544 676 3600 est
698 3537 757 3601 sibi
780 3535 989 3601 obediendum
1014 3536 1063 3617 (nt
1084 3542 1174 3617 patet
1195 3535 1234 3600 de
1257 3554 1329 3599 sen·

134 3638 236 3702 tenda
258 3636 592 3701 excommunicationis
615 3657 634 3702 a
655 3637 770 3717 nobis),
795 3644 827 3702 et
839 3645 937 3718 patet,
961 3635 1045 3718 quod
1067 3636 1171 3700 clerus
1194 3654 1329 3716 evange·

132 3736 212 3802 licus
235 3745 343 3801 servat
364 3738 482 3802 dictum
504 3737 673 3815 Augustini
703 3757 761 3818 per
784 3757 839 3803 eos
862 3756 919 3818 pro
943 3737 1124 3802 obedientia
1145 3737 1326 3817 allegatum,

133 3858 205 3904 cum
220 3839 282 3921 ipsi
297 3839 441 3905 ommbus
453 3838 553 3902 modis
574 3837 687 3902 adhoc
709 3837 845 3902 tendunt
867 3838 1070 3913 allaborant,
1095 3845 1129 3901 ut
1145 3837 1328 3902 obedientia

132 3956 254 4003 summo
278 3937 418 4019 pontifici
432 3946 465 4002 ct
482 3939 563 4020 patri
580 3946 690 4003 nostro
713 3938 839 4004 domino
861 3939 939 4003 lesu
962 3938 1089 4003 Christo
1112 3938 1329 4018 superomnia

131 4040 220 4120 juxta
232 4055 305 4102 suas
317 4038 516 4116 traditiones
533 4058 613 4118 quac
625 4038 656 4101 iu
670 4039 894 4103 observatione
910 4038 1053 4117 decalogi
1066 4038 1279 4117 continentur,
1294 4043 1327 4101 et

131 4147 245 4221 postea
266 4158 367 4220 papae
391 4149 423 4202 et
445 4139 604 4220 praelatis,
628 4140 661 4202 iu
676 4146 827 4220 quantum
841 4158 876 4203 sc
892 4139 1091 4204 conformant
1105 4136 1197 4201 dictis
1214 4138 1325 4201 decre-

131 4239 257 4319 talibus,
274 4246 351 4321 puta
366 4239 522 4302 mandalis
537 4238 590 4302 dei
604 4248 638 4303 et
652 4240 733 4303 sacri
752 4239 906 4319 evangelii
928 4237 1134 4316 documentis,
1158 4237 1235 4300 alias
1251 4255 1323 4300 non.

230 4340 277 4404 u..
286 4339 315 4414 6,
332 4344 358 4416 7,
377 4344 406 4418 8,
424 4344 452 4418 u,
479 4344 526 4416 lo,
553 4343 586 4402 ll
611 4340 736 4404 articuli
759 4346 845 4404 stant
867 4348 901 4404 et
922 4339 1094 4403 tundantur
1116 4355 1214 4417 super
1235 4337 1323 4401 falsis

131 4448 164 4506 et
183 4440 346 4505 mendosis
369 4442 629 4521 persuasionibus
652 4441 852 4522 supradictis
875 4440 949 4505 ideo
972 4441 1056 4503 sicut
1071 4438 1194 4518 priores
1208 4437 1323 4502 merito

131 4548 204 4607 sunt
225 4541 398 4623 respuendi
421 4549 453 4605 et
476 4541 666 4619 detestandi,
688 4560 759 4605 cum
781 4559 843 4605 non
867 4542 932 4606 siut
947 4541 1033 4621 pacis
1054 4546 1087 4602 ct
1103 4537 1242 4610 unitatis
1265 4537 1322 4602 sed

131 4641 338 4707 dissensionis
361 4649 395 4706 et
415 4642 562 4706 falsitatis
594 4641 759 4706 inductivi.
803 4640 936 4706 Constat
958 4638 1041 4702 enirn
1063 4645 1097 4703 et
1117 4637 1215 4718 laicis,
1238 4637 1323 4723 quod

1122 4756 1156 4808 32
