2992 5258
439 152 479 204 lo.
515 149 584 204 Litis
602 147 759 218 dijudicatio
777 148 888 203 arbitrio
908 149 1077 217 permittitur.
1292 149 1354 215 435

51 416 70 442 ‚,
163 357 288 424 modum
303 357 398 424 motis
413 364 447 423 et
461 355 590 434 exortis,
612 353 691 418 nihil
705 353 833 436 penitus
849 352 1056 434 obmittendo,
1081 372 1140 419 nec
1155 358 1229 436 post
1250 371 1285 418 se
1300 370 1352 417 re·

162 458 342 542 linquendo,
366 459 399 523 in
417 466 529 524 scrmum
551 456 726 539 prinoipem
749 461 782 521 et
803 455 962 520 dominum
988 454 1026 519 l).
1048 454 1278 536 wenceslaum,
1302 452 1354 519 dei

163 557 265 640 matio
296 558 508 624 Romanorum
541 563 574 623 et
595 556 764 622 Bohemiac
798 575 907 638 regem
940 575 1066 639 semper
1098 558 1289 638 Augustum,
1322 561 1356 620 et

162 657 262 743 ipsius
284 658 452 724 consilium
472 659 596 724 meliori
616 658 719 739 ruodo,
742 659 800 737 via,
825 658 897 737 jure
921 665 954 722 et
975 658 1083 737 forma,
1107 659 1221 738 quibus
1243 657 1355 723 melius

163 764 195 825 et
216 757 377 824 efficacius
399 758 468 824 fieri
492 764 599 841 potest
621 767 655 823 et
676 759 784 840 debet,
813 765 961 840 tauquam
991 761 1023 824 iu
1045 758 1197 838 arbitros,
1220 758 1355 823 arbitra·

162 865 249 926 tores
278 866 311 926 et
343 860 525 925 amicabiles
547 860 792 942 compositores,
825 861 1015 942 conjunctim
1038 859 1088 923 vel
1110 859 1249 938 divisim,
1272 858 1356 925 bona

163 958 222 1025 lide
253 967 286 1026 et
315 962 374 1026 sub
395 961 576 1042 perditione
599 979 712 1028 causae
736 979 791 1026 sen
820 978 985 1026 causarum
1008 960 1201 1042 hujusmodi,
1230 961 1269 1027 de
1291 961 1355 1026 alto

163 1069 195 1126 et
220 1061 315 1127 basso
345 1064 645 1144 compromiserunt,
676 1063 788 1127 dantes
820 1069 852 1127 et
875 1062 1086 1127 concedentes
1109 1063 1356 1143 praenominatis

163 1161 304 1243 ipsorum
325 1163 471 1243 arbitris,
503 1164 748 1230 arbitratoribus
777 1171 811 1229 et
842 1164 1059 1229 amicabilibus
1082 1163 1355 1245 compositoribus,

163 1264 354 1346 conjunctim
376 1264 426 1331 rel
448 1264 581 1345 divisim
605 1283 702 1347 super
718 1266 899 1347 praemissis
922 1255 1066 1329 omnibus
1088 1268 1120 1329 et
1142 1264 1276 1345 siugulis
1288 1264 1355 1347 ple·

162 1382 244 1448 nam,
265 1365 397 1430 liberam
420 1372 453 1431 ct
465 1366 674 1432 omnimodam
690 1373 882 1448 potestatem
903 1367 1001 1432 semel
1017 1367 1067 1431 vel
1088 1365 1219 1447 pluries,
1242 1364 1355 1430 stando

161 1464 211 1530 rel
225 1465 377 1546 sedendo,
399 1466 511 1532 diebus
527 1466 649 1533 feriatis
666 1467 716 1532 vel
738 1486 800 1532 non
816 1468 946 1543 feriatis,
970 1467 1115 1548 partibus
1131 1466 1354 1549 praesentibus

161 1565 212 1630 vel
233 1565 435 1647 absentibus,
470 1568 591 1633 voeatis
613 1568 664 1632 vel
686 1585 749 1632 nou
772 1567 907 1647 vocatis,
931 1566 1174 1650 pronuntiandi,
1198 1565 1355 1646 laudandi,

161 1664 354 1748 diffiniendi,
383 1669 573 1734 terminandi
602 1676 636 1734 et
674 1669 867 1749 arbitrandi,
900 1677 995 1751 prout
1023 1669 1100 1750 ipsis
1129 1668 1231 1732 visum
1258 1667 1356 1732 luerit

162 1766 330 1849 expedire,
352 1769 576 1850 promittentes
616 1770 708 1835 nobis
731 1770 864 1836 notariis
887 1770 1022 1851 publicis
1053 1767 1284 1850 infrascriptis,
1321 1772 1356 1833 ut

161 1869 307 1949 personis
340 1869 474 1951 publicis
496 1870 637 1950 legitime
660 1869 886 1952 stipulantibus
909 1878 942 1935 et
964 1869 1209 1950 recipientibus,
1233 1869 1301 1934 vice
1323 1875 1356 1934 et

161 1969 288 2033 nomine
303 1970 442 2039 oruuium
457 1989 590 2052 quorum
605 1971 750 2050 interest,
774 1972 953 2053 buJusmodi
968 1971 1228 2054 pronuntiationi,
1252 1969 1355 2051 laudo,

161 2066 342 2134 diffinitioni
356 2076 389 2135 et
409 2071 543 2136 arbitrio
567 2077 662 2151 stare,
685 2090 799 2153 parere
822 2078 855 2136 et
877 2071 1016 2150 obedire,
1040 2090 1099 2136 nec
1122 2079 1233 2137 contra
1255 2073 1356 2154 ipsam

161 2170 453 2251 pronuntiationem
482 2171 588 2237 verbis
621 2172 672 2236 vel
693 2171 784 2238 lactis
808 2173 1028 2237 contravenire
1051 2191 1109 2255 per
1132 2191 1166 2238 se
1190 2173 1238 2237 rel
1261 2171 1358 2238 alium

159 2286 216 2336 seu
238 2270 336 2351 aliua,
359 2272 485 2354 publice
507 2273 558 2337 vel
581 2275 720 2353 occulte,
748 2274 870 2339 directe
892 2275 942 2338 vel
964 2274 1135 2354 indirecte,
1164 2292 1224 2339 nec
1247 2278 1359 2339 contra

161 2371 295 2437 eandem
309 2371 483 2453 appellare,
505 2391 564 2438 nec
579 2373 825 2455 appellationem
840 2375 1000 2457 prosequi,
1024 2374 1143 2441 nullum
1166 2375 1358 2457 rescriptum

159 2470 211 2538 rel
232 2472 434 2556 privilegium
465 2493 523 2556 per
551 2493 586 2539 sc
608 2476 659 2540 vel
681 2475 775 2539 alium
798 2477 986 2558 impetrare,
1018 2495 1077 2541 uec
1099 2474 1277 2558 impetratis
1300 2474 1356 2556 uti,

161 2591 222 2640 uec
243 2574 285 2641 ad
305 2575 472 2641 arbitrium
494 2574 569 2640 boni
591 2575 652 2639 viri
674 2595 851 2655 recurrere,
875 2595 934 2641 nec
956 2576 1114 2657 aliquibus
1134 2576 1269 2657 juribus,
1292 2577 1358 2658 pri·

160 2674 295 2756 vilegiis,
318 2675 611 2754 consuetudinibus
635 2677 763 2741 statutis
780 2677 830 2741 vel
852 2677 1055 2741 munimentis
1078 2677 1142 2756 uti,
1165 2677 1222 2741 sed
1238 2674 1358 2742 eisdem

161 2774 308 2841 omnibus
336 2782 369 2844 et
390 2776 521 2857 siugulis
545 2777 778 2842 renuntiantes.
822 2777 909 2853 Quae
932 2776 1037 2842 omnia
1058 2784 1090 2841 et
1114 2778 1238 2858 singula
1260 2796 1358 2860 supra

162 2877 284 2960 scripta
305 2884 375 2944 rate
397 2883 430 2942 et
452 2884 543 2958 grato
564 2886 674 2943 tenere
703 2884 734 2943 et
757 2876 984 2943 inviolabiliter
1005 2878 1178 2973 obserqare
1201 2877 1356 2958 promise·

161 2978 330 3058 rrrnt,.hoc
352 2985 456 3043 tavueu
479 2983 628 3043 notanter
654 2995 807 3060 expresso
831 2986 863 3043 et
885 2978 1019 3058 adjecto,
1042 2976 1126 3059 quod
1148 2978 1181 3041 in
1203 2996 1308 3042 casum
1325 2984 1358 3042 et

162 3085 326 3158 eventum,
352 3079 385 3143 iu
420 3096 513 3159 quem
546 3076 728 3159 magnificos
759 3085 791 3143 ct
821 3079 943 3143 nobiles
976 3078 1118 3144 dominos
1149 3078 1358 3160 Rndolphum,

162 3178 275 3245 ducem
291 3179 457 3263 Saxoniae,
481 3178 662 3258 Stiboriuru,
686 3180 832 3245 comitem
854 3179 1189 3261 Septemcastrcnsem‚
1212 3187 1245 3244 et
1260 3180 1359 3245 Laoz·

160 3279 278 3345 konem
306 3279 346 3345 de
371 3280 518 3359 Krawar,
549 3289 623 3346 aute
653 3281 946 3362 pronuntiationem
969 3280 1144 3346 faciendam
1166 3281 1205 3345 de
1228 3280 1357 3346 civitate

160 3379 315 3462 Prageusi
354 3381 505 3446 recedere
537 3382 754 3462 contingeret,
785 3382 833 3446 vel
863 3382 977 3447 laetum
1009 3381 1187 3462 hujusmodi
1221 3378 1358 3446 finaliter

160 3499 225 3547 non
247 3481 472 3562 terminarent,
503 3483 587 3562 quod
610 3502 648 3547 cx
672 3489 746 3547 tunc
768 3482 837 3564 ipse
861 3500 913 3547 ser
914 3493 961 3520 ¹¹¹¹¹
985 3484 1134 3564 princeps
1158 3487 1191 3544 et
1212 3479 1357 3545 dominus

160 3577 368 3648 wenceslaus
383 3580 595 3647 Rornanorum
608 3588 641 3646 ot
655 3581 826 3647 Bobemiae
849 3601 904 3647 rex
916 3584 1051 3664 plenam,
1064 3582 1195 3647 liberam
1212 3589 1245 3646 ct
1261 3580 1358 3646 omni·

159 3680 283 3747 modam
305 3666 499 3765 potestatem
522 3681 637 3748 lrabeat
667 3691 700 3747 et
722 3682 839 3748 babere
863 3684 990 3754 debeat,
1013 3683 1161 3748 assumtis
1185 3682 1244 3746 sibi
1266 3681 1359 3746 baro·

160 3780 254 3847 nibus
284 3788 317 3847 et
349 3783 508 3848 nobilibus
538 3790 644 3849 terrae
677 3785 766 3865 regni
794 3784 854 3863 sui,
881 3785 1119 3866 quibuscunque
1143 3783 1189 3848 uti
1212 3782 1356 3859 voluerit,

159 3881 199 3947 de
227 3889 261 3949 et
289 3901 388 3965 super
416 3885 600 3966 praemissis
634 3885 778 3949 omnibus
807 3891 841 3948 et
870 3885 1003 3964 singulis
1031 3885 1128 3949 semel
1158 3883 1207 3948 rel
1238 3881 1357 3964 pluries

159 3982 403 4065 pronuntiandi,
431 3984 581 4049 laudandi
612 3993 644 4049 et
673 3984 848 4050 diffiniendi
876 3986 973 4050 verbo
996 3986 1100 4050 rolin
1124 3983 1267 4063 scriptis,
1292 3981 1354 4060 ubi,

159 4083 308 4165 quotiens
335 4089 370 4149 et
402 4085 527 4166 quando
560 4086 620 4167 ipsi
651 4087 751 4150 visum
780 4086 877 4149 luerit
903 4086 1073 4167 expedire3
1104 4102 1184 4166 qnae
1207 4083 1353 4147 similiter

159 4184 265 4249 omnia
288 4192 321 4250 et
343 4185 467 4265 singula
490 4192 559 4251 rata
575 4193 607 4251 et
629 4194 720 4263 grata
745 4195 856 4251 tenere
880 4193 913 4251 et
936 4184 1160 4250 inviolabiliter
1183 4184 1354 4248 observare

159 4285 384 4366 promiserunt,
397 4291 555 4368 petentes,
571 4287 648 4368 ipsis
661 4305 789 4368 paruos
814 4289 955 4353 notarios
974 4287 1118 4368 publicos
1135 4284 1355 4366 infrascriptos

158 4383 227 4452 fieri
250 4392 284 4452 et
306 4384 416 4451 confici
440 4404 535 4451 uuum
557 4388 608 4453 vel
629 4388 723 4469 plura
744 4388 871 4469 publica
893 4389 1113 4452 instrumenta.

1155 4505 1205 4561 28*
