2992 5258
148 438 209 499 336
445 432 647 485 controversiae
665 431 699 486 de
716 431 846 500 religione
863 432 891 483 in
909 429 1053 484 Bohemia:

725 731 762 800 4.

152 952 414 1036 Universitas
430 953 559 1036 studii
570 953 800 1064 Pragensis
815 956 1080 1036 universitati
1094 952 1344 1037 Oxoniensi.

151 1203 216 1254 mom
238 1203 277 1255 M.
301 1202 498 1271 Hieronymum
522 1202 698 1270 propensam,
720 1203 855 1255 Orontem
874 1205 970 1255 iterum
989 1206 1149 1265 venientem,
1167 1205 1257 1271 oliqru‘
1271 1204 1344 1256 Ouo·

160 1289 274 1346 aienses,
294 1296 435 1353 tanlquam
453 1288 486 1339 dc
503 1288 610 1339 haeresi
627 1297 790 1356 suspectum,
809 1289 1033 1358 comprehendere
1045 1288 1194 1347 studerent.
1216 1288 1347 1355 Propera-

406 1372 444 1423 uu
463 1372 629 1423 universitas
645 1390 697 1441 pro
715 1389 745 1424 co
763 1373 908 1425 liberando
928 1372 1079 1425 intercedit.

630 1571 857 1638 ffiamwb

375 1876 403 1929 Ε
419 1876 480 1929 Μ8,
500 1876 635 1928 tabularii
656 1874 835 1928 lhehoueuaia
854 1876 888 1928 Α.
908 1842 988 1945 ihs.
1007 1874 1060 1928 211
1076 1891 1115 1942 sq.

402 2191 584 2261 „Universitas
602 2192 747 2260 Progensis
765 2194 858 2247 scribit
875 2192 1021 2247 Oxoniensi
1039 2192 1073 2246 de
1091 2192 1130 2246 M.
1149 2192 1347 2261 Hieronymo.“

723 2396 760 2461 A.

249 2601 502 2680 venerabilibus,
525 2599 652 2677 rectori,
675 2598 858 2664 doctoribus
881 2608 915 2667 et
935 2601 1096 2681 magistris
1117 2598 1343 2666 universitatis

148 2704 245 2769 studii
268 2702 465 2784 OsoniensiS,
488 2709 643 2786 promtam
665 2702 697 2766 in
721 2702 928 2785 beneplacitis
951 2702 1152 2767 voluntatem.

248 2803 497 2869 Christianitatis
527 2803 670 2885 exposcit
701 2804 819 2883 regula,
848 2810 884 2868 ut
906 2821 1026 2869 veneno
1050 2803 1178 2884 repulso
1202 2802 1345 2869 invidiae

149 2905 289 2971 membra
318 2905 462 2988 corporis
491 2922 563 2970 sese
592 2905 733 2985 diligant,
762 2904 872 2969 itidem
901 2904 961 2969 sibi
984 2904 1163 2986 exoptando
1186 2904 1344 2983 mriccrn3

149 3007 195 3070 sic
231 3006 313 3071 enim
350 3005 520 3087 diligerent
556 3024 646 3069 suum
679 3003 786 3070 debite
819 3004 1016 3070 salvatorem.
1064 3004 1105 3070 Et
1138 3011 1228 3071 tanto
1264 3006 1345 3071 haec

149 3106 255 3172 divina
284 3113 316 3171 et
346 3105 499 3171 naturalis
529 3104 579 3169 lex
608 3103 703 3169 debet
730 3104 873 3170 homines
902 3104 1039 3184 officere,
1070 3106 1109 3171 de
1138 3125 1201 3187 qua
1222 3114 1345 3173 norunt

151 3207 229 3271 alios
252 3204 385 3271 rationis
408 3205 596 3271 excellentia
617 3204 829 3270 abundantius
852 3206 1050 3286 praevolare.

246 3307 329 3373 Ecce
351 3307 499 3373 doctores
532 3313 564 3370 et
597 3305 738 3385 magistri
773 3306 1013 3386 sapientissimil
1057 3305 1174 3371 vestris
1208 3306 1339 3387 quidem

148 3409 354 3490 anteponitur
385 3406 494 3486 oculis,
523 3406 626 3471 animo
657 3405 828 3487 percipite:
858 3411 990 3486 propter
1018 3404 1102 3487 quid,
1135 3406 1275 3487 qualiter
1307 3415 1340 3474 et

150 3509 225 3590 quid
254 3527 324 3573 cum
354 3507 530 3574 honorabili
559 3507 628 3570 viro
648 3505 688 3570 ll.
722 3505 916 3587 Hieronymo
950 3506 988 3570 de
1013 3508 1113 3587 l'raga
1144 3509 1251 3590 agitis,
1281 3510 1341 3592 ipsi

150 3608 391 3690 diligentissime
425 3608 589 3674 trutinate.
632 3606 790 3687 Numquid
829 3607 912 3688 apud
946 3624 1000 3671 vos
1034 3607 1191 3673 haeresim
1224 3607 1341 3689 docuit,

149 3710 203 3791 qui
225 3709 300 3775 salis
322 3708 460 3773 nondum
481 3725 668 3787 mensuram,
693 3707 750 3772 sed
771 3707 905 3773 necdum
928 3707 1074 3773 cochlear
1090 3719 1340 3792 consumpserat,

149 3828 279 3892 pausam
305 3810 468 3875 dumtaxat
498 3809 625 3873 brevem
655 3809 784 3887 taciens
806 3829 826 3874 a
847 3809 963 3874 vostris
985 3809 1108 3875 insidiis
1130 3816 1181 3876 est
1202 3810 1340 3875 invasus.

149 3910 181 3976 Si
205 3911 347 3976 caritatis
374 3910 520 3975 dominus
550 3911 581 3973 in
611 3910 694 3975 tacto
717 3909 895 3991 hujusmodi
920 3917 1041 3975 vestros
1064 3911 1197 3976 affectus
1221 3910 1339 3993 dirigit,

152 4013 227 4094 qnid
249 4013 385 4076 melius?
429 4012 460 4077 Si
478 4030 551 4077 vero
575 4012 716 4076 rancoris
739 4021 771 4077 et
792 4011 929 4076 invidiae
958 4010 1115 4075 immissor
1137 4029 1193 4077 vos
1217 4012 1341 4077 seducit

150 4114 303 4194 diabolus
334 4113 408 4194 quid
439 4112 585 4193 turpius?
628 4112 699 4176 Non
728 4118 777 4178 est
806 4111 882 4177 dare
906 4111 1070 4177 internos
1092 4111 1339 4178 duosmedimn.

149 4215 215 4296 Ipsi
245 4213 359 4288 videto,
395 4213 445 4277 cni
474 4212 630 4277 exhibetis
660 4213 833 4291 servitium,
866 4212 938 4292 quia
968 4211 1007 4274 ab
1040 4228 1077 4274 eo
1111 4213 1276 4294 recipietis
1308 4219 1341 4277 et

150 4315 331 4395 praemium.

205 4507 349 4515 -----—-—-·

208 4598 234 4661 *)
252 4602 312 4650 Cum
330 4604 363 4651 hl.
385 4602 547 4663 Hieronymus
572 4603 662 4664 Pragae
687 4618 747 4650 anno
770 4603 865 4650 demum
892 4603 952 4649 lto?
977 4603 1001 4650 in
1023 4616 1147 4650 nnmerum
1172 4586 1334 4664 magistrorum
1365 4618 1411 4651 ε

249 4692 357 4746 receptus
376 4687 415 4744 ait,
434 4687 517 4734 literas
535 4689 577 4734 har
595 4702 641 4735 non
658 4696 714 4735 ante
738 4688 798 4734 hune
817 4701 903 4733 nnxmm
922 4688 990 4733 (latae
1007 4700 1058 4733 osso
1075 4687 1218 4734 censendum
1236 4692 1281 4736 ut
