2992 5258
152 410 214 471 300
352 404 426 458 Petri
444 403 478 458 de
496 402 675 458 hiladeuonic
691 402 790 457 relatio
807 402 842 457 de
859 403 897 457 bl.
914 403 940 459 J.
958 403 1135 472 Husloauaa:

152 606 315 685 dogmata,
350 606 467 685 etjam
489 605 537 668 ris
560 606 655 670 etiam
683 604 824 685 dejicere
853 611 970 670 statum
1002 606 1126 686 regium
1154 613 1189 671 et
1210 622 1288 687 rege

152 713 238 770 statu
271 724 337 770 suo.
381 705 429 767 Et
450 702 566 767 Pulcer
597 725 738 786 carpeno,
770 707 876 786 corrpit
908 707 1048 785 allegare
1083 706 1238 786 quaedam
1268 707 1290 788 ja

151 807 261 869 volens
283 805 429 887 probare,
452 805 537 884 quod
559 806 654 869 etiam
676 806 751 869 Saul
772 805 833 870 fnit
854 824 920 881 ren,
943 804 1020 870 licet
1042 805 1188 871 dominus
1212 806 1275 871 sibi

152 907 296 983 dixisset,
334 911 367 969 et
402 906 541 986 qualiter
573 905 675 969 David
708 922 772 970 non
806 906 951 987 permisit
984 906 1042 970 sed
1078 907 1244 988 prohibuit
1277 926 1290 972 e

152 1005 306 1083 occidere,
335 1024 400 1069 non
422 1012 554 1087 propter
575 1007 777 1071 sanctitatem
800 1007 894 1083 vitae,
918 1025 1010 1086 qnam
1033 1025 1096 1072 non
1118 1007 1269 1083 habehat,

151 1112 285 1188 propter
306 1107 507 1170 sanctitatem
530 1107 700 1172 unctionis.
727 1107 769 1170 Et
790 1107 934 1184 ulterius,
958 1112 1033 1187 quia
1070 1108 1224 1187 magister
1256 1124 1290 1171 aa

150 1211 217 1269 tum
241 1204 431 1287 Cyprianum
453 1204 594 1281 adduxit,
618 1207 670 1287 qui
693 1206 783 1271 dicit:
805 1206 939 1272 Frustra
961 1206 1210 1272 Christianitatis
1232 1223 1290 1271 uon

151 1306 295 1384 sortitur,
319 1307 372 1385 qui
396 1305 556 1370 Christum
578 1307 706 1369 minime
729 1307 761 1369 in
783 1308 923 1370 moribus
945 1308 1097 1384 imitatur,
1119 1304 1235 1368 Palaca
1249 1306 1290 1368 da

151 1404 245 1484 Ecce,
268 1414 387 1485 quanta
409 1405 553 1469 fatuitas!
576 1405 619 1470 Et
641 1405 716 1486 quid
738 1406 849 1470 estad
872 1407 1070 1487 propositum
1092 1406 1243 1485 allegare,
1266 1424 1290 1485 q⁴

150 1506 178 1569 si
201 1505 282 1569 aliua
302 1514 429 1570 nonest
443 1523 539 1569 uerus
555 1506 764 1586 Christianus,
787 1507 873 1587 quod
895 1525 971 1587 ergo
994 1525 1058 1570 non
1081 1507 1123 1570 sit
1138 1524 1235 1570 verus
1257 1524 1290 1587 pr

151 1607 320 1687 episcopus
344 1605 394 1669 vel
416 1625 481 1682 rex,
503 1625 574 1670 cum
596 1607 698 1671 sciant
719 1605 821 1685 docti,
855 1606 941 1686 quod
961 1626 1053 1688 papa,
1086 1607 1266 1687 episcopus,

152 1706 364 1770 suntnomina
377 1704 481 1784 officii,
506 1706 705 1771 Christianus
721 1725 797 1770 voro
814 1714 864 1770 est
875 1723 989 1771 nornen
1012 1706 1134 1785 urenti3
1157 1707 1254 1771 etsie
1275 1722 1290 1771 s

151 1805 236 1887 quod
257 1805 371 1886 aliquis
393 1807 436 1870 sit
449 1824 544 1870 acrias
567 1826 660 1888 papa,
683 1825 739 1870 rex
755 1807 805 1870 vel
827 1807 1006 1888 episcopus
1028 1807 1104 1871 lieet
1118 1824 1182 1871 non
1197 1807 1241 1871 sit
1254 1822 1290 1872 ve

151 1905 359 1971 Christianus,
382 1907 431 1968 Er
445 1907 492 1967 M.
507 1908 649 1968 Ioannes
665 1916 740 1986 poat
757 1927 862 1987 purccu
885 1906 984 1968 dierat:
1005 1907 1072 1971 Ino
1094 1908 1200 1988 patuit
1220 1906 1284 1971 hoc

151 2007 275 2070 Joanne
291 2024 374 2087 papa
389 2006 512 2084 h'h'lll,
536 2009 589 2087 qui
611 2026 695 2072 nunc
710 2008 879 2071 Balthazar
900 2006 988 2071 Cora
1009 2006 1125 2071 dicitur
1139 2007 1219 2071 alias
1240 2004 1290 2071 Cor

147 2106 400 2188 jamdepositns,
423 2107 476 2186 qui
499 2106 526 2169 si
548 2124 737 2188 veruspapa
758 2107 879 2186 luisset,
892 2125 1078 2187 quaroergo
1099 2105 1290 2187 depositus<

151 2208 199 2269 Et
220 2226 274 2268 rac
288 2206 513 2286 Sipiameuadua
535 2208 630 2270 dicit:
653 2206 719 2272 lmo
742 2225 844 2288 nuper
866 2206 986 2270 dornini
1007 2207 1047 2271 de
1069 2205 1203 2271 concilio
1225 2224 1290 2271 mar

152 2314 228 2371 runt
249 2307 282 2371 in
305 2307 384 2386 isto,
417 2307 502 2388 quod
523 2307 592 2388 ipse
615 2306 783 2371 Balthasar
804 2307 865 2372 luit
885 2324 981 2370 verus
1002 2325 1100 2388 papa,
1133 2305 1191 2370 sed
1213 2322 1290 2387 prop

149 2405 304 2472 maleficia
325 2426 383 2470 sua
404 2407 537 2486 notoria,
561 2407 675 2487 quihus
697 2408 864 2471 ecclesiam
887 2407 938 2471 dei
960 2406 1186 2470 scandalisavit
1209 2405 1286 2470 eth

150 2507 304 2572 ecclesiae
327 2506 520 2589 dilapidavit,
542 2507 612 2588 ipse
636 2514 686 2572 est
708 2507 872 2588 depositus
895 2506 935 2571 de
958 2513 1085 2589 papatu.

251 2710 280 2769 2.
304 2704 424 2767 Gratia
443 2706 742 2785 praedestinationis·
756 2713 802 2767 cat
820 2706 988 2781 diluculum,
1011 2727 1068 2786 parc)
1083 2724 1195 2780 corpus
1210 2704 1290 2767 cecla

150 2812 180 2866 et
202 2805 355 2885 quodlibet
376 2805 443 2887 cjua
465 2809 637 2868 nemmem
650 2808 802 2889 jac-apilio·
817 2808 879 2887 ‘ipsc'
899 2807 995 2886 cupiti
1019 2805 1230 2867 illaudabiliter·
1259 2803 1290 2889 (c

151 2905 197 2984 2⁰,
218 2904 292 2970 folio
316 2912 375 2980 2⁰).

248 3006 314 3064 Slot
334 3008 367 3065 a'u
388 3012 466 3066 tectu
487 3009 538 3075 sic,
560 3008 637 3066 siccat
653 3008 786 3078 portitor.
821 3008 859 3065 Et
881 3008 1023 3078 probatur
1045 3024 1099 3078 per
1120 3006 1288 3078 apostolum

150 3108 233 3168 Rom,
257 3111 288 3165 8:
311 3108 382 3180 Quis
403 3126 458 3166 nos
481 3109 631 3178 separabit
651 3125 669 3164 a
690 3109 813 3165 caritate
830 3106 946 3176 Christi,
968 3108 1127 3176 tribulatio,
1150 3125 1188 3165 an
1201 3124 1290 3179 aragus

146 3224 187 3281 an
202 3208 393 3280 persecutio?
416 3208 456 3265 Et
477 3208 555 3266 inlra
577 3224 630 3279 pro
646 3209 874 3278 praedestinat-is
897 3207 1053 3280 concludit,
1077 3208 1194 3265 diceus:
1238 3207 1290 3265 Cer

151 3325 229 3377 sum,
252 3308 318 3380 qnia
340 3324 426 3376 mors,
448 3324 543 3379 neque
566 3309 638 3377 vita,
660 3325 758 3379 neque
779 3308 891 3380 angeli,
915 3325 1008 3380 noque
1032 3307 1231 3378 principatus,
1252 3324 1290 3366 ne

149 3409 288 3480 virtutes,
315 3424 409 3479 neque
432 3408 586 3477 instantia,
613 3425 707 3480 neque
729 3408 839 3476 lutura,
869 3424 964 3479 neque
988 3407 1126 3474 lornrido,
1156 3422 1253 3479 neque
1275 3424 1290 3479 ι

150 3506 283 3577 fundum,
315 3525 409 3581 neque
443 3515 578 3567 creatura
608 3510 667 3566 alia
699 3510 809 3581 poterit
841 3525 895 3567 nos
929 3524 1067 3580 separare
1090 3507 1255 3567 ecaritate

151 3614 294 3679 quaeest
319 3609 349 3666 in
372 3609 489 3666 Christo
516 3610 588 3668 Jesu
619 3610 735 3666 domino
766 3615 877 3666 nostro.
921 3609 978 3667 Ubi
1012 3625 1071 3665 nou
1104 3607 1243 3681 dubium,
1277 3624 1290 3679 o

152 3708 316 3765 membrum
344 3709 488 3767 ecclesiae
511 3710 664 3781 apostolus
693 3709 821 3781 loquitur
843 3725 896 3780 pro
919 3709 1052 3767 orrrni'ous
1084 3706 1225 3765 membris
1252 3708 1290 3779 ipa

151 3806 306 3875 ecclesiae,
340 3824 413 3880 quae
445 3815 512 3867 sant
533 3811 656 3868 caritate
679 3809 740 3878 dei,
772 3825 846 3880 quae
869 3816 914 3867 est
935 3806 1218 3879 praedestinationis
1239 3823 1290 3878 gra

151 3923 215 3965 cnm
236 3906 353 3966 Christo
376 3910 471 3980 capito
495 3909 648 3981 colligata3
670 3909 727 3966 imo
749 3910 843 3979 ipsum
867 3915 953 3979 capnt
976 3909 1046 3967 dicit
1068 3908 1155 3967 Joao.
1180 3908 1224 3965 X:
1268 3904 1290 3965 C

149 4023 231 4064 nicae
253 4025 353 4065 roceru
375 4025 468 4065 nicam
490 4009 623 4078 audiunt,
656 4016 687 4067 et
709 4024 763 4079 ego
786 4026 931 4079 crrguosco
956 4024 1020 4075 eas,
1055 4015 1085 4065 et
1106 4013 1290 4077 sequuntur:

150 4113 182 4165 et
203 4125 258 4179 ego
281 4110 368 4166 vitam
390 4116 540 4167 aeternam
563 4110 599 4168 do
623 4110 681 4178 cis,
705 4116 735 4167 et
755 4126 813 4166 non
836 4110 974 4179 parilnrut
995 4109 1024 4164 iu
1046 4114 1214 4173 aeternum,
1235 4110 1268 4165 et
1286 4123 1290 4162 1

149 4210 247 4279 rapiet
268 4226 319 4266 aas
342 4208 493 4281 quisquam
516 4209 661 4267 demand
683 4226 756 4266 mea.
794 4210 960 4280 (laprioscat
982 4224 1051 4279 ergo
1075 4206 1161 4264 fictor
1178 4209 1290 4278 junctu

149 4309 283 4379 corporis
306 4309 450 4367 ecclesiae
473 4314 503 4366 et
532 4308 640 4368 Christi
663 4310 767 4380 capitis
797 4326 855 4366 non
879 4325 944 4367 esse
968 4307 1161 4380 corporalem,
1183 4307 1237 4366 sed
1257 4320 1290 4377 sp

151 4410 257 4468 tualom
280 4426 315 4471 ac.
336 4411 366 4467 in
389 4409 474 4468 libro.

250 4507 423 4587 erojinito
438 4507 589 4586 mapiater
604 4507 702 4569 clarit:
719 4507 768 4570 lta
784 4505 947 4569 limitando
961 4505 1179 4584 acceptionem
1190 4502 1290 4569 eccles

150 4625 209 4689 pro
231 4609 456 4673 convocatione
480 4606 789 4688 praedestinatorum
812 4624 870 4670 scu
892 4606 1112 4684 caninoruitate,
1135 4612 1171 4671 ut
1186 4601 1290 4685 inprir
