<?xml version="1.0" encoding="UTF-8"?>
<!DOCTYPE html PUBLIC "-//W3C//DTD XHTML 1.0 Transitional//EN"
    "http://www.w3.org/TR/xhtml1/DTD/xhtml1-transitional.dtd">
<html xmlns="http://www.w3.org/1999/xhtml" xml:lang="en" lang="en">
 <head>
  <title>
</title>
<meta http-equiv="Content-Type" content="text/html;charset=utf-8" />
  <meta name='ocr-system' content='tesseract 3.04.00' />
  <meta name='ocr-capabilities' content='ocr_page ocr_carea ocr_par ocr_line ocrx_word'/>
</head>
<body>
  <div class='ocr_page' id='page_1' title='image "./documentamagjoa00palagoog_0758.png"; bbox 0 0 2992 5258; ppageno 0'>
   <div class='ocr_carea' id='block_1_1' title="bbox 666 399 947 454">
    <p class='ocr_par' dir='ltr' id='par_1_1' title="bbox 666 399 947 454">
     <span class='ocr_line' id='line_1_1' title="bbox 666 399 947 454; baseline -0.007 0"><span class='ocrx_word' id='word_1_1' title='bbox 666 399 884 454; x_wconf 79' lang='lat' dir='ltr'>Additsmcutum</span> <span class='ocrx_word' id='word_1_2' title='bbox 902 400 947 453; x_wconf 90' lang='lat' dir='ltr'>lV.</span> 
     </span>
    </p>
   </div>
   <div class='ocr_carea' id='block_1_2' title="bbox 787 602 839 669">
    <p class='ocr_par' dir='ltr' id='par_1_2' title="bbox 787 602 839 669">
     <span class='ocr_line' id='line_1_2' title="bbox 787 602 839 669; baseline 0.019 -1"><span class='ocrx_word' id='word_1_3' title='bbox 787 602 839 669; x_wconf 84' lang='lat' dir='ltr'>iv.</span> 
     </span>
    </p>
   </div>
   <div class='ocr_carea' id='block_1_3' title="bbox 216 782 1410 1032">
    <p class='ocr_par' dir='ltr' id='par_1_3' title="bbox 216 782 1410 1032">
     <span class='ocr_line' id='line_1_3' title="bbox 216 782 1410 900; baseline -0.002 -32"><span class='ocrx_word' id='word_1_4' title='bbox 216 783 357 869; x_wconf 89' lang='lat' dir='ltr'>Notae</span> <span class='ocrx_word' id='word_1_5' title='bbox 380 786 592 896; x_wconf 83' lang='lat' dir='ltr'>quaedam</span> <span class='ocrx_word' id='word_1_6' title='bbox 614 789 957 900; x_wconf 79' lang='lat' dir='ltr'>chronologicae,</span> <span class='ocrx_word' id='word_1_7' title='bbox 980 786 1235 896; x_wconf 90' lang='lat' dir='ltr'>plerumque</span> <span class='ocrx_word' id='word_1_8' title='bbox 1258 782 1410 868; x_wconf 90' lang='lat' dir='ltr'>ecodi-</span> 
     </span>
     <span class='ocr_line' id='line_1_4' title="bbox 456 921 1175 1032; baseline -0.001 -29"><span class='ocrx_word' id='word_1_9' title='bbox 456 921 575 1005; x_wconf 92' lang='lat' dir='ltr'>cibus</span> <span class='ocrx_word' id='word_1_10' title='bbox 605 925 907 1032; x_wconf 81' lang='lat' dir='ltr'>manuscriptis</span> <span class='ocrx_word' id='word_1_11' title='bbox 934 931 1175 1030; x_wconf 81' lang='lat' dir='ltr'>excerptae.</span> 
     </span>
    </p>
   </div>
   <div class='ocr_carea' id='block_1_4' title="bbox 768 1176 857 1237">
    <p class='ocr_par' dir='ltr' id='par_1_4' title="bbox 768 1176 857 1237">
     <span class='ocr_line' id='line_1_5' title="bbox 768 1176 857 1237; baseline -0.045 -1"><span class='ocrx_word' id='word_1_12' title='bbox 768 1176 857 1237; x_wconf 79' lang='lat'>1403.</span> 
     </span>
    </p>
   </div>
   <div class='ocr_carea' id='block_1_5' title="bbox 217 1354 1411 2241">
    <p class='ocr_par' dir='ltr' id='par_1_5' title="bbox 217 1354 1407 1633">
     <span class='ocr_line' id='line_1_6' title="bbox 316 1354 1406 1431; baseline -0.001 -18"><span class='ocrx_word' id='word_1_13' title='bbox 316 1357 400 1414; x_wconf 87' lang='lat' dir='ltr'>Anno</span> <span class='ocrx_word' id='word_1_14' title='bbox 416 1355 524 1415; x_wconf 90' lang='lat' dir='ltr'>domini</span> <span class='ocrx_word' id='word_1_15' title='bbox 536 1356 710 1418; x_wconf 84' lang='lat' dir='ltr'>MOCGCIII</span> <span class='ocrx_word' id='word_1_16' title='bbox 725 1359 836 1431; x_wconf 81' lang='lat' dir='ltr'>incepit</span> <span class='ocrx_word' id='word_1_17' title='bbox 856 1356 994 1418; x_wconf 89' lang='lat' dir='ltr'>notabilis</span> <span class='ocrx_word' id='word_1_18' title='bbox 1017 1355 1163 1416; x_wconf 86' lang='lat' dir='ltr'>dissensio</span> <span class='ocrx_word' id='word_1_19' title='bbox 1184 1355 1216 1413; x_wconf 91' lang='lat' dir='ltr'>in</span> <span class='ocrx_word' id='word_1_20' title='bbox 1239 1354 1321 1414; x_wconf 89' lang='lat' dir='ltr'>clero</span> <span class='ocrx_word' id='word_1_21' title='bbox 1342 1369 1406 1426; x_wconf 77' lang='lat' dir='ltr'>reg·</span> 
     </span>
     <span class='ocr_line' id='line_1_7' title="bbox 217 1452 1406 1530; baseline 0 -18"><span class='ocrx_word' id='word_1_22' title='bbox 217 1455 246 1513; x_wconf 92' lang='lat' dir='ltr'>ui</span> <span class='ocrx_word' id='word_1_23' title='bbox 269 1455 434 1524; x_wconf 88' lang='lat' dir='ltr'>Bohemiae‚</span> <span class='ocrx_word' id='word_1_24' title='bbox 463 1459 621 1529; x_wconf 74' lang='lat' dir='ltr'>magistris</span> <span class='ocrx_word' id='word_1_25' title='bbox 650 1459 852 1519; x_wconf 85' lang='lat' dir='ltr'>sacerdotibus</span> <span class='ocrx_word' id='word_1_26' title='bbox 892 1464 921 1517; x_wconf 92' lang='lat' dir='ltr'>et</span> <span class='ocrx_word' id='word_1_27' title='bbox 942 1457 1091 1530; x_wconf 88' lang='lat' dir='ltr'>praelatis,</span> <span class='ocrx_word' id='word_1_28' title='bbox 1123 1461 1245 1527; x_wconf 85' lang='lat' dir='ltr'>propter</span> <span class='ocrx_word' id='word_1_29' title='bbox 1267 1452 1406 1527; x_wconf 85' lang='lat' dir='ltr'>quosdam</span> 
     </span>
     <span class='ocr_line' id='line_1_8' title="bbox 217 1555 1407 1633; baseline -0.001 -22"><span class='ocrx_word' id='word_1_30' title='bbox 217 1555 355 1614; x_wconf 81' lang='lat' dir='ltr'>articulos</span> <span class='ocrx_word' id='word_1_31' title='bbox 378 1571 414 1614; x_wconf 82' lang='lat' dir='ltr'>cx</span> <span class='ocrx_word' id='word_1_32' title='bbox 429 1555 551 1615; x_wconf 88' lang='lat' dir='ltr'>Joannis</span> <span class='ocrx_word' id='word_1_33' title='bbox 567 1557 676 1617; x_wconf 83' lang='lat' dir='ltr'>Wicles</span> <span class='ocrx_word' id='word_1_34' title='bbox 688 1559 817 1618; x_wconf 91' lang='lat' dir='ltr'>doctoris</span> <span class='ocrx_word' id='word_1_35' title='bbox 832 1558 949 1633; x_wconf 79' lang='lat' dir='ltr'>Anglici</span> <span class='ocrx_word' id='word_1_36' title='bbox 963 1557 1047 1617; x_wconf 91' lang='lat' dir='ltr'>libris</span> <span class='ocrx_word' id='word_1_37' title='bbox 1069 1572 1128 1614; x_wconf 90' lang='lat' dir='ltr'>non</span> <span class='ocrx_word' id='word_1_38' title='bbox 1150 1555 1228 1615; x_wconf 89' lang='lat' dir='ltr'>benc</span> <span class='ocrx_word' id='word_1_39' title='bbox 1250 1559 1407 1612; x_wconf 83' lang='lat' dir='ltr'>extractos.</span> 
     </span>
    </p>

    <p class='ocr_par' dir='ltr' id='par_1_6' title="bbox 218 1651 1411 2241">
     <span class='ocr_line' id='line_1_9' title="bbox 313 1651 1408 1739; baseline -0.003 -26"><span class='ocrx_word' id='word_1_40' title='bbox 313 1655 348 1714; x_wconf 92' lang='lat' dir='ltr'>It.</span> <span class='ocrx_word' id='word_1_41' title='bbox 370 1655 474 1714; x_wconf 89' lang='lat' dir='ltr'>eodem</span> <span class='ocrx_word' id='word_1_42' title='bbox 496 1673 583 1728; x_wconf 89' lang='lat' dir='ltr'>anno,</span> <span class='ocrx_word' id='word_1_43' title='bbox 605 1660 652 1717; x_wconf 90' lang='lat' dir='ltr'>die</span> <span class='ocrx_word' id='word_1_44' title='bbox 676 1657 742 1739; x_wconf 85' lang='grc'>(28)</span> <span class='ocrx_word' id='word_1_45' title='bbox 765 1659 872 1718; x_wconf 90' lang='lat' dir='ltr'>mensis</span> <span class='ocrx_word' id='word_1_46' title='bbox 894 1659 978 1732; x_wconf 71' lang='lat' dir='ltr'>Maii,</span> <span class='ocrx_word' id='word_1_47' title='bbox 998 1657 1071 1715; x_wconf 89' lang='lat' dir='ltr'>hora</span> <span class='ocrx_word' id='word_1_48' title='bbox 1091 1670 1291 1727; x_wconf 76' lang='lat' dir='ltr'>vesperarum,</span> <span class='ocrx_word' id='word_1_49' title='bbox 1307 1653 1338 1712; x_wconf 91' lang='lat' dir='ltr'>in</span> <span class='ocrx_word' id='word_1_50' title='bbox 1353 1651 1408 1712; x_wconf 89' lang='lat' dir='ltr'>col·</span> 
     </span>
     <span class='ocr_line' id='line_1_10' title="bbox 220 1751 1409 1831; baseline -0.001 -18"><span class='ocrx_word' id='word_1_51' title='bbox 220 1756 296 1829; x_wconf 81' lang='lat' dir='ltr'>legio</span> <span class='ocrx_word' id='word_1_52' title='bbox 319 1755 461 1814; x_wconf 85' lang='lat' dir='ltr'>Karolino</span> <span class='ocrx_word' id='word_1_53' title='bbox 484 1761 664 1828; x_wconf 89' lang='lat' dir='ltr'>praesentati</span> <span class='ocrx_word' id='word_1_54' title='bbox 687 1767 754 1818; x_wconf 88' lang='lat' dir='ltr'>sunt</span> <span class='ocrx_word' id='word_1_55' title='bbox 776 1759 918 1831; x_wconf 88' lang='lat' dir='ltr'>praetacti</span> <span class='ocrx_word' id='word_1_56' title='bbox 940 1757 1055 1816; x_wconf 79' lang='lat' dir='ltr'>articuli</span> <span class='ocrx_word' id='word_1_57' title='bbox 1077 1755 1202 1816; x_wconf 74' lang='lat' dir='ltr'>temnis</span> <span class='ocrx_word' id='word_1_58' title='bbox 1217 1751 1330 1815; x_wconf 84' lang='lat' dir='ltr'>Wiclei</span> <span class='ocrx_word' id='word_1_59' title='bbox 1349 1768 1409 1812; x_wconf 86' lang='lat' dir='ltr'>ree·</span> 
     </span>
     <span class='ocr_line' id='line_1_11' title="bbox 218 1851 1410 1933; baseline -0.002 -19"><span class='ocrx_word' id='word_1_60' title='bbox 218 1856 276 1914; x_wconf 90' lang='lat' dir='ltr'>tori</span> <span class='ocrx_word' id='word_1_61' title='bbox 298 1862 421 1929; x_wconf 89' lang='lat' dir='ltr'>protunc</span> <span class='ocrx_word' id='word_1_62' title='bbox 444 1858 641 1917; x_wconf 86' lang='lat' dir='ltr'>universitatis</span> <span class='ocrx_word' id='word_1_63' title='bbox 663 1859 830 1933; x_wconf 81' lang='lat' dir='ltr'>Pragensis,</span> <span class='ocrx_word' id='word_1_64' title='bbox 862 1867 892 1918; x_wconf 90' lang='lat' dir='ltr'>et</span> <span class='ocrx_word' id='word_1_65' title='bbox 913 1858 1077 1918; x_wconf 87' lang='lat' dir='ltr'>mandatum</span> <span class='ocrx_word' id='word_1_66' title='bbox 1101 1862 1148 1916; x_wconf 90' lang='lat' dir='ltr'>est</span> <span class='ocrx_word' id='word_1_67' title='bbox 1170 1872 1206 1915; x_wconf 88' lang='lat' dir='ltr'>ex</span> <span class='ocrx_word' id='word_1_68' title='bbox 1228 1858 1312 1928; x_wconf 89' lang='lat' dir='ltr'>parte</span> <span class='ocrx_word' id='word_1_69' title='bbox 1335 1851 1410 1926; x_wconf 83' lang='lat' dir='ltr'>cspi·</span> 
     </span>
     <span class='ocr_line' id='line_1_12' title="bbox 219 1953 1411 2031; baseline -0.004 -16"><span class='ocrx_word' id='word_1_70' title='bbox 219 1956 280 2027; x_wconf 82' lang='lat' dir='ltr'>tuli,</span> <span class='ocrx_word' id='word_1_71' title='bbox 302 1957 547 2030; x_wconf 87' lang='lat' dir='ltr'>archiepiscopali</span> <span class='ocrx_word' id='word_1_72' title='bbox 560 1959 630 2018; x_wconf 90' lang='lat' dir='ltr'>sede</span> <span class='ocrx_word' id='word_1_73' title='bbox 646 1975 699 2031; x_wconf 91' lang='lat' dir='ltr'>pro</span> <span class='ocrx_word' id='word_1_74' title='bbox 714 1967 783 2020; x_wconf 91' lang='lat' dir='ltr'>tunc</span> <span class='ocrx_word' id='word_1_75' title='bbox 804 1966 936 2029; x_wconf 88' lang='lat' dir='ltr'>vacante,</span> <span class='ocrx_word' id='word_1_76' title='bbox 961 1965 993 2018; x_wconf 92' lang='lat' dir='ltr'>ut</span> <span class='ocrx_word' id='word_1_77' title='bbox 1014 1964 1113 2017; x_wconf 89' lang='lat' dir='ltr'>rector</span> <span class='ocrx_word' id='word_1_78' title='bbox 1128 1954 1310 2030; x_wconf 75' lang='lat' dir='ltr'>prohiberet</span> <span class='ocrx_word' id='word_1_79' title='bbox 1341 1953 1411 2011; x_wconf 89' lang='lat' dir='ltr'>sicut</span> 
     </span>
     <span class='ocr_line' id='line_1_13' title="bbox 220 2056 1407 2132; baseline -0.002 -18"><span class='ocrx_word' id='word_1_80' title='bbox 220 2062 249 2115; x_wconf 92' lang='lat' dir='ltr'>et</span> <span class='ocrx_word' id='word_1_81' title='bbox 271 2056 428 2128; x_wconf 87' lang='lat' dir='ltr'>prohibuit,</span> <span class='ocrx_word' id='word_1_82' title='bbox 450 2074 486 2117; x_wconf 91' lang='lat' dir='ltr'>ue</span> <span class='ocrx_word' id='word_1_83' title='bbox 510 2060 641 2132; x_wconf 81' lang='lat' dir='ltr'>magistri</span> <span class='ocrx_word' id='word_1_84' title='bbox 664 2066 694 2119; x_wconf 89' lang='lat' dir='ltr'>et</span> <span class='ocrx_word' id='word_1_85' title='bbox 716 2060 866 2120; x_wconf 85' lang='lat' dir='ltr'>scholares</span> <span class='ocrx_word' id='word_1_86' title='bbox 889 2067 1026 2120; x_wconf 83' lang='lat' dir='ltr'>tenerent</span> <span class='ocrx_word' id='word_1_87' title='bbox 1046 2064 1096 2118; x_wconf 86' lang='lat' dir='ltr'>aut</span> <span class='ocrx_word' id='word_1_88' title='bbox 1118 2058 1304 2130; x_wconf 86' lang='lat' dir='ltr'>disputarent</span> <span class='ocrx_word' id='word_1_89' title='bbox 1324 2068 1407 2127; x_wconf 87' lang='lat' dir='ltr'>prae·</span> 
     </span>
     <span class='ocr_line' id='line_1_14' title="bbox 219 2148 1410 2241; baseline 0.001 -27"><span class='ocrx_word' id='word_1_90' title='bbox 219 2155 295 2216; x_wconf 82' lang='lat' dir='ltr'>ictos</span> <span class='ocrx_word' id='word_1_91' title='bbox 311 2157 449 2218; x_wconf 86' lang='lat' dir='ltr'>articulos</span> <span class='ocrx_word' id='word_1_92' title='bbox 467 2159 519 2217; x_wconf 93' lang='lat' dir='ltr'>sub</span> <span class='ocrx_word' id='word_1_93' title='bbox 542 2176 638 2234; x_wconf 87' lang='lat' dir='ltr'>poena</span> <span class='ocrx_word' id='word_1_94' title='bbox 652 2161 787 2232; x_wconf 87' lang='lat' dir='ltr'>praestiti</span> <span class='ocrx_word' id='word_1_95' title='bbox 805 2161 973 2234; x_wconf 77' lang='lat' dir='ltr'>iuramenti.</span> <span class='ocrx_word' id='word_1_96' title='bbox 995 2148 1410 2241; x_wconf 60' lang='lat' dir='ltr'>(coronamentum.)</span> 
     </span>
    </p>
   </div>
   <div class='ocr_carea' id='block_1_6' title="bbox 776 2379 864 2442">
    <p class='ocr_par' dir='ltr' id='par_1_7' title="bbox 776 2379 864 2442">
     <span class='ocr_line' id='line_1_15' title="bbox 776 2379 864 2442; baseline -0.023 -1"><span class='ocrx_word' id='word_1_97' title='bbox 776 2379 864 2442; x_wconf 83' lang='lat'>1405.</span> 
     </span>
    </p>
   </div>
   <div class='ocr_carea' id='block_1_7' title="bbox 221 2554 1413 2944">
    <p class='ocr_par' dir='ltr' id='par_1_8' title="bbox 221 2554 1413 2944">
     <span class='ocr_line' id='line_1_16' title="bbox 319 2554 1413 2634; baseline 0 -16"><span class='ocrx_word' id='word_1_98' title='bbox 319 2562 403 2619; x_wconf 83' lang='lat' dir='ltr'>Anno</span> <span class='ocrx_word' id='word_1_99' title='bbox 426 2560 501 2619; x_wconf 90' lang='lat' dir='ltr'>dom.</span> <span class='ocrx_word' id='word_1_100' title='bbox 521 2561 678 2622; x_wconf 83' lang='lat' dir='ltr'>Mccccv</span> <span class='ocrx_word' id='word_1_101' title='bbox 693 2564 883 2623; x_wconf 85' lang='lat' dir='ltr'>Innocentius</span> <span class='ocrx_word' id='word_1_102' title='bbox 906 2578 982 2634; x_wconf 84' lang='lat' dir='ltr'>papa</span> <span class='ocrx_word' id='word_1_103' title='bbox 1005 2561 1059 2620; x_wconf 90' lang='lat' dir='ltr'>VII</span> <span class='ocrx_word' id='word_1_104' title='bbox 1080 2558 1230 2630; x_wconf 79' lang='lat' dir='ltr'>instigavit</span> <span class='ocrx_word' id='word_1_105' title='bbox 1252 2561 1283 2615; x_wconf 85' lang='lat' dir='ltr'>et</span> <span class='ocrx_word' id='word_1_106' title='bbox 1304 2554 1413 2612; x_wconf 78' lang='lat' dir='ltr'>monuit</span> 
     </span>
     <span class='ocr_line' id='line_1_17' title="bbox 221 2652 1408 2736; baseline -0.006 -19"><span class='ocrx_word' id='word_1_107' title='bbox 221 2659 408 2734; x_wconf 84' lang='lat' dir='ltr'>Zbynkoncm</span> <span class='ocrx_word' id='word_1_108' title='bbox 430 2662 682 2735; x_wconf 87' lang='lat' dir='ltr'>archiepiscopum</span> <span class='ocrx_word' id='word_1_109' title='bbox 703 2663 890 2736; x_wconf 76' lang='lat' dir='ltr'>Pragensern</span> <span class='ocrx_word' id='word_1_110' title='bbox 912 2668 944 2721; x_wconf 90' lang='lat' dir='ltr'>ut</span> <span class='ocrx_word' id='word_1_111' title='bbox 959 2663 997 2721; x_wconf 94' lang='lat' dir='ltr'>sit</span> <span class='ocrx_word' id='word_1_112' title='bbox 1018 2661 1143 2734; x_wconf 79' lang='lat' dir='ltr'>diligens</span> <span class='ocrx_word' id='word_1_113' title='bbox 1159 2664 1190 2717; x_wconf 89' lang='lat' dir='ltr'>et</span> <span class='ocrx_word' id='word_1_114' title='bbox 1216 2656 1359 2715; x_wconf 90' lang='lat' dir='ltr'>sollicitus</span> <span class='ocrx_word' id='word_1_115' title='bbox 1375 2652 1408 2711; x_wconf 87' lang='lat' dir='ltr'>ad</span> 
     </span>
     <span class='ocr_line' id='line_1_18' title="bbox 222 2751 1411 2834; baseline -0.003 -17"><span class='ocrx_word' id='word_1_116' title='bbox 222 2775 338 2819; x_wconf 88' lang='lat' dir='ltr'>errores</span> <span class='ocrx_word' id='word_1_117' title='bbox 360 2760 470 2820; x_wconf 86' lang='lat' dir='ltr'>Wiclei</span> <span class='ocrx_word' id='word_1_118' title='bbox 496 2768 526 2820; x_wconf 93' lang='lat' dir='ltr'>et</span> <span class='ocrx_word' id='word_1_119' title='bbox 550 2763 690 2822; x_wconf 90' lang='lat' dir='ltr'>haereses</span> <span class='ocrx_word' id='word_1_120' title='bbox 714 2763 927 2834; x_wconf 87' lang='lat' dir='ltr'>exstirpandas.</span> <span class='ocrx_word' id='word_1_121' title='bbox 963 2762 1045 2821; x_wconf 86' lang='lat' dir='ltr'>Hanc</span> <span class='ocrx_word' id='word_1_122' title='bbox 1072 2758 1263 2818; x_wconf 89' lang='lat' dir='ltr'>monitionem</span> <span class='ocrx_word' id='word_1_123' title='bbox 1293 2751 1411 2828; x_wconf 83' lang='lat' dir='ltr'>praelati</span> 
     </span>
     <span class='ocr_line' id='line_1_19' title="bbox 222 2859 606 2944; baseline 0.01 -27"><span class='ocrx_word' id='word_1_124' title='bbox 222 2868 460 2932; x_wconf 85' lang='lat' dir='ltr'>procuraverunt.</span> <span class='ocrx_word' id='word_1_125' title='bbox 484 2859 606 2944; x_wconf 86' lang='lat' dir='ltr'>(Idem.)</span> 
     </span>
    </p>
   </div>
   <div class='ocr_carea' id='block_1_8' title="bbox 778 3011 866 3076">
    <p class='ocr_par' dir='ltr' id='par_1_9' title="bbox 778 3011 866 3076">
     <span class='ocr_line' id='line_1_20' title="bbox 778 3011 866 3076; baseline -0.057 0"><span class='ocrx_word' id='word_1_126' title='bbox 778 3011 866 3076; x_wconf 87' lang='grc'><strong>1406.</strong></span> 
     </span>
    </p>
   </div>
   <div class='ocr_carea' id='block_1_9' title="bbox 222 3188 1413 3980">
    <p class='ocr_par' dir='ltr' id='par_1_10' title="bbox 223 3188 1412 3661">
     <span class='ocr_line' id='line_1_21' title="bbox 322 3188 1412 3273; baseline -0.007 -17"><span class='ocrx_word' id='word_1_127' title='bbox 322 3199 356 3256; x_wconf 83' lang='grc' dir='ltr'>Α.</span> <span class='ocrx_word' id='word_1_128' title='bbox 383 3197 418 3256; x_wconf 91' lang='grc' dir='ltr'>Ι).</span> <span class='ocrx_word' id='word_1_129' title='bbox 448 3198 620 3259; x_wconf 82' lang='lat' dir='ltr'>MOCCGVI</span> <span class='ocrx_word' id='word_1_130' title='bbox 649 3199 684 3257; x_wconf 91' lang='lat' dir='ltr'>D.</span> <span class='ocrx_word' id='word_1_131' title='bbox 714 3199 835 3273; x_wconf 85' lang='lat' dir='ltr'>Zbynlro</span> <span class='ocrx_word' id='word_1_132' title='bbox 864 3197 1103 3270; x_wconf 86' lang='lat' dir='ltr'>archiepiscopus</span> <span class='ocrx_word' id='word_1_133' title='bbox 1134 3193 1294 3268; x_wconf 76' lang='lat' dir='ltr'>Pragensis</span> <span class='ocrx_word' id='word_1_134' title='bbox 1324 3188 1412 3250; x_wconf 86' lang='lat' dir='ltr'>edidit</span> 
     </span>
     <span class='ocr_line' id='line_1_22' title="bbox 223 3292 1411 3373; baseline -0.008 -16"><span class='ocrx_word' id='word_1_135' title='bbox 223 3305 368 3368; x_wconf 84' lang='lat' dir='ltr'>statutum,</span> <span class='ocrx_word' id='word_1_136' title='bbox 391 3305 421 3358; x_wconf 88' lang='lat' dir='ltr'>et</span> <span class='ocrx_word' id='word_1_137' title='bbox 442 3300 544 3358; x_wconf 87' lang='lat' dir='ltr'>eodem</span> <span class='ocrx_word' id='word_1_138' title='bbox 566 3315 641 3358; x_wconf 91' lang='lat' dir='ltr'>suno</span> <span class='ocrx_word' id='word_1_139' title='bbox 663 3299 694 3358; x_wconf 91' lang='lat' dir='ltr'>in</span> <span class='ocrx_word' id='word_1_140' title='bbox 715 3298 829 3373; x_wconf 88' lang='lat' dir='ltr'>synodo</span> <span class='ocrx_word' id='word_1_141' title='bbox 844 3297 960 3369; x_wconf 89' lang='lat' dir='ltr'>publice</span> <span class='ocrx_word' id='word_1_142' title='bbox 981 3295 1142 3365; x_wconf 76' lang='lat' dir='ltr'>mandarit</span> <span class='ocrx_word' id='word_1_143' title='bbox 1158 3292 1237 3368; x_wconf 88' lang='lat' dir='ltr'>quod</span> <span class='ocrx_word' id='word_1_144' title='bbox 1253 3293 1411 3367; x_wconf 87' lang='lat' dir='ltr'>quicunqne</span> 
     </span>
     <span class='ocr_line' id='line_1_23' title="bbox 223 3392 1411 3473; baseline -0.006 -16"><span class='ocrx_word' id='word_1_145' title='bbox 223 3400 416 3473; x_wconf 82' lang='lat' dir='ltr'>praedicaret</span> <span class='ocrx_word' id='word_1_146' title='bbox 438 3407 587 3459; x_wconf 89' lang='lat' dir='ltr'>assereret</span> <span class='ocrx_word' id='word_1_147' title='bbox 608 3400 654 3458; x_wconf 88' lang='lat' dir='ltr'>vel</span> <span class='ocrx_word' id='word_1_148' title='bbox 677 3399 840 3472; x_wconf 88' lang='lat' dir='ltr'>disputaret</span> <span class='ocrx_word' id='word_1_149' title='bbox 863 3413 979 3458; x_wconf 87' lang='lat' dir='ltr'>errores</span> <span class='ocrx_word' id='word_1_150' title='bbox 996 3394 1111 3468; x_wconf 81' lang='lat' dir='ltr'>wirici,</span> <span class='ocrx_word' id='word_1_151' title='bbox 1136 3396 1166 3455; x_wconf 92' lang='lat' dir='ltr'>in</span> <span class='ocrx_word' id='word_1_152' title='bbox 1188 3400 1286 3456; x_wconf 84' lang='lat' dir='ltr'>certus</span> <span class='ocrx_word' id='word_1_153' title='bbox 1308 3392 1411 3453; x_wconf 83' lang='lat' dir='ltr'>ibidem</span> 
     </span>
     <span class='ocr_line' id='line_1_24' title="bbox 225 3492 1410 3572; baseline -0.005 -14"><span class='ocrx_word' id='word_1_154' title='bbox 225 3502 387 3560; x_wconf 87' lang='lat' dir='ltr'>nominatas</span> <span class='ocrx_word' id='word_1_155' title='bbox 409 3501 552 3560; x_wconf 89' lang='lat' dir='ltr'>incideret</span> <span class='ocrx_word' id='word_1_156' title='bbox 573 3515 700 3572; x_wconf 64' lang='lat' dir='ltr'>poenam</span> <span class='ocrx_word' id='word_1_157' title='bbox 724 3515 777 3572; x_wconf 84' lang='lat' dir='ltr'>pro</span> <span class='ocrx_word' id='word_1_158' title='bbox 800 3504 869 3558; x_wconf 92' lang='lat' dir='ltr'>tuuc</span> <span class='ocrx_word' id='word_1_159' title='bbox 890 3498 1012 3558; x_wconf 90' lang='lat' dir='ltr'>doctore</span> <span class='ocrx_word' id='word_1_160' title='bbox 1035 3496 1129 3557; x_wconf 81' lang='lat' dir='ltr'>Adam</span> <span class='ocrx_word' id='word_1_161' title='bbox 1150 3494 1261 3555; x_wconf 75' lang='lat' dir='ltr'>deado</span> <span class='ocrx_word' id='word_1_162' title='bbox 1283 3492 1410 3568; x_wconf 80' lang='lat' dir='ltr'>generali</span> 
     </span>
     <span class='ocr_line' id='line_1_25' title="bbox 224 3602 377 3661; baseline -0.007 -2"><span class='ocrx_word' id='word_1_163' title='bbox 224 3602 377 3661; x_wconf 84' lang='lat' dir='ltr'>existente.</span> 
     </span>
    </p>

    <p class='ocr_par' dir='ltr' id='par_1_11' title="bbox 222 3693 1413 3980">
     <span class='ocr_line' id='line_1_26' title="bbox 323 3693 1413 3774; baseline -0.008 -13"><span class='ocrx_word' id='word_1_164' title='bbox 323 3704 357 3761; x_wconf 92' lang='lat' dir='ltr'>It.</span> <span class='ocrx_word' id='word_1_165' title='bbox 387 3702 490 3760; x_wconf 86' lang='lat' dir='ltr'>codem</span> <span class='ocrx_word' id='word_1_166' title='bbox 513 3707 542 3760; x_wconf 87' lang='lat' dir='ltr'>et</span> <span class='ocrx_word' id='word_1_167' title='bbox 571 3701 705 3774; x_wconf 88' lang='lat' dir='ltr'>sequenti</span> <span class='ocrx_word' id='word_1_168' title='bbox 730 3717 807 3759; x_wconf 87' lang='lat' dir='ltr'>anno</span> <span class='ocrx_word' id='word_1_169' title='bbox 829 3700 910 3759; x_wconf 90' lang='lat' dir='ltr'>multi</span> <span class='ocrx_word' id='word_1_170' title='bbox 933 3716 968 3758; x_wconf 87' lang='lat' dir='ltr'>cx</span> <span class='ocrx_word' id='word_1_171' title='bbox 991 3698 1193 3758; x_wconf 86' lang='lat' dir='ltr'>sacerdotibus</span> <span class='ocrx_word' id='word_1_172' title='bbox 1215 3703 1245 3757; x_wconf 88' lang='lat' dir='ltr'>ct</span> <span class='ocrx_word' id='word_1_173' title='bbox 1272 3696 1357 3755; x_wconf 86' lang='lat' dir='ltr'>laicis</span> <span class='ocrx_word' id='word_1_174' title='bbox 1379 3693 1413 3751; x_wconf 83' lang='lat' dir='ltr'>ad</span> 
     </span>
     <span class='ocr_line' id='line_1_27' title="bbox 224 3797 1412 3874; baseline -0.009 -11"><span class='ocrx_word' id='word_1_175' title='bbox 224 3804 326 3863; x_wconf 81' lang='lat' dir='ltr'>salsum</span> <span class='ocrx_word' id='word_1_176' title='bbox 349 3804 526 3862; x_wconf 88' lang='lat' dir='ltr'>delationem</span> <span class='ocrx_word' id='word_1_177' title='bbox 548 3811 616 3862; x_wconf 83' lang='lat' dir='ltr'>sunt</span> <span class='ocrx_word' id='word_1_178' title='bbox 638 3804 794 3862; x_wconf 87' lang='lat' dir='ltr'>examinati</span> <span class='ocrx_word' id='word_1_179' title='bbox 816 3818 905 3874; x_wconf 92' lang='lat' dir='ltr'>super</span> <span class='ocrx_word' id='word_1_180' title='bbox 926 3799 1067 3874; x_wconf 82' lang='lat' dir='ltr'>praefatis</span> <span class='ocrx_word' id='word_1_181' title='bbox 1090 3799 1250 3859; x_wconf 89' lang='lat' dir='ltr'>erroribus.</span> <span class='ocrx_word' id='word_1_182' title='bbox 1279 3797 1325 3856; x_wconf 92' lang='lat' dir='ltr'>De</span> <span class='ocrx_word' id='word_1_183' title='bbox 1348 3811 1412 3870; x_wconf 89' lang='lat' dir='ltr'>quo·</span> 
     </span>
     <span class='ocr_line' id='line_1_28' title="bbox 222 3897 1413 3980; baseline -0.01 -13"><span class='ocrx_word' id='word_1_184' title='bbox 222 3924 286 3968; x_wconf 90' lang='lat' dir='ltr'>rum</span> <span class='ocrx_word' id='word_1_185' title='bbox 297 3920 416 3963; x_wconf 89' lang='lat' dir='ltr'>numero</span> <span class='ocrx_word' id='word_1_186' title='bbox 429 3902 483 3962; x_wconf 89' lang='lat' dir='ltr'>fuit</span> <span class='ocrx_word' id='word_1_187' title='bbox 505 3904 621 3976; x_wconf 88' lang='lat' dir='ltr'>quidam</span> <span class='ocrx_word' id='word_1_188' title='bbox 637 3903 776 3962; x_wconf 89' lang='lat' dir='ltr'>sacerdos</span> <span class='ocrx_word' id='word_1_189' title='bbox 793 3901 893 3962; x_wconf 86' lang='lat' dir='ltr'>Crucis</span> <span class='ocrx_word' id='word_1_190' title='bbox 907 3898 939 3980; x_wconf 82' lang='lat'>*)</span> <span class='ocrx_word' id='word_1_191' title='bbox 963 3903 1067 3974; x_wconf 74' lang='lat' dir='ltr'>eteius</span> <span class='ocrx_word' id='word_1_192' title='bbox 1079 3901 1228 3973; x_wconf 78' lang='lat' dir='ltr'>pincerna,</span> <span class='ocrx_word' id='word_1_193' title='bbox 1260 3897 1413 3973; x_wconf 79' lang='lat' dir='ltr'>etquidem</span> 
     </span>
    </p>
   </div>
   <div class='ocr_carea' id='block_1_10' title="bbox 224 4070 422 4077">
    <p class='ocr_par' dir='ltr' id='par_1_12' title="bbox 224 4070 422 4077">
     <span class='ocr_line' id='line_1_29' title="bbox 224 4070 422 4077; baseline 0.005 -1"><span class='ocrx_word' id='word_1_194' title='bbox 224 4070 345 4077; x_wconf 79' lang='lat'>-——</span> <span class='ocrx_word' id='word_1_195' title='bbox 358 4071 422 4077; x_wconf 80' lang='lat'><strong>...—</strong></span> 
     </span>
    </p>
   </div>
   <div class='ocr_carea' id='block_1_11' title="bbox 281 4130 1416 4694">
    <p class='ocr_par' dir='ltr' id='par_1_13' title="bbox 281 4130 1416 4694">
     <span class='ocr_line' id='line_1_30' title="bbox 281 4130 1414 4198; baseline -0.004 -14"><span class='ocrx_word' id='word_1_196' title='bbox 281 4131 305 4196; x_wconf 79' lang='grc'>*1</span> <span class='ocrx_word' id='word_1_197' title='bbox 324 4138 471 4185; x_wconf 80' lang='lat' dir='ltr'>interrivos</span> <span class='ocrx_word' id='word_1_198' title='bbox 495 4138 626 4197; x_wconf 85' lang='lat' dir='ltr'>Pragsusas</span> <span class='ocrx_word' id='word_1_199' title='bbox 649 4138 721 4196; x_wconf 77' lang='lat' dir='ltr'>huJus</span> <span class='ocrx_word' id='word_1_200' title='bbox 744 4137 856 4198; x_wconf 88' lang='lat' dir='ltr'>temporis</span> <span class='ocrx_word' id='word_1_201' title='bbox 884 4131 957 4185; x_wconf 72' lang='lat' dir='ltr'>Crura</span> <span class='ocrx_word' id='word_1_202' title='bbox 979 4134 1104 4198; x_wconf 79' lang='lat' dir='ltr'>„institcr‘¹</span> <span class='ocrx_word' id='word_1_203' title='bbox 1135 4130 1196 4197; x_wconf 83' lang='lat' dir='ltr'>(sive</span> <span class='ocrx_word' id='word_1_204' title='bbox 1218 4130 1347 4194; x_wconf 77' lang='lat' dir='ltr'>mercator)</span> <span class='ocrx_word' id='word_1_205' title='bbox 1373 4144 1414 4178; x_wconf 83' lang='lat' dir='ltr'>nun</span> 
     </span>
     <span class='ocr_line' id='line_1_31' title="bbox 324 4216 1415 4282; baseline -0.004 -15"><span class='ocrx_word' id='word_1_206' title='bbox 324 4222 401 4267; x_wconf 87' lang='lat' dir='ltr'>solum</span> <span class='ocrx_word' id='word_1_207' title='bbox 419 4221 536 4268; x_wconf 89' lang='lat' dir='ltr'>industria</span> <span class='ocrx_word' id='word_1_208' title='bbox 554 4223 698 4282; x_wconf 83' lang='lat' dir='ltr'>opibusque,</span> <span class='ocrx_word' id='word_1_209' title='bbox 717 4220 757 4266; x_wconf 89' lang='lat' dir='ltr'>sed</span> <span class='ocrx_word' id='word_1_210' title='bbox 775 4222 846 4266; x_wconf 88' lang='lat' dir='ltr'>etism</span> <span class='ocrx_word' id='word_1_211' title='bbox 866 4218 989 4266; x_wconf 83' lang='lat' dir='ltr'>literarum</span> <span class='ocrx_word' id='word_1_212' title='bbox 1008 4216 1176 4280; x_wconf 81' lang='lat' dir='ltr'>religionisque</span> <span class='ocrx_word' id='word_1_213' title='bbox 1194 4218 1275 4264; x_wconf 84' lang='lat' dir='ltr'>studio</span> <span class='ocrx_word' id='word_1_214' title='bbox 1292 4216 1415 4264; x_wconf 72' lang='lat' dir='ltr'>emuetsa</span> 
     </span>
     <span class='ocr_line' id='line_1_32' title="bbox 325 4300 1414 4366; baseline -0.005 -14"><span class='ocrx_word' id='word_1_215' title='bbox 325 4304 368 4352; x_wconf 76' lang='lat' dir='ltr'>Ele</span> <span class='ocrx_word' id='word_1_216' title='bbox 387 4307 448 4352; x_wconf 89' lang='lat' dir='ltr'>enim</span> <span class='ocrx_word' id='word_1_217' title='bbox 463 4307 513 4366; x_wconf 87' lang='lat' dir='ltr'>jam</span> <span class='ocrx_word' id='word_1_218' title='bbox 540 4308 601 4353; x_wconf 76' lang='lat'>1391</span> <span class='ocrx_word' id='word_1_219' title='bbox 620 4305 686 4352; x_wconf 90' lang='lat' dir='ltr'>ultro</span> <span class='ocrx_word' id='word_1_220' title='bbox 703 4306 815 4366; x_wconf 83' lang='lat' dir='ltr'>praebuit</span> <span class='ocrx_word' id='word_1_221' title='bbox 831 4319 910 4351; x_wconf 88' lang='lat' dir='ltr'>sresru</span> <span class='ocrx_word' id='word_1_222' title='bbox 932 4304 1052 4351; x_wconf 87' lang='lat' dir='ltr'>condendo</span> <span class='ocrx_word' id='word_1_223' title='bbox 1071 4303 1158 4350; x_wconf 80' lang='lat' dir='ltr'>sacello</span> <span class='ocrx_word' id='word_1_224' title='bbox 1175 4300 1320 4349; x_wconf 82' lang='lat' dir='ltr'>Bethlehem</span> <span class='ocrx_word' id='word_1_225' title='bbox 1337 4309 1414 4347; x_wconf 60' lang='lat' dir='ltr'>uae*</span> 
     </span>
     <span class='ocr_line' id='line_1_33' title="bbox 324 4384 1416 4450; baseline -0.002 -15"><span class='ocrx_word' id='word_1_226' title='bbox 324 4391 420 4447; x_wconf 79' lang='lat' dir='ltr'>sariam,</span> <span class='ocrx_word' id='word_1_227' title='bbox 438 4405 540 4450; x_wconf 86' lang='lat' dir='ltr'>cumque</span> <span class='ocrx_word' id='word_1_228' title='bbox 558 4390 682 4450; x_wconf 77' lang='lat' dir='ltr'>Hsdwigis</span> <span class='ocrx_word' id='word_1_229' title='bbox 700 4390 783 4449; x_wconf 81' lang='lat' dir='ltr'>regins</span> <span class='ocrx_word' id='word_1_230' title='bbox 795 4388 908 4434; x_wconf 86' lang='lat' dir='ltr'>Poloniae</span> <span class='ocrx_word' id='word_1_231' title='bbox 928 4389 992 4435; x_wconf 77' lang='lat'><strong>1897</strong></span> <span class='ocrx_word' id='word_1_232' title='bbox 1009 4387 1138 4447; x_wconf 77' lang='lat' dir='ltr'>collegium</span> <span class='ocrx_word' id='word_1_233' title='bbox 1152 4384 1312 4434; x_wconf 77' lang='lat' dir='ltr'>Lituanerum</span> <span class='ocrx_word' id='word_1_234' title='bbox 1330 4385 1416 4444; x_wconf 69' lang='lat' dir='ltr'>nucu</span> 
     </span>
     <span class='ocr_line' id='line_1_34' title="bbox 325 4459 1416 4535; baseline 0.001 -16"><span class='ocrx_word' id='word_1_235' title='bbox 325 4473 475 4530; x_wconf 83' lang='lat' dir='ltr'>condidisset,</span> <span class='ocrx_word' id='word_1_236' title='bbox 494 4476 545 4534; x_wconf 87' lang='lat' dir='ltr'>ejus</span> <span class='ocrx_word' id='word_1_237' title='bbox 565 4468 733 4535; x_wconf 79' lang='lat' dir='ltr'>‚procurator“</span> <span class='ocrx_word' id='word_1_238' title='bbox 762 4471 821 4533; x_wconf 88' lang='lat' dir='ltr'>(uns</span> <span class='ocrx_word' id='word_1_239' title='bbox 838 4487 892 4519; x_wconf 88' lang='lat' dir='ltr'>curn</span> <span class='ocrx_word' id='word_1_240' title='bbox 910 4472 943 4519; x_wconf 84' lang='grc' dir='ltr'>Μ.</span> <span class='ocrx_word' id='word_1_241' title='bbox 961 4472 1052 4518; x_wconf 80' lang='lat' dir='ltr'>losuna</span> <span class='ocrx_word' id='word_1_242' title='bbox 1069 4473 1098 4517; x_wconf 88' lang='lat' dir='ltr'>de</span> <span class='ocrx_word' id='word_1_243' title='bbox 1116 4459 1214 4531; x_wconf 72' lang='lat' dir='ltr'>Stdkna)</span> <span class='ocrx_word' id='word_1_244' title='bbox 1233 4471 1360 4517; x_wconf 85' lang='lat' dir='ltr'>institutus</span> <span class='ocrx_word' id='word_1_245' title='bbox 1376 4477 1416 4520; x_wconf 60' lang='lat' dir='ltr'>ut,</span> 
     </span>
     <span class='ocr_line' id='line_1_35' title="bbox 325 4553 1413 4620; baseline -0.002 -17"><span class='ocrx_word' id='word_1_246' title='bbox 325 4572 432 4618; x_wconf 83' lang='lat' dir='ltr'>annoque</span> <span class='ocrx_word' id='word_1_247' title='bbox 454 4560 511 4605; x_wconf 81' lang='lat'>1411</span> <span class='ocrx_word' id='word_1_248' title='bbox 535 4561 584 4620; x_wconf 86' lang='lat' dir='ltr'>ipse</span> <span class='ocrx_word' id='word_1_249' title='bbox 607 4572 702 4606; x_wconf 83' lang='lat' dir='ltr'>censum</span> <span class='ocrx_word' id='word_1_250' title='bbox 726 4571 831 4605; x_wconf 85' lang='lat' dir='ltr'>cunnum</span> <span class='ocrx_word' id='word_1_251' title='bbox 857 4559 886 4605; x_wconf 80' lang='lat'>12</span> <span class='ocrx_word' id='word_1_252' title='bbox 912 4556 1025 4603; x_wconf 85' lang='lat' dir='ltr'>studiosis</span> <span class='ocrx_word' id='word_1_253' title='bbox 1047 4554 1137 4603; x_wconf 84' lang='lat' dir='ltr'>alendis</span> <span class='ocrx_word' id='word_1_254' title='bbox 1159 4554 1262 4613; x_wconf 74' lang='lat' dir='ltr'>collegio</span> <span class='ocrx_word' id='word_1_255' title='bbox 1284 4553 1413 4603; x_wconf 73' lang='lat' dir='ltr'>Jerusalem</span> 
     </span>
     <span class='ocr_line' id='line_1_36' title="bbox 326 4643 479 4694; baseline 0.026 -6"><span class='ocrx_word' id='word_1_256' title='bbox 326 4643 427 4689; x_wconf 85' lang='lat' dir='ltr'>contulit</span> <span class='ocrx_word' id='word_1_257' title='bbox 444 4651 479 4694; x_wconf 72' lang='lat' dir='ltr'>tc.</span> 
     </span>
    </p>
   </div>
   <div class='ocr_carea' id='block_1_12' title="bbox 0 0 1512 5258">
    <p class='ocr_par' dir='ltr' id='par_1_14' title="bbox 0 0 1512 5258">
     <span class='ocr_line' id='line_1_37' title="bbox 0 0 1512 5258; baseline 0 0"><span class='ocrx_word' id='word_1_258' title='bbox 0 0 1512 5258; x_wconf 95' lang='lat' dir='ltr'> </span> 
     </span>
    </p>
   </div>
  </div>
 </body>
</html>
