2992 5258
420 392 461 447 36.
496 391 598 447 Bonon.
613 390 745 458 judicium
762 391 796 445 de
814 390 892 445 librIs
908 391 933 445 J.
954 390 1062 446 Wiclef.
1282 397 1344 459 427

147 593 265 659 ibidem
294 593 507 660 venerabilem
537 593 649 670 virum,
676 594 807 659 fratrem
840 593 990 659 l'homam
1010 593 1053 659 dc
1074 594 1185 674 Utino,
1205 594 1343 676 priorem

146 702 322 761 conventus
335 695 411 761 dicti
423 694 617 773 monasterii,
628 713 739 761 sacrae
751 695 931 776 theologiae
939 693 1161 776 professorem,
1175 695 1341 777 ipsumque

146 815 217 861 enm
249 795 417 877 diligentia
449 795 593 861 studiosa
626 795 793 876 requisivit
822 802 855 859 et
881 795 1003 877 petivit,
1033 801 1191 877 quatenns
1222 794 1274 861 dei
1309 801 1342 861 et

146 897 293 963 veritatis
314 896 415 979 ipsius
437 896 563 975 intuitu,
587 903 620 961 et
642 895 682 959 ad
705 894 930 961 confutandum
953 896 1089 961 malitias
1105 913 1339 977 perversorum,

147 997 244 1064 vellet
270 996 379 1062 dicere
409 1002 441 1062 et
463 995 642 1073 declarare,
664 995 820 1077 quomodo
843 1003 876 1062 et
898 997 1036 1077 qualiter
1058 997 1175 1061 domini
1198 997 1342 1077 magistri

146 1105 178 1164 et
188 1097 521 1164 doctoresBononien.
534 1097 686 1163 ParisIen.
700 1104 733 1161 et
742 1097 895 1162 Oxonien.
909 1097 1086 1162 studiorum
1099 1116 1133 1161 se
1146 1097 1339 1175 habvnssent,

146 1205 179 1265 et
200 1217 283 1281 quae
312 1197 449 1263 finaliter
477 1199 708 1264 conclusissent
730 1197 769 1263 de
799 1203 831 1263 et
864 1216 928 1279 pro.
944 1196 1034 1263 libris
1056 1197 1130 1263 olim
1152 1197 1257 1263 honac
1277 1216 1342 1261 me·

146 1300 267 1364 anonae
288 1299 372 1380 Mag.
394 1299 526 1364 Joannis
549 1299 670 1378 Wiclef,
694 1317 803 1365 sacrae
827 1298 1007 1379 theologiae
1029 1296 1220 1380 professoris
1242 1298 1343 1364 almae

146 1400 364 1466 nnIvorsitatIs
387 1401 600 1465 Oxoniensis?
643 1400 702 1477 Qui
726 1399 763 1462 D.
785 1400 922 1465 Thomas
955 1400 1043 1480 prior
1076 1398 1259 1479 praedictus
1293 1416 1343 1462 re·

147 1500 276 1582 spondit
309 1501 472 1582 praedicto
506 1500 658 1580 inagistro
692 1500 751 1565 suh
785 1500 843 1564 hac
877 1499 977 1564 lenna
1009 1498 1191 1564 verborum:
1225 1498 1341 1564 Sciatis

148 1600 424 1677 certitudinalitor,
439 1600 593 1682 magister
608 1600 794 1679 reverende,
811 1600 895 1682 quod
910 1599 949 1663 de
962 1617 1081 1678 mense,
1092 1600 1199 1679 credo,
1208 1600 1341 1680 Augusti

148 1701 219 1766 anm
243 1701 432 1783 praesentis,
455 1699 495 1764 de
518 1700 666 1767 mandato
690 1700 808 1765 domini
831 1700 932 1764 nostri
955 1718 1056 1781 papae
1078 1699 1210 1765 Joannis
1231 1699 1341 1765 XXIII

148 1800 259 1881 collegi
293 1808 325 1867 et
357 1803 527 1867 convocavi
561 1802 705 1866 domInos
733 1801 903 1882 magistros
935 1809 968 1866 et
996 1802 1144 1867 doctores
1166 1801 1340 1866 Bononien.

148 1902 300 1966 Parisien.
330 1908 363 1967 et
385 1902 539 1967 Oxonien.
568 1902 755 1980 studiorum,
784 1920 862 1982 ques
892 1902 1010 1967 habere
1041 1903 1139 1983 potui,
1172 1903 1245 1983 quia
1268 1909 1343 1966 tunc

149 2021 233 2068 eram
264 2003 403 2068 decanus
430 2003 589 2069 facultatis
620 1988 921 2084 theologiae'studii
944 2003 1129 2081 Bononien,
1152 2003 1192 2069 ad
1215 2002 1340 2067 domum

149 2103 233 2167 rev¹¹¹¹
263 2106 364 2185 patris
387 2104 424 2167 l).
449 2104 591 2170 Oddouis
619 2103 788 2169 cardinalis
811 2103 851 2168 de
874 2103 1035 2183 Columna,
1069 2102 1108 2168 ad
1131 2102 1341 2179 tractandum,

148 2203 386 2286 disponendum,
410 2205 638 2287 providendum
663 2212 695 2270 ct
717 2203 854 2270 finaliter
877 2204 1137 2283 concludendum,
1161 2204 1236 2286 quid
1257 2211 1343 2268 esset

147 2303 342 2385 laciendum,
391 2305 620 2388 disponendum
659 2312 692 2370 et
729 2305 937 2371 ordinandum
974 2305 1014 2369 de
1050 2311 1081 2370 et
1118 2322 1216 2387 super
1253 2304 1342 2369 libris

147 2406 226 2485 llag.
241 2406 373 2471 Ioannis
397 2405 513 2471 WIclef
533 2426 571 2470 ex
594 2424 642 2485 eo,
666 2407 739 2487 qnia
762 2404 889 2488 qnidam
913 2405 949 2470 D.
981 2407 1144 2472 Jaroslans
1173 2405 1341 2487 episcopus

147 2506 356 2588 Sareptensis,
392 2507 492 2572 frater
514 2507 553 2571 de
591 2507 701 2572 ordine
732 2507 899 2585 MInorurn,
937 2513 970 2572 et
998 2507 1137 2573 Iacobus
1173 2505 1342 2571 canonicus

146 2608 315 2690 Pragensis
337 2626 407 2672 eum
429 2625 542 2687 magna
564 2606 730 2688 diligentia
756 2607 840 2689 opud
862 2625 972 2672 omnes
995 2607 1157 2673 instabant
1178 2625 1236 2688 pro
1259 2624 1341 2671 com-

146 2707 293 2774 bustione
316 2708 468 2772 librorum
490 2707 634 2788 magistri
657 2725 754 2788 snpra
777 2708 898 2790 scripti.
944 2707 985 2772 ut
1008 2708 1051 2773 ibi
1074 2707 1260 2789 quibusdam
1277 2726 1342 2772 ma·

145 2809 253 2887 gistris
284 2807 410 2889 placuit,
441 2806 523 2888 quod
553 2807 626 2871 libri
656 2808 732 2872 dicti
755 2808 798 2872 M.
820 2808 954 2874 Ioannis
977 2809 1248 2884 comburerentur,
1272 2808 1342 2873 aliis

144 2918 249 2973 antem
272 2908 434 2988 magistris
457 2915 489 2973 et
512 2908 697 2973 doctoribus
719 2927 756 2973 ac
778 2908 888 2989 majori
906 2911 988 2990 parti
1006 2910 1132 2990 placuit,
1156 2909 1239 2990 qnod
1255 2908 1341 2973 nullo

144 3008 235 3072 modo
275 3008 431 3073 deberent
467 3009 618 3072 comburi.
661 3008 801 3073 Tamlem
845 3009 952 3074 habito
990 3015 1128 3075 tractatu
1165 3009 1340 3090 multiplici,

143 3109 260 3174 ibidem
299 3108 481 3173 conclusum
520 3109 581 3172 fuit
613 3106 752 3174 finaliter
785 3128 841 3190 per
875 3129 1002 3187 omnes,
1037 3110 1121 3191 qnod
1154 3110 1228 3174 libri
1262 3108 1337 3173 dicti

144 3209 185 3273 lll.
207 3209 343 3275 Ioannis
367 3203 492 3274 Wielef'
512 3209 598 3274 nullo
631 3209 723 3274 modo
754 3210 994 3288 comburantnr;
1030 3230 1069 3275 ex
1099 3228 1136 3274 eo
1167 3211 1341 3290 signanter,

143 3309 226 3392 quod
249 3328 289 3374 ex
312 3310 367 3375 tali
391 3310 608 3375 combustione
638 3311 812 3376 inferretur
843 3311 1025 3376 scandalum
1049 3316 1081 3375 et
1104 3311 1247 3375 confusio
1270 3309 1339 3374 uni·

143 3410 288 3475 versitati
311 3411 494 3475 Oxoniensi.
524 3411 612 3492 eujus
640 3411 743 3476 dictus
771 3412 852 3492 Mag.
875 3412 1015 3477 Ioannes
1046 3410 1208 3494 professor
1230 3427 1340 3476 sacrae

144 3511 325 3591 theologiae
347 3510 487 3589 exstitit;
524 3511 619 3575 eliam
652 3512 684 3575 in
707 3512 767 3576 hoc
797 3513 988 3577 universitas
1011 3511 1181 3593 Pragensis
1211 3511 1340 3576 confun-

142 3612 274 3679 deretur
302 3618 334 3677 et
361 3612 463 3694 majus
492 3612 631 3678 schisma
662 3614 692 3676 in
723 3632 822 3693 regno
856 3613 1028 3678 Bohemiae
1057 3620 1277 3692 generaretur,
1308 3620 1339 3676 et

143 3714 239 3779 etiam
261 3711 436 3777 absurdum
458 3719 546 3777 esset
567 3721 601 3777 et
616 3713 742 3778 veritati
760 3714 964 3779 eontrarium.
990 3713 1074 3794 quod
1089 3714 1162 3778 libri
1178 3713 1337 3795 logicales,

142 3813 419 3897 philosophicales,
448 3814 585 3879 morales
613 3819 646 3877 et
668 3814 894 3894 theologicales
925 3814 1000 3879 dicti
1031 3814 1113 3894 Mag.
1141 3814 1284 3892 Ioannis,
1308 3813 1339 3878 in

141 3914 256 3996 quibus
267 3914 367 3978 multa
379 3932 463 3992 vera,
477 3915 559 3980 hona
571 3922 603 3979 et
616 3914 707 3979 utilia
718 3916 932 3994 continentur,
955 3935 975 3979 a
987 3915 1190 3980 studentibus
1203 3920 1236 3980 et
1248 3913 1338 3979 scho-

141 4013 262 4081 lasticis
273 4023 524 4094 removerentur,
537 4015 668 4095 scilieet,
681 4016 766 4096 (puod
778 4017 858 4083 certi
870 4016 995 4080 articuli
1008 4035 1066 4096 per
1079 4034 1128 4081 me
1140 4014 1180 4079 de
1193 4015 1337 4093 Dialoge,

139 4115 288 4197 'frialoge
312 4121 346 4179 et
371 4115 513 4199 Corpore
536 4115 656 4182 Christi
678 4117 812 4194 collecti,
843 4119 895 4198 qui
926 4118 1001 4183 mihi
1035 4125 1111 4182 tnnc
1140 4115 1338 4199 apparebant

140 4215 278 4296 erronei,
312 4234 374 4280 nen
409 4224 514 4281 tamen
547 4217 617 4281 dico
651 4223 683 4282 et
716 4236 825 4283 assero
858 4218 929 4283 illos
962 4236 1132 4299 erroneos,
1173 4218 1205 4281 in
1240 4235 1337 4296 regno

140 4315 312 4383 Bohevniae
335 4315 584 4398 publicarentur,
609 4325 643 4382 et
664 4318 748 4400 quod
771 4320 842 4384 illos
866 4319 969 4382 nnllus
991 4326 1125 4399 teneret,
1148 4317 1339 4382 defenderet

140 4418 189 4482 vel
212 4417 452 4497 dogmatisarct,
469 4419 595 4501 publice
610 4420 815 4485 mandaretur
831 4427 865 4486 et
879 4420 1087 4496 inhiberetur,
1112 4426 1144 4482 et
1159 4416 1338 4500 subjunxit:

137 4517 205 4585 Ista
234 4525 312 4583 aunt
341 4519 527 4584 conclusa
519 4539 551 4585 m
581 4521 665 4586 dicta
687 4522 936 4607 congregatione
959 4527 992 4587 et
1012 4538 1075 4587 non
1098 4519 1168 4602 alia,
1191 4520 1339 4603 loquatur

131 4618 283 4707 ¹quisquis
305 4619 367 4685 hoc
389 4620 473 4703 quod
496 4621 643 4688 voluerit
