2992 5258
416 408 493 462 annis
512 410 677 464 ttae-1412
695 415 757 464 aute
776 409 892 464 exilium.
931 415 952 463 1.
969 411 993 465 2.

683 641 717 714 2.

280 827 512 943 Zbynkoni
543 833 867 942 archiepiscopo
895 831 1114 945 Pragensi.

104 1046 266 1114 Exprobrat
278 1049 312 1108 ei,
330 1047 404 1115 quod
418 1063 615 1115 praepropera
632 1050 768 1099 sententia
779 1065 807 1100 se
819 1057 961 1115 tamquam
974 1049 1172 1101 inobedientem
1186 1049 1296 1116 publice

103 1129 295 1198 infamaverit,
319 1146 402 1198 prorem
426 1131 545 1185 mediam
563 1132 785 1194 (‚‚ueatraleru“)
809 1148 838 1183 ee
854 1140 935 1198 perat
959 1133 989 1183 ia
1008 1133 1178 1184 contentio-uc
1202 1147 1297 1200 papae

595 1223 620 1266 et
637 1216 805 1284 antipapae.

621 1383 700 1448 (mos
716 1384 774 1449 fin.)

301 1585 398 1650 ,latam
421 1584 527 1638 literam
549 1584 585 1637 M.
609 1585 671 1638 lah.
696 1585 754 1637 llus
778 1585 850 1639 misit
872 1586 1083 1652 archiepiscopo,
1109 1600 1141 1639 co
1168 1583 1239 1653 quod
1263 1600 1296 1637 ex
1316 1620 1317 1625 κ

365 1668 496 1722 relatione
520 1667 695 1736 quorumdam
719 1669 805 1736 ipsum
823 1670 973 1724 neutralem
997 1682 1056 1723 esse
1075 1669 1220 1723 dicentium
1244 1667 1294 1722 sibi

365 1751 520 1806 inhibuerat
536 1751 707 1820 praedicare;
726 1753 753 1805 iu
772 1768 825 1821 qua
843 1752 969 1819 ostendit,
998 1753 1062 1821 quid
1080 1753 1115 1806 sit
1133 1752 1166 1806 de
1185 1757 1292 1806 neutra·

369 1835 445 1890 litate
463 1835 691 1903 intelligendum.“

199 2003 402 2085 Subjectione
432 2004 540 2068 hurnili
571 2011 604 2070 et
634 2004 742 2071 debita
772 2024 854 2069 nunc
884 2011 916 2070 et
944 2024 1077 2087 semper.
1122 2004 1295 2071 Salvatoris

104 2105 246 2188 exposcit
267 2104 387 2186 regula,
410 2123 451 2170 ne
473 2113 565 2187 pater
588 2107 619 2170 in
642 2105 698 2170 filii
720 2111 907 2188 prorumpat
928 2106 1094 2186 infamiam,
1119 2106 1180 2170 nisi
1195 2105 1296 2188 patris

104 2211 307 2289 praeceptum
337 2203 421 2269 tilius
450 2206 568 2271 refutet
596 2216 629 2271 et
651 2207 690 2271 de
712 2208 781 2289 ejus
811 2207 1008 2272 contumacia
1033 2206 1135 2271 lucide
1158 2211 1295 2277 constet

104 2326 159 2372 nec
182 2306 277 2372 decet
297 2312 421 2388 patrem
449 2306 582 2371 familias
611 2323 753 2372 amesae
783 2306 980 2372 laborantem
1006 2305 1102 2370 filium
1130 2307 1295 2388 repellere,

104 2408 161 2473 nisi
185 2408 275 2490 prius
298 2409 483 2488 cognoverit
504 2406 617 2485 lucide,
640 2407 723 2492 quod
746 2406 820 2471 velit
843 2406 925 2471 filius
949 2426 1081 2473 messem
1104 2409 1204 2490 patris
1228 2416 1295 2473 tur·

103 2511 186 2592 piter
207 2508 373 2590 dissipare.
396 2507 488 2573 Unde
512 2508 614 2573 Lucae
637 2508 711 2572 XVI
734 2527 791 2589 per
813 2508 1002 2573 salvatorem
1026 2515 1168 2574 nostrum
1189 2516 1295 2575 osten·

103 2609 196 2688 ditur,
219 2608 303 2689 quod
319 2607 407 2673 dives
430 2607 567 2674 villicum
589 2607 782 2673 diffamatum
799 2609 963 2674 exauditu
980 2609 1127 2675 infamiae
1143 2627 1206 2675 non
1221 2627 1294 2693 pro·

103 2710 190 2789 didit,
213 2709 270 2775 sed
293 2710 469 2791 prudenter
491 2728 562 2773 eum
584 2709 741 2774 advocans
764 2709 809 2774 ait
823 2709 884 2773 illi:
908 2710 1058 2792 quidhoc
1075 2710 1168 2775 audio
1184 2710 1295 2776 deta?

103 2809 198 2876 redde
225 2811 380 2875 rationem
403 2809 603 2876 villicationis
626 2818 708 2876 tuae.
752 2810 818 2876 Nec
831 2811 969 2876 salvator
996 2816 1105 2876 noster
1128 2809 1295 2891 quemdam

103 2910 266 2976 daemonia
296 2911 475 2992 ejicientem
505 2917 538 2976 et
558 2930 621 2976 non
651 2917 836 2992 sequentem
859 2911 1024 2976 daemonia
1047 2910 1211 2993 prohibuit
1240 2910 1296 2991 eji-

104 3031 182 3089 cere,
205 3011 263 3077 sed
285 3012 318 3076 in
340 3012 495 3094 ejectione
517 3012 695 3095 hujusmodi
718 3014 824 3094 potius
847 3012 1068 3077 auctoritatem
1096 3013 1196 3077 voluit
1223 3029 1295 3078 eon·

104 3110 243 3189 firmare3
266 3131 338 3177 uani
360 3112 464 3178 Lucae
487 3113 532 3178 lX
554 3113 713 3191 scribitur,
742 3113 824 3194 quod
847 3113 996 3178 dixerunt
1017 3112 1163 3195 discipuli
1185 3113 1225 3177 ad
1243 3113 1295 3178 Je-

104 3231 184 3277 sum:
207 3220 408 3294 praeceptor,
435 3214 569 3279 vidimus
591 3216 757 3296 quemdam
779 3216 810 3279 in
833 3215 960 3279 nomine
983 3223 1038 3280 tuo
1057 3214 1223 3280 daemonia
1240 3214 1296 3294 eji-

104 3314 238 3378 cientem
261 3319 295 3378 et
317 3314 535 3395 prohibuimus
559 3333 637 3393 euru,
661 3315 818 3396 quianon
842 3316 986 3395 sequitur
1008 3322 1040 3379 te
1060 3313 1231 3383 nobiscum.
1255 3313 1297 3378 Et

104 3416 146 3479 ait
166 3413 207 3479 ad
229 3413 302 3478 illos
324 3414 433 3479 Jesus:
457 3415 554 3480 nolite
577 3416 765 3498 prohibem3
789 3417 842 3497 qui
865 3416 947 3481 euim
970 3434 1034 3480 uon
1057 3420 1106 3479 est
1128 3415 1297 3480 adversum

105 3532 169 3593 nos,
191 3532 251 3597 pro
275 3513 365 3578 nobis
389 3522 446 3579 est.

199 3613 284 3679 Ecce
307 3616 412 3680 ream!
446 3615 504 3680 llis
528 3616 594 3680 Pat.
617 3617 672 3680 Vn
694 3616 860 3682 salvatoris
882 3619 984 3682 nostri
1008 3616 1121 3682 edocta
1143 3616 1296 3698 exemplis

105 3734 164 3781 non
187 3715 227 3780 ad
250 3715 444 3780 aemulorum
474 3716 631 3782 insaniam
661 3726 862 3800 praetensam
895 3736 943 3782 me
973 3718 1083 3782 debuit
1113 3726 1177 3783 tam
1198 3717 1296 3782 latino

104 3834 194 3897 quam
209 3815 333 3896 vulgari
348 3816 507 3897 linguagio
524 3818 738 3900 scriptotenus
753 3818 850 3884 filium
872 3826 1002 3884 sauctae
1019 3819 1129 3884 matris
1145 3818 1297 3884 ecclesiae

104 3917 338 3983 inobedientem
360 3917 512 3982 infamare
536 3924 568 3984 et
590 3921 751 3986 insinuare
781 3920 915 4003 publice,
946 3920 1002 3985 sed
1032 3924 1193 4001 comperta
1216 3918 1296 3982 veri·

104 4024 176 4097 tate,
200 4016 345 4095 dicendo,
368 4018 443 4099 quid
466 4020 526 4084 hoc
547 4020 640 4086 audie
663 4022 702 4086 de
724 4021 783 4086 te?
817 4023 843 4086 si
866 4040 1032 4100 errassem,
1062 4020 1145 4102 piam
1172 4035 1296 4083 eorrec-

104 4118 220 4184 tionem
243 4118 417 4200 imponere,
440 4125 473 4184 et
487 4121 548 4184 nisi
564 4123 603 4186 ab
619 4122 834 4188 inobedientia
859 4128 987 4187 sanctae
1011 4121 1120 4185 matris
1143 4118 1296 4185 ecclesiae

103 4216 300 4297 desisterem,
325 4238 363 4283 ex
386 4227 462 4285 tune
484 4221 584 4285 modis
607 4222 869 4288 convenientibus
899 4222 1049 4287 adhibitis
1080 4220 1166 4285 velut
1186 4219 1295 4283 inobe-

102 4318 241 4384 dientem
265 4319 428 4402 publicare
451 4327 484 4387 et
505 4342 524 4387 a
546 4325 647 4388 sancti
670 4324 825 4403 evangelii
842 4322 1079 4406 praedicatione
1091 4321 1183 4401 juxta
1202 4337 1297 4402 expe·

102 4419 253 4485 dientiam
276 4422 456 4502 prohibere.
493 4425 585 4490 Unde
615 4427 698 4491 seire
728 4426 823 4492 debet
845 4428 911 4492 Pat.
935 4428 998 4505 νη,
1024 4426 1108 4507 quod
1129 4442 1297 4505 numquam

102 4521 157 4585 tuit
173 4539 233 4586 nee
256 4523 327 4601 erit,
350 4531 447 4605 prout
458 4525 579 4591 confido
595 4528 627 4591 in
644 4526 787 4614 Domino,
811 4527 998 4592 intentionis
1014 4544 1112 4605 meae,
1135 4529 1296 4591 asanctae

101 4622 211 4685 matris
226 4621 381 4689 ecclesiae
397 4623 578 4692 obedientia
593 4627 754 4708 recedere,
770 4627 827 4693 sed
840 4629 930 4710 juxta
945 4632 1151 4710 praeceptum
1165 4627 1194 4690 b.
1211 4623 1298 4689 Petri
