2992 5258
277 397 317 452 lb.
340 393 571 451 hill.Stan1slaus
589 400 616 447 ot
628 393 709 448 Palcb
727 409 741 447 e
759 393 912 449 carceribus
929 393 1070 449 liberandi.
1208 396 1270 461 363

64 602 198 664 elevati:
228 603 368 677 sequitur,
396 603 473 674 quod
497 601 558 673 ium
587 615 645 659 non
674 603 742 659 sunt
761 600 847 670 serui,
872 599 926 659 sed
948 597 1008 668 filii,
1031 597 1136 672 quodsi
1158 594 1219 667 lilii,
1242 603 1273 657 et

64 702 203 763 heredes
233 719 288 776 per
314 703 409 762 deum.
452 702 567 762 Cedant
588 716 659 774 ergo
682 707 797 761 actores
821 706 851 760 et
871 707 993 769 tutores,
1017 700 1065 772 qui
1088 698 1271 757 commodum

66 805 266 877 quaesierunt
287 805 315 864 in
338 803 497 864 heredibus
520 804 604 879 regui
626 803 785 877 proprium,
807 808 837 861 et
865 801 1001 871 heredes,
1022 800 1126 874 quibos
1148 798 1273 858 debetur

67 903 237 977 hereditas,
259 906 445 966 dominentur
466 905 497 964 in
520 905 621 965 secula
643 903 815 966 seculorum.
839 904 941 963 Amen.

176 1008 306 1082 Explicit
337 1007 510 1068 tractatulus
543 1006 698 1067 reverendi
730 1006 861 1081 magistri
890 1005 1015 1068 loannis
1051 1002 1088 1064 de
1118 1002 1272 1070 Husiueon

70 1102 166 1187 (dicti
187 1104 303 1190 Hus*).

650 1486 707 1562 16.

86 1708 326 1827 Collegium
364 1711 656 1798 cardinalium
692 1713 746 1796 D.
782 1709 1001 1797 Cardinali
1032 1709 1274 1796 Balthasari

84 1845 224 1960 legato
264 1846 527 1934 Bononiensi
566 1850 619 1932 de
657 1847 890 1932 liberandis
931 1849 1032 1933 MM.
1062 1847 1295 1932 Stanislao·

255 1986 308 2068 de
335 1984 533 2099 Znoyma
560 1997 603 2072 et
629 1982 850 2098 Stephano
878 1984 931 2069 de
963 1983 1098 2069 Paled.

517 2237 594 2306 Pisis,
615 2239 689 2305 1409,
711 2240 740 2291 12
758 2237 836 2290 l'ebr.

589 2451 668 2459 υ...-
681 2452 752 2459 ......—.
761 2451 781 2457 -·.

436 2543 480 2605 (u
497 2541 558 2595 ms.
584 2540 679 2595 rama.
699 2537 781 2604 coar,
797 2541 822 2611 f.
840 2539 921 2606 212.)

179 2843 456 2911 Revereudissimo
487 2847 519 2910 in
543 2845 670 2912 Christo
705 2847 788 2929 patri
820 2853 853 2910 et
874 2846 1000 2910 domino
1028 2844 1278 2926 singularissimo

263 2946 301 3011 D.
322 2946 502 3012 Balthasari
536 2947 566 3014 S.
591 2947 755 3013 Eustachii
786 2946 945 3012 Cardinali
973 2945 1278 3028 apostolicaesedis

263 3048 383 3129 Legato
399 3068 436 3113 ac
446 3049 614 3114 Bononiae
636 3067 672 3114 st.
698 3050 815 3114 vicario
830 3049 981 3131 generali.

178 3215 241 3279 ΒΜ
269 3223 361 3297 pater
390 3222 423 3280 et
453 3217 577 3281 domine
600 3215 871 3297 singularissimo!
895 3214 1096 3280 Sorenissimi
1119 3213 1161 3277 D.
1182 3215 1279 3295 Regis

52 3287 249 3381 Bolremiae
285 3316 388 3380 literis
422 3335 459 3381 ac
494 3315 651 3381 relatibus
689 3316 886 3381 honorabilis
922 3316 1005 3398 Mag.
1037 3317 1170 3382 loannis
1203 3315 1279 3381 dicti

51 3390 256 3483 cardinalis
289 3416 328 3481 de
352 3417 518 3481 Roinstein
553 3416 716 3481 familiaris
752 3424 785 3481 et
808 3418 910 3482 minutii
944 3418 1007 3491 sui,
1040 3417 1155 3482 inimus
1183 3435 1280 3499 super

52 3492 118 3569 ¹¹58
163 3517 338 3599 dequibus
372 3517 449 3579 ΨΜ
472 3516 583 3581 llev¹³¹¹¹
613 3517 804 3598 requirimus
827 3528 859 3583 et
882 3537 1050 3600 precamur
1072 3538 1187 3599 inagna
1209 3538 1279 3584 cum

53 3597 245 3685 affectione
268 3616 415 3699 requisiti
438 3626 469 3679 et
491 3617 604 3697 rogati.
628 3616 704 3681 Ideo
734 3618 833 3699 ipsius
857 3619 893 3682 ll.
919 3620 1014 3700 Regis
1037 3620 1170 3691 iutuitu,
1186 3638 1280 3701 quem

54 3696 221 3783 tonaliter
257 3717 447 3800 dispositum
486 3717 602 3781 scimus
635 3717 674 3782 ad
713 3719 931 3784 sanctissimae
967 3719 1092 3783 unionis
1125 3720 1279 3785 ecclcsiae

56 3797 235 3891 ⁰ffectnn,
258 3818 294 3883 R.
310 3819 377 3882 Pat.
402 3817 478 3878 Vf³¹¹¹
497 3823 565 3882 tota
587 3825 693 3883 monto
709 3836 885 3900 precamur,
910 3826 946 3885 ut
960 3820 1164 3885 honorabiles
1179 3821 1279 3901 Magi·

56 3900 166 4001 §tros
178 3918 371 3984 Stanislaum
387 3936 496 3984 sacrae
518 3919 652 4001 paginae
670 3920 832 3985 doctorem
846 3928 879 3986 et
900 3921 1094 4002 Stephanum
1112 3922 1278 3986 formatum

57 4007 97 4060 ¹¹¹
127 4015 310 4100 theologia,
345 4020 446 4101 ipsius
470 4019 506 4083 D.
530 4021 626 4102 Regis
649 4021 830 4102 capellanos
855 4030 887 4086 et
911 4022 1055 4097 nuntioS,
1079 4040 1159 4101 quos
1180 4022 1226 4086 ita
1248 4023 1279 4086 in

61 4103 143 4175 ⁸⁰18
168 4119 268 4185 literis
291 4120 443 4197 nominat,
466 4120 591 4202 placcat
607 4121 646 4186 ob
670 4121 883 4187 reverentiam
906 4121 1047 4201 ejusdem
1071 4120 1109 4186 D.
1133 4121 1228 4202 Regis
1245 4129 1278 4187 et

65 4205 219 4284 nostran
253 4219 553 4303 contemplationem
591 4221 697 4286 iacere
731 4221 874 4286 totaliter
913 4221 1058 4298 libcrari,
1092 4239 1128 4285 ac
1161 4221 1279 4287 eisdem

146 4416 188 4426 ⁸¹-
209 4420 275 4429 ..ο-

148 4484 175 4545 ⁸)
189 4489 261 4537 Nobis
278 4504 324 4536 uon
342 4494 380 4536 ast
396 4490 504 4547 dubium,
522 4494 594 4550 prout
607 4487 659 4550 jam
677 4491 735 4536 alibi
745 4491 877 4544 docuimus,
898 4491 955 4550 quin
973 4497 1056 4536 auctor
1074 4493 1145 4552 hujus
1164 4498 1282 4539 tractatur

182 4571 255 4621 fuerit
270 4587 318 4620 uon
334 4572 368 4620 Μ.
388 4573 449 4627 llus,
477 4573 517 4619 aed
536 4574 627 4619 amicus
644 4574 694 4633 eJ'us
712 4573 746 4619 M.
763 4573 866 4620 loannes
884 4574 1025 4621 dclcsanic.
1060 4574 1218 4624 conferantur
1243 4590 1280 4635 aa,

186 4671 246 4719 quaa
263 4657 373 4708 dimntur
391 4654 453 4706 inira
466 4657 496 4705 acl
513 4653 576 4706 diem
595 4657 609 4705 2
627 4655 697 4705 Febr.
717 4658 789 4706 1413.
