2992 5258
209 410 269 476 176
441 407 636 461 accusationes
653 406 689 460 M.
708 407 732 460 J.
752 406 810 461 Ilus
829 406 953 475 ejusdem
971 422 1112 478 responsa.
1146 413 1170 465 d

206 628 299 676 mone
317 614 351 675 et
368 608 605 692 praedicatione
618 626 675 673 sua
694 608 735 673 ad
752 610 903 691 populum
926 611 959 674 in
980 612 1103 694 capella
1115 610 1304 678 Bethlehem
1324 611 1409 695 (uidi

205 731 275 772 acm
285 711 441 772 cedentem
450 709 486 770 ia
496 728 645 783 samono,
660 706 817 771 declinato
831 711 940 790 capite,
956 711 992 772 in
1005 712 1108 790 pitseo
1119 710 1222 792 pollio
1236 719 1266 773 ot
1280 713 1409 793 copario

207 813 365 873 obstructo
374 810 470 891 socie,
492 809 690 871 decimarent
711 809 890 890 aliquorum
905 810 1130 885 admonitione,
1154 811 1236 892 prcod
1256 813 1339 874 vonit
1361 811 1408 875 od

206 911 403 983 tentandum,
425 909 496 971 dici
512 916 587 990 post
608 906 854 971 doodzratr'onom
872 910 1063 973 conditionis
1084 914 1157 975 boni
1180 913 1279 974 tritici
1299 920 1329 974 ot
1345 933 1409 994 po·

206 1010 285 1074 leue:
319 1009 505 1093 ,Kuklc'lcu!
533 1010 631 1089 capii
650 1016 690 1088 to,
713 1030 736 1071 o
755 1030 810 1071 noa
831 1031 876 1072 no·
897 1031 960 1072 ortu
981 1012 1128 1074 ntranot‘
1144 1012 1174 1093 ⁸)
1207 1013 1232 1075 I
1246 1011 1314 1075 ocal
1327 1014 1408 1096 joat,

554 1126 612 1178 soil.
631 1121 759 1177 Proticou

205 1213 256 1276 oie
276 1210 364 1274 orodi
376 1208 530 1291 procody)
549 1207 609 1273 fuit
624 1227 790 1290 praesens,
815 1210 939 1290 quando
954 1210 1059 1276 dictus
1073 1211 1215 1277 Ioannes
1230 1211 1300 1276 Hus
1315 1210 1408 1291 dixit,

671 1343 764 1378 verum
782 1336 821 1378 088

206 1414 290 1495 quod
312 1412 548 1496 praedicatores
573 1418 646 1474 suut
668 1411 788 1475 similes
811 1411 926 1478 bobus:
953 1412 1054 1485 „sicut
1076 1413 1159 1477 enim
1182 1414 1280 1478 boves
1302 1412 1400 1477 tritu-

1186 1545 1281 1580 uerum
1298 1538 1337 1580 eat

205 1617 304 1684 raudo
326 1621 478 1699 separant
492 1632 624 1694 granum
644 1613 782 1694 apulea,
804 1614 850 1677 sic
871 1613 1109 1696 praedicatores
1133 1613 1268 1678 vIrtutes
1283 1631 1303 1677 a
1318 1612 1408 1679 uitiis

206 1729 239 1784 et
260 1718 435 1801 pretiosum
458 1735 477 1780 a
499 1714 569 1792 vili;
592 1720 626 1779 et
640 1714 723 1778 sIcut
745 1714 887 1778 homines
910 1732 1042 1793 granum
1065 1712 1242 1795 colligendo
1265 1720 1408 1785 servant.

205 1819 314 1902 paleas
335 1817 498 1900 rejiciunt,
527 1816 574 1881 sm
596 1832 653 1879 nos
675 1813 780 1878 facere
803 1812 964 1878 debemus.
992 1813 1074 1890 Quid
1103 1825 1154 1879 est
1175 1832 1318 1893 granum,
1341 1814 1408 1879 nisi

237 1950 332 1988 unum
351 1941 390 1985 est

205 2026 376 2105 praecepta
399 2017 473 2083 dei?
496 2023 529 2081 ct
551 2016 626 2097 quid
642 2017 769 2097 paleae,
792 2017 854 2080 nisi
876 2023 998 2081 statuta
1013 2017 1195 2082 lominum?
1216 2013 1324 2098 (oddo,
1340 2016 1408 2077 ini·

205 2141 261 2202 quaa
282 2121 375 2190 teatio,
397 2125 529 2190 statuto,
552 2137 632 2198 qccoo
646 2137 709 2179 non
723 2125 797 2178 meat
813 2119 847 2178 in
863 2114 926 2199 lopo
939 2117 1086 2199 sonorior
1107 2124 1136 2179 et
1157 2123 1231 2179 scint
1253 2115 1315 2197 lapi
1328 2135 1407 2177 oon-

206 2220 323 2303 trorio)
346 2220 435 2285 Sicut
456 2236 533 2298 orgo
555 2237 687 2298 granum
710 2225 894 2282 reservatur
916 2225 949 2284 ct
971 2219 1063 2301 palea
1085 2217 1245 2299 rejicitur,
1274 2217 1321 2281 sic
1343 2228 1405 2280 nos

737 2335 838 2388 illicita
1374 2385 1377 2390 .

204 2430 378 2505 praecepta
405 2420 456 2485 dei
484 2428 647 2486 teneamus
674 2428 708 2485 et
735 2427 855 2485 statuta
882 2421 1040 2485 homiuum
1069 2420 1249 2502 rejiciamus
1276 2427 1311 2483 et
1338 2435 1405 2482 non

205 2522 379 2588 curemus.“
404 2521 633 2602 Interrogatus
657 2539 719 2601 quo
741 2527 847 2586 anno?
869 2519 1035 2603 respoudit
1057 2521 1141 2602 quod
1157 2517 1410 2607 ΜθῦὒθθῦΙὶΟ·Ἰ

927 2639 1036 2689 utinam
1053 2637 1183 2688 caritatis
1200 2643 1225 2687 et
1242 2635 1404 2687 eastitatis!

204 2730 278 2806 post
298 2723 420 2802 Iudice,
444 2730 479 2787 ut
500 2722 612 2801 credit,
639 2728 674 2786 3⁸
694 2721 743 2786 vel
765 2727 799 2786 4³
821 2722 910 2786 feria.
950 2723 992 2786 Et
1013 2722 1093 2787 alios
1115 2721 1225 2802 plures
1247 2718 1402 2784 articulos

203 2824 284 2889 dixit
306 2841 341 2887 se
363 2823 482 2887 habere
504 2823 536 2885 In
558 2821 659 2887 domo.

503 2936 629 2992 Protirco

301 3025 381 3091 Item
414 3024 535 3088 audivit
567 3024 686 3102 samari,
720 3023 804 3103 quod
835 3024 904 3105 ipse
939 3022 1007 3087 Hus
1038 3022 1126 3102 dirit,
1161 3022 1245 3104 quod
1274 3020 1403 3103 quidam

201 3126 303 3192 BeIIal
324 3127 409 3190 inter
431 3132 539 3189 cetera
562 3124 707 3206 scripsit,
741 3124 825 3204 quod
855 3124 895 3188 de
921 3143 1004 3190 auno
1026 3124 1144 3189 domini
1167 3121 1403 3189 Irrcccc⁰1x⁰
1437 3168 1440 3173 -

235 3243 285 3295 Ioe
302 3242 362 3295 otei

202 3346 335 3408 surgere
357 3327 463 3407 debet,
485 3327 538 3408 qui
560 3327 758 3405 evangelium
781 3324 900 3390 Christi
923 3325 989 3390 vult
1011 3323 1199 3403 destruere,
1220 3330 1255 3389 et
1276 3324 1338 3391 hoc
1352 3331 1404 3391 est

269 3445 313 3496 Iria
329 3444 468 3496 orrentitur.

202 3529 271 3612 ipse
293 3548 376 3611 papa
396 3527 577 3592 Alexander

300 3629 383 3693 Item
403 3647 501 3711 super
522 3628 656 3693 articulo
679 3628 720 3692 de
735 3627 892 3693 seditione
915 3628 1081 3709 respondit
1095 3645 1130 3693 se
1152 3625 1323 3709 audivisse,
1338 3627 1398 3694 sed

202 3747 357 3812 praesens
379 3748 442 3794 non
464 3729 623 3810 interfuit,
646 3738 680 3793 et
694 3729 757 3793 aIIa
778 3729 884 3793 omnia
904 3729 937 3793 in
959 3729 1070 3794 eodem
1092 3730 1228 3795 articulo
1249 3736 1403 3796 contentu

203 3829 265 3896 dici
286 3830 326 3896 de
347 3831 505 3896 communi
527 3831 608 3895 fama
631 3830 746 3895 audivi.

300 3931 475 3995 Seditioaua
501 3952 571 3993 cum
593 3932 643 3993 dei
663 3932 773 4012 pratia
795 3950 967 4011 orcmpuom
981 3931 1037 4012 sui
1049 3978 1056 4003 ,
1084 3931 1140 3993 sed
1161 3950 1286 4013 comper
1301 3951 1400 4013 prae·

203 4034 314 4106 dicaci,
351 4040 386 4093 nt
414 4053 524 4114 paoem
556 4032 697 4093 hominos
724 4033 850 4094 invicem
881 4033 1028 4094 haberent
1059 4040 1088 4094 et
1119 4039 1227 4093 mutuo
1258 4052 1292 4095 cc
1323 4032 1399 4097 diii-

199 4142 318 4215 omont.

300 4234 381 4298 Item
414 4252 511 4315 super
536 4234 691 4311 articulo,
725 4235 778 4298 ubi
800 4234 880 4298 dixit
903 4235 944 4300 M.
966 4235 1056 4311 Hus,
1091 4235 1176 4317 quod
1199 4231 1331 4300 Wikleff
1350 4240 1402 4301 est

261 4487 285 4549 ‘t
304 4490 338 4548 (t.
356 4502 395 4537 no
414 4484 496 4538 Malo
513 4492 621 4546 structu,
639 4484 863 4553 karoioimapa)
876 4506 908 4532 =
920 4490 1046 4538 cucullata
1065 4489 1114 4537 vir!
1133 4491 1246 4550 consigna
1262 4490 1307 4537 hoe
1319 4490 1398 4539 liram

303 4573 425 4633 pertorquc
443 4574 473 4620 ad
491 4574 556 4619 Illam
575 4578 666 4633 partam
696 4567 724 4634 (i.
742 4588 764 4622 e.
783 4574 964 4636 IIieropragum,
988 4575 1018 4621 ad
1036 4573 1257 4636 antiepiscopum).
1294 4574 1327 4622 Ita
1343 4588 1401 4637 pc·

303 4658 368 4717 tulit,
386 4658 425 4704 aad
444 4658 473 4704 (Ic
491 4659 593 4705 veritate
610 4657 725 4707 detraxit.
