2992 5258
362 409 397 467 11.
414 409 456 464 Dc
468 409 505 463 ld.
523 409 548 463 J.
562 409 621 464 llus
639 408 811 464 Constantior
827 409 856 464 iu
873 424 1008 465 carcerem
1025 409 1156 478 conjecto.
1293 413 1355 483 267

163 615 375 689 seburgensem
389 620 460 673 tunc
481 614 610 685 receptis
624 614 661 673 ad
677 613 897 685 producendum
918 629 1017 674 coram
1038 614 1186 686 deputatis
1199 613 1357 693 nationum,

163 716 294 775 nondum
326 715 434 774 hahere
462 721 620 787 potnerunt
645 731 828 785 responsum.
871 715 1056 788 Quapropter
1081 715 1247 787 supplicant
1268 715 1355 775 dictis

163 813 281 873 Vestris
302 813 535 873 Paternitatibus
557 815 666 873 domini
688 813 844 886 saepefati,
875 823 1016 888 quatenus
1039 815 1134 876 adhuc
1154 815 1271 887 placeat
1291 815 1354 874 dic·

162 920 223 972 tam
256 915 391 974 cedulam
417 915 588 988 intelligere
620 921 651 973 et
677 931 851 988 responsum
879 917 953 988 ipsis
980 915 1171 976 offerentibus
1193 917 1229 974 de
1253 916 1355 974 eadem

161 1013 235 1072 dare
254 1017 340 1088 Juxta
359 1016 391 1073 iu
414 1017 516 1074 eadem
538 1022 711 1087 expressata
732 1024 761 1075 et
784 1017 885 1087 petita.
907 1017 947 1074 Et
968 1017 1143 1088 praesertim
1158 1015 1353 1075 consideratis

161 1114 380 1185 gravaminibus
412 1115 503 1174 illatis
524 1115 565 1173 M.
587 1116 870 1187 Joanuipraedicto,
902 1131 976 1188 quae
1004 1132 1041 1175 ex
1072 1116 1150 1176 dicta
1180 1116 1285 1174 cedula
1319 1119 1350 1174 et

160 1214 349 1285 praecedenti
378 1214 476 1289 colligi
502 1221 641 1288 possunt,
673 1216 770 1274 velitis
803 1216 1035 1276 misericorditer
1074 1216 1241 1285 advertere,
1274 1215 1354 1288 qnod

162 1311 328 1385 huiusmodi
349 1314 517 1387 gravamina
549 1315 644 1375 eidem
666 1331 720 1387 per
746 1315 840 1374 dictos
869 1316 997 1375 aemulos
1028 1332 1106 1387 suos,
1139 1316 1253 1375 seclusa
1273 1315 1353 1373 omni

165 1413 295 1482 caritate,
317 1413 457 1472 exlivore
477 1414 610 1473 rancoris
633 1421 662 1474 et
684 1416 743 1474 odii
764 1415 936 1475 inseruntur.
965 1416 1005 1476 Ut
1024 1415 1113 1489 igitur
1133 1415 1263 1488 ipsorum
1284 1431 1352 1474 con·

164 1510 300 1573 fundatur
320 1514 433 1573 malitia
454 1522 485 1574 et
506 1516 586 1574 clara
604 1517 713 1575 veritas
735 1516 890 1585 elucescat,
912 1517 1026 1589 placeat
1049 1516 1125 1575 scire
1147 1515 1233 1574 dictis
1249 1515 1353 1574 Pater·

166 1613 314 1681 nitatibus,
337 1615 414 1687 quod
435 1621 534 1674 uotum
557 1622 603 1674 est
616 1604 790 1685 baronibus‘,
812 1614 1000 1689 proceribus,
1021 1616 1181 1685 nobilibus,
1202 1616 1352 1674 civitaten·

165 1713 255 1783 sibus,
279 1714 442 1785 oppidanis,
464 1715 579 1775 clericis
592 1723 622 1775 et
641 1716 725 1775 laicis
740 1718 824 1789 regui
845 1716 989 1790 praedicti
1007 1715 1173 1784 Bohemiae,
1195 1716 1273 1787 quod
1292 1716 1353 1775 dic·

164 1818 207 1872 tus
228 1813 271 1871 M.
292 1814 378 1874 Joan.
398 1814 461 1873 Hus
484 1817 514 1873 in
536 1815 667 1873 omnihus
689 1815 801 1875 actibus
824 1817 884 1875 suis
914 1816 1098 1875 scholasticis
1113 1822 1143 1874 ot
1171 1815 1352 1876 ecclesiasti·

162 1915 211 1984 cis,
233 1921 264 1974 et
276 1915 426 1987 signanter
447 1916 478 1974 in
498 1916 767 1987 praedicationibus
790 1915 1007 1988 publicis,iecit
1028 1922 1058 1974 at
1079 1915 1175 1975 lacere
1194 1916 1352 1986 consuevit,

161 2021 192 2072 et
212 2016 350 2086 repetitis
371 2015 484 2074 actibus
513 2032 577 2074 cum
599 2015 704 2075 etiectu
735 2016 900 2089 hujusmodi
938 2017 1166 2088 protestationes
1187 2017 1251 2077 siue
1279 2032 1351 2089 quo-

156 2129 283 2186 cumque
323 2112 401 2173 iacto
432 2117 580 2174 contrario
616 2117 729 2175 validas
761 2117 871 2175 babere
902 2117 994 2175 voluit
1033 2122 1063 2175 ot
1094 2117 1206 2175 curavit
1236 2116 1350 2176 meliori

156 2214 249 2272 modo
273 2220 304 2272 et
332 2213 438 2284 forma,
469 2215 571 2287 quibus
598 2217 663 2288 ipse
688 2217 729 2275 M.
751 2218 835 2276 Joau.
858 2218 921 2277 llus
943 2217 1062 2275 cosdem
1091 2214 1189 2276 iacere
1209 2217 1301 2276 voluit
1322 2222 1352 2274 ct

153 2316 268 2385 potuit,
289 2323 377 2388 prout
397 2317 426 2374 in
448 2316 503 2375 hac
524 2317 735 2388 protestatione
758 2334 811 2376 sua
832 2319 944 2390 patenti
964 2335 1019 2390 per
1038 2319 1133 2389 ipsum
1154 2317 1232 2376 circa
1253 2317 1352 2374 deter-

150 2415 350 2474 minationem
372 2417 522 2489 quusdam
543 2418 724 2489 quaestionis
746 2416 823 2476 iacta
845 2424 876 2476 et
896 2419 993 2488 posita
1008 2423 1037 2476 et
1057 2418 1088 2475 in
1110 2417 1177 2475 aliis
1199 2417 1259 2475 suis
1282 2431 1351 2487 pro·

149 2517 377 2587 testationibus,
392 2523 425 2576 ut
435 2516 608 2590 praefertur,
631 2519 833 2589 patentissime
849 2517 949 2588 iactis,
966 2517 1086 2578 cuilibet
1101 2516 1226 2575 intuenti
1237 2517 1350 2575 clarere

148 2617 272 2688 potera
292 2616 450 2687 evidenter,
473 2633 547 2689 quae
568 2619 598 2677 in
620 2616 713 2676 iorma
735 2620 864 2691 sequitur
885 2625 915 2678 et
936 2625 984 2678 est
1002 2616 1105 2678 talis:“

264 2715 380 2794 „Quia
401 2733 491 2789 super
512 2718 609 2776 omnia
631 2719 768 2777 desidero
790 2720 931 2778 honorem
953 2720 1015 2789 dei,
1043 2717 1205 2791 proiectum
1233 2724 1350 2776 sanotae

145 2815 326 2887 ecclesiae,
359 2817 437 2892 quod
467 2818 519 2876 sim
542 2815 629 2876 fidele
651 2819 810 2876 membrum
836 2819 910 2877 iesu
932 2819 1041 2878 Christi
1070 2818 1192 2885 domiui,
1224 2818 1274 2889 qui
1303 2821 1351 2875 est

160 2922 254 2989 eaput
275 2923 306 2976 et
325 2932 451 2988 sponsus
474 2917 617 2976 ecclesiae
639 2925 769 2987 sauctae,
795 2935 878 2992 quam
901 2919 1035 2979 redemit:
1056 2920 1146 2991 igitur
1166 2919 1242 2978 sicut
1268 2922 1350 2988 prius

155 3015 228 3085 ieci,
247 3017 292 3076 ita
313 3022 344 3074 et
358 3034 433 3076 nunc
456 3016 531 3076 facio
552 3020 639 3077 istam
660 3020 911 3090 protestationem,
947 3020 1025 3091 qnod
1045 3036 1200 3091 numquam
1220 3021 1350 3092 pertina-

154 3117 236 3175 citer
259 3117 321 3176 dixi
343 3133 398 3176 uec
419 3117 485 3176 volo
507 3118 537 3176 iu
559 3124 709 3190 posterum
731 3118 840 3192 dicere,
861 3120 939 3191 quod
960 3118 1036 3178 foret
1057 3121 1232 3180 contrarium
1254 3120 1348 3179 credi·

146 3212 212 3276 bili
239 3216 372 3290 veritati,
403 3217 528 3290 denique
558 3219 636 3291 quod
656 3219 751 3289 tenui,
784 3226 870 3278 teneo
893 3227 924 3278 et
944 3227 1045 3279 tenere
1067 3217 1190 3278 firrniter
1211 3221 1348 3280 desidero

151 3331 274 3375 omnem
295 3317 446 3377 veritatem
470 3319 648 3389 credibilem,
671 3319 714 3377 sic
735 3320 812 3392 qnod
827 3327 983 3393 autequam
1004 3319 1110 3379 vellem
1126 3335 1257 3378 errorem
1279 3335 1349 3378 oeu-

149 3417 280 3475 trarium
302 3416 471 3494 defendere,
494 3420 592 3490 potius
607 3420 636 3477 iu
659 3435 712 3491 spe
728 3425 758 3478 et
779 3420 887 3478 auxilio
910 3421 1019 3479 domini
1034 3427 1154 3494 paterer
1175 3419 1349 3491 supplicium

154 3517 240 3576 dirae
262 3517 372 3586 mortis,
394 3518 451 3575 imo
474 3519 591 3591 adjutus
614 3519 661 3577 dei
683 3520 792 3578 auxilio
814 3528 933 3592 paratus
957 3539 1021 3580 sum
1042 3520 1280 3597 ritamgmiscram
1294 3534 1348 3590 pro

152 3616 223 3692 lege
244 3618 356 3677 Christi
377 3634 533 3690 exponere,
557 3636 641 3692 qnam
663 3621 753 3680 credo
776 3621 933 3680 secundum
955 3620 1115 3694 quamlibet
1136 3621 1199 3692 ejus
1215 3619 1342 3689 particu-

155 3716 216 3775 lam
237 3732 305 3777 esse
334 3718 430 3777 datam
459 3721 674 3778 sacratissimae
701 3723 840 3781 trinitatis
868 3722 991 3781 consilio
1021 3728 1051 3781 et
1077 3736 1132 3793 per
1160 3726 1276 3779 sanctos
1299 3717 1348 3777 dei

160 3816 292 3877 homiues
324 3833 379 3890 pro
414 3819 509 3878 salute
540 3819 659 3878 humaui
690 3823 807 3894 generis
836 3823 1054 3896 promulgatam.
1097 3821 1192 3882 Credo
1220 3821 1348 3890 insuper,

159 3918 239 3977 illius
272 3919 348 3992 legis
378 3919 508 3986 sineulos
535 3921 673 3979 articulos
703 3923 740 3980 ad
767 3922 848 3980 illum
876 3923 1067 3994 intellectum,
1093 3922 1130 3981 ad
1152 3937 1237 3994 quem
1259 3920 1348 3978 hene·

161 4017 240 4077 dicta
267 4018 384 4077 trinitas
426 4022 571 4091 praecipit
605 4021 673 4080 illos
704 4021 797 4091 credi,
830 4023 906 4082 unde
936 4025 1012 4083 sicut
1038 4024 1068 4082 iu
1106 4020 1350 4093 responsionibus

160 4123 190 4175 et
210 4117 325 4177 actibus
358 4119 543 4178 scholasticis
575 4137 611 4180 ac
638 4123 669 4179 iu
700 4122 968 4194 praedicationibus
1001 4123 1125 4195 publicis
1152 4137 1197 4179 me
1227 4118 1347 4179 submisi

160 4218 346 4292 saepissime,
373 4219 416 4277 ita
439 4225 469 4277 et
488 4238 565 4280 nunc
587 4221 724 4280 submitto
748 4223 827 4281 etin
850 4230 999 4295 posterum
1020 4223 1087 4282 velo
1108 4220 1257 4281 humiliter
1278 4219 1347 4279 suh-

159 4318 272 4377 mittere
296 4316 383 4392 hujus
396 4321 614 4379 sacratissimae
628 4321 703 4393 legis
719 4323 902 4382 ordinantiae
924 4330 954 4381 et
967 4322 1199 4383 reconciliationi
1220 4337 1255 4381 ac
1276 4319 1348 4379 ohe·

160 4416 296 4484 dandae,
318 4425 439 4490 paratus
461 4435 608 4491 revocare,
631 4422 771 4494 quidquid
786 4423 896 4492 fflxero,
919 4424 1005 4482 docto
1028 4423 1105 4495 quod
1121 4424 1160 4481 sit
1171 4421 1347 4483 contrarium

159 4518 339 4577 orthodoxae
362 4517 431 4578 fidei
453 4527 484 4579 et
504 4521 668 4582 veritati.““

259 4618 324 4692 ,Ex
351 4620 456 4693 quihus
485 4621 601 4693 quidem
631 4623 889 4694 protestationibus
923 4629 953 4682 et
980 4623 1045 4682 aliis
1074 4623 1167 4682 modis
1196 4627 1226 4681 et
1246 4620 1346 4680 formis
