2992 5258
154 423 217 485 210
394 413 587 469 decusationes
605 412 642 466 bt.
659 412 685 466 J.
704 412 763 466 Has
780 410 893 480 ejusque
911 425 1049 480 responsa.
1082 413 1108 466 i).

155 621 244 680 debet
263 619 444 690 praecedere
468 615 502 676 1⁰
519 617 664 686 contritio,
686 612 866 674 2⁰voluntas
889 616 966 673 ultro
980 630 1039 673 non
1054 615 1204 686 peccandi,
1228 610 1264 674 3⁰
1277 625 1348 674 vara

155 720 302 780 consessio
329 725 359 777 et
382 719 417 776 4η
439 735 507 790 spes
534 717 646 775 veniae.
689 717 726 775 Ι111
749 722 832 787 patet
852 715 1017 774 Ezechielis
1043 718 1088 784 18,
1121 714 1171 772 ubi
1201 714 1273 773 dicit
1294 714 1348 772 do·

155 822 263 879 minus:
290 819 320 878 Si
348 818 453 889 impius
483 817 576 891 egerit
603 815 828 889 poenitentiam3
859 817 898 872 2¹¹¹
918 820 999 886 patet
1028 814 1150 873 Joaunis
1182 816 1217 871 5⁰
1239 820 1270 872 et
1292 811 1348 873 8⁰:

153 919 223 978 Noli
245 919 368 989 amplius
389 932 528 994 peccarc;
552 917 593 972 3¹¹¹
615 915 713 973 Lucae
738 916 863 984 17:1te,
886 914 1032 972 ostendite
1055 929 1108 971 vos
1131 912 1349 984 sacerdotibus;

154 1021 196 1076 4¹⁰
219 1019 309 1079 Math.
333 1013 381 1076 9⁰:
414 1014 534 1075 confide
557 1013 606 1085 fili,
636 1014 819 1073 dimittuntur
846 1015 900 1072 tihi
921 1019 1043 1085 peccam
1070 1019 1127 1071 tua.
1169 1013 1255 1071 Aliae
1277 1027 1347 1084 pro·

152 1117 287 1177 bationes
306 1116 402 1175 dictae
414 1116 623 1187 propositionis
646 1122 806 1187 sequuntur
825 1115 934 1173 ibidem
956 1113 1082 1186 capitulo
1100 1117 1138 1171 10
1152 1129 1207 1184 per
1228 1117 1347 1171 sanctos

155 1216 372 1289 Hieronymum,
387 1215 586 1287 Augustinum,
601 1215 785 1283 Richardum,
802 1231 856 1286 per
869 1214 1037 1287 magistrum
1058 1214 1277 1284 sententiarum,
1297 1211 1348 1284 qui

154 1331 193 1374 ex
214 1315 315 1375 verbis
337 1316 417 1374 beati
431 1314 600 1387 Hieronymi
622 1315 711 1373 infert
732 1315 848 1373 dicens:
869 1314 924 1372 Hic
949 1320 1051 1386 aperta
1074 1314 1247 1380 ostenditur,
1269 1310 1347 1384 quod

156 1433 216 1474 non
239 1417 370 1488 seqnitur
391 1415 464 1474 deus
480 1415 623 1473 ccclesiae
635 1415 783 1487 iudicium,
806 1431 878 1488 quae
901 1431 955 1486 per
977 1415 1190 1486 surreptionem
1212 1418 1242 1470 et
1262 1412 1347 1484 iguo·

153 1516 277 1573 rautium
295 1515 416 1587 iudicat,
439 1521 469 1573 et
490 1515 583 1573 addit:
604 1516 751 1573 Interdum
768 1515 852 1583 enim,
875 1515 923 1588 qui
943 1513 1022 1572 foras
1037 1514 1167 1581 mittitur,
1187 1513 1208 1573 i,
1224 1527 1249 1569 a.
1265 1518 1349 1568 omre

152 1620 283 1674 sanctam
305 1615 460 1673 ecclesiam
488 1631 543 1686 per
564 1615 748 1673 sacerdotem
772 1631 838 1673 esse
856 1615 1021 1688 judicatur,
1053 1615 1131 1672 intus
1154 1616 1214 1681 est,
1246 1618 1279 1669 et
1299 1611 1348 1683 qui

153 1713 225 1773 ioris
241 1722 287 1772 est
301 1716 458 1773 secuudum
472 1715 632 1783 veritatem,
654 1715 733 1772 intus
747 1715 869 1772 retineri
884 1715 998 1773 videtur
1012 1730 1066 1785 per
1081 1711 1186 1771 falsum
1204 1709 1347 1784 jndicimn

154 1814 349 1876 sacerdotum,
392 1815 473 1873 Haec
504 1815 651 1886 magister.
695 1815 735 1872 Et
760 1815 865 1872 iterum
894 1815 977 1873 dicit:
1008 1812 1165 1881 Sacerdos,
1195 1810 1244 1883 qui
1273 1809 1349 1868 alios

153 1913 225 1987 ligat
257 1921 286 1973 et
312 1914 414 1983 solvit,
447 1914 537 1973 debet
562 1930 629 1972 esse
657 1914 802 1973 discretus
831 1920 862 1972 et
885 1917 998 1986 Justus,
1031 1912 1158 1985 alioquin
1191 1908 1349 1969 mortificat

153 2029 243 2085 saepe
265 2013 390 2082 animas,
414 2029 487 2085 quaa
509 2029 566 2071 non
589 2014 764 2083 moriuntur,
786 2020 816 2073 et
836 2013 977 2087 vivificat,
1000 2029 1074 2086 quac
1096 2029 1154 2070 non
1174 2012 1289 2080 vivunt,
1318 2016 1348 2070 et

152 2114 195 2172 ita
209 2113 312 2171 incidit
331 2113 362 2171 in
384 2112 598 2172 maledictionis
611 2114 750 2186 jndicium
765 2113 929 2172 Malachiae
946 2116 996 2170 2⁰:
1018 2112 1192 2170 Maledioam
1207 2110 1347 2169 benedic·

152 2213 280 2271 tionibus
311 2213 418 2271 restris
448 2220 477 2272 et
502 2212 754 2272 maledictionibus
775 2213 955 2273 benedicam.
998 2213 1085 2271 Patet
1106 2211 1193 2270 etiarn
1214 2210 1273 2268 hoc
1293 2225 1347 2282 per

154 2311 273 2370 beatum
296 2311 469 2385 Gregorium
490 2313 520 2370 in
543 2312 640 2370 multis
661 2312 743 2383 locis,
767 2313 811 2372 XI
832 2330 859 2385 q.
883 2315 900 2370 3
922 2313 1101 2385 plerumque.

254 2411 461 2484 recapitare
489 2412 532 2471 XI
557 2413 586 2470 in
609 2409 736 2471 a⁰t01i0
768 2413 888 2471 dicitur:
926 2411 1098 2471 Sacerdotes
1124 2427 1206 2470 omme
1237 2409 1348 2468 dictam

152 2511 317 2582 empturas
338 2515 365 2570 et
379 2514 555 2585 praesertim
576 2514 729 2587 euangelii,
761 2513 840 2586 qued
859 2513 976 2571 eiciatur
996 2513 1039 2569 eis
1059 2503 1174 2579 screare,
1196 2512 1230 2567 at
1251 2511 1347 2568 esseni

151 2610 265 2681 elicitas,
294 2611 422 2682 delicati,
454 2613 562 2670 mando
589 2614 692 2686 iaelgii
713 2617 740 2671 ei
758 2613 835 2671 mihil
850 2614 998 2684 policrates
1014 2628 1071 2682 pro
1099 2610 1213 2669 Cleristo
1234 2610 1346 2681 impro-

146 2711 234 2783 perii,
259 2708 338 2769 illud
358 2713 516 2780 ruminant,
534 2714 732 2784 proclamant,
753 2713 909 2771 extendunt
929 2713 1017 2771 mimis
1038 2713 1113 2781 iate‚·
1144 2710 1222 2784 qaod
1244 2713 1342 2767 mamm

150 2813 237 2869 sonat
250 2811 283 2868 in
296 2812 443 2885 sequelam
456 2810 529 2870 Jesa
547 2809 665 2880 Christi,
687 2816 720 2870 at
745 2815 953 2885 paupertatem,
977 2811 1120 2881 mititiam,
1142 2809 1343 2877 humilitatem,

150 2911 345 2980 tolerantiam,
374 2911 537 2973 cast-itatem
557 2912 603 2969 ael
616 2912 803 2984 patientiam,
832 2912 910 2970 illud
930 2911 1117 2983 supprimant
1144 2910 1191 2969 eei
1210 2910 1345 2982 glossam

150 3010 192 3068 ad
221 3026 308 3068 saum
327 3010 448 3082 libitam,
477 3013 523 3069 oel
549 3028 681 3083 expresse
710 3013 869 3082 repudiant
904 3015 1052 3085 tamquam
1086 3009 1277 3082 impertinens
1305 3006 1345 3067 ad

150 3110 283 3169 salutem.

247 3211 329 3269 Istud
351 3210 459 3269 dictum
480 3210 587 3282 probat
607 3212 711 3270 beatus
728 3211 896 3283 Gregorius,
919 3210 1026 3269 omelia
1043 3211 1081 3270 17
1097 3209 1249 3267 adducens
1269 3206 1343 3266 illud

149 3309 269 3368 verbum
304 3309 413 3370 Christi
446 3311 550 3371 Matth.
583 3314 614 3370 9:
642 3311 750 3371 Massia
788 3312 903 3384 quidem
931 3312 1038 3380 multa,
1074 3309 1203 3381 operarii
1247 3314 1344 3366 aotam

149 3411 243 3481 pauci,
276 3416 306 3469 et
334 3411 443 3481 dicens,
465 3412 542 3484 quod
565 3413 627 3471 sine
649 3413 730 3486 gram
752 3428 886 3471 moerore
907 3412 987 3485 loqui
1009 3428 1067 3468 uon
1088 3424 1256 3482 possumus3
1277 3423 1345 3465 nam

151 3509 207 3567 etsi
229 3514 307 3580 sunt,
330 3511 379 3582 qui
400 3510 478 3569 bona
499 3512 761 3582 audiant„dcsnnt
782 3520 890 3583 mmcn,
921 3513 970 3585 qui
992 3512 1099 3571 dicant.
1142 3509 1221 3567 Ecce
1245 3523 1343 3566 sacer·

152 3607 270 3667 dotibus
292 3608 397 3681 plenus
425 3616 472 3669 est
492 3614 630 3682 mundus,
659 3617 691 3671 et
710 3619 807 3672 tamen
831 3614 861 3672 in
889 3628 985 3671 messe
1012 3612 1060 3670 dci
1087 3626 1171 3668 rarus
1199 3607 1346 3666 invonitur

152 3708 323 3781 operarius3
349 3724 416 3767 nam
438 3712 633 3770 sacerdotium
655 3712 770 3784 quidem
792 3713 981 3783 suscepimus,
1009 3710 1061 3770 sed
1089 3725 1163 3781 opus
1186 3706 1345 3767 sacerdotii

151 3821 211 3866 non
231 3807 422 3879 implevimus.
464 3810 505 3868 Et
524 3809 601 3869 inira
622 3811 706 3870 dicit:
736 3810 782 3870 Ad
805 3812 954 3869 exteriora
975 3812 1092 3883 negotia
1112 3807 1220 3881 dilapsi
1243 3822 1344 3867 sumus

151 3912 182 3965 et
202 3906 282 3965 aliud
304 3924 340 3966 ex
361 3907 472 3967 bonore
495 3912 675 3982 suscepimus
698 3915 784 3983 atque
807 3910 885 3970 aliud
907 3911 1030 3969 actionis
1052 3909 1148 3968 officio
1164 3905 1344 3975 exhibemus,

150 4005 398 4079 praedicationem
420 4009 609 4081 relinquimus
631 4016 661 4068 et
682 4016 714 4068 ut
735 4009 819 4068 video
841 4011 878 4069 ad
901 4026 1027 4082 poenam
1051 4014 1182 4067 nostram
1208 4005 1346 4078 episcopi

149 4123 296 4178 vocamur,-
315 4108 364 4181 qui
385 4106 504 4169 honoris
525 4126 639 4179 nomen,
660 4126 720 4169 non
733 4110 869 4168 virtutem
890 4117 1031 4170 tenemus.
1053 4110 1092 4168 Et
1112 4106 1202 4166 inira:
1225 4104 1345 4164 Nullam

150 4223 248 4266 curam
268 4208 427 4266 animarum
448 4209 547 4282 gregis
568 4210 703 4281 gerimus,
731 4210 768 4268 ad
783 4217 884 4268 nostra
899 4211 1045 4282 stipendia
1057 4225 1202 4279 vocamus,
1225 4214 1346 4266 terreus

150 4306 381 4379 concupiscimus
403 4313 433 4366 et
454 4308 607 4367 humanam
629 4310 750 4383 gloriam
778 4311 892 4369 intenta
917 4320 1013 4370 mente
1035 4317 1193 4383 captamus,
1224 4316 1344 4368 eausam

151 4405 198 4464 dei
218 4406 416 4480 relinquimus,
438 4407 475 4466 ad
496 4414 616 4467 terrena
635 4410 754 4483 negotia
768 4409 947 4486 festinamus,
974 4412 1068 4470 locum
1090 4410 1256 4470 sanctitatis
1278 4423 1342 4466 sus·

150 4505 271 4577 cipimus
299 4512 330 4565 et
354 4508 477 4566 terrenis
507 4511 632 4582 negotiis
661 4509 850 4583 implicamur.
894 4513 974 4571 Haeo
1005 4510 1164 4584 Gregorius
1194 4514 1226 4568 ct
1253 4505 1341 4566 multe

150 4604 209 4664 alia
228 4606 258 4664 in
272 4606 375 4666 eadem
396 4607 503 4667 omelia
522 4615 553 4668 et
572 4625 662 4683 saepe
684 4610 762 4681 alibi,
792 4613 821 4670 in
844 4613 992 4684 pastorali,
1016 4611 1047 4669 in
1070 4609 1231 4670 moralibus
1251 4615 1284 4669 et
1309 4607 1338 4665 iu
