2992 5258
277 407 302 458 7.
320 404 467 459 Abrohom.
501 408 526 460 8.
544 404 602 459 Rex
621 404 801 460 Wenceslaus
819 405 933 475 collegio
952 404 1143 460 Cordinolium.
1250 412 1311 475 343

211 606 272 674 Die
300 609 403 691 prima
429 610 547 675 mensis
569 609 648 675 Julii
669 608 841 692 'praefatus
872 609 1033 676 Abraham
1059 610 1099 675 de
1130 610 1311 676 carceribus

105 712 263 793 emissus,
294 711 440 793 promisit
462 712 611 792 quotiens
634 717 667 776 et
688 710 814 792 quaudo
839 711 1025 776 evocabitur
1047 729 1152 777 coram
1174 711 1310 777 dominis
1356 740 1359 748 v

104 812 238 876 vicariis
254 830 290 876 se
305 819 456 889 statuere,
481 817 514 876 et
535 813 595 877 hoc
610 813 683 878 hinc
698 819 731 876 et
753 812 926 892 proximam
950 812 1006 877 fer.
1030 813 1111 877 VI¹²¹¹¹
1133 814 1193 878 sub
1207 831 1311 895 poena

105 912 455 980 excommunicationis.

695 1190 732 1266 8.

104 1419 393 1505 Wenceslaue
437 1447 512 1501 rex
553 1418 735 1529 collegio
779 1414 1071 1501 Oardinalium
1120 1417 1311 1501 declarat

103 1558 339 1639 missurum
373 1584 420 1637 se
450 1556 572 1665 regni
602 1555 667 1636 sui
700 1553 918 1661 praelatos
956 1564 999 1636 ct
1030 1563 1223 1636 oratores
1255 1553 1311 1635 ad
1395 1564 1400 1583 '

104 1691 338 1776 concilium
372 1688 594 1792 Pisanum,
638 1687 870 1772 dummodo
903 1689 1170 1797 excipiantur
1201 1697 1311 1770 tam-

243 1852 372 1934 quam
399 1827 488 1906 veri
514 1822 806 1906 Romanorum
832 1825 947 1933 regis
975 1832 1179 1905 oratores.

497 2036 698 2103 Wratislaviae,
718 2038 793 2104 llos,
812 2037 846 2089 24
862 2034 928 2090 Nor.

109 2323 155 2384 (E
166 2323 297 2376 Mortem
314 2331 339 2374 et
359 2321 486 2375 Durond
506 2321 632 2374 Veterum
655 2323 823 2390 scriptorum
848 2331 875 2373 ct
893 2331 1130 2374 rnorrurneatoram
1156 2321 1312 2374 collectione

437 2406 712 2475 amplissima,'tomo
738 2405 804 2466 VII,
820 2422 889 2473 pap.
908 2400 986 2470 891.)

213 2708 482 2774 Reverendissimi
505 2713 623 2790 patrea,
647 2707 740 2772 amici
756 2706 927 2771 carissimi!
952 2707 1076 2783 Quanta
1097 2706 1203 2772 cordis
1219 2705 1312 2772 allec·

10 2824 13 2869 ι
122 2805 215 2889 hone,
249 2815 369 2891 quanta
401 2810 496 2873 animi
528 2808 680 2874 aviditate
714 2808 840 2881 unionis
872 2815 1002 2873 sanctae
1025 2810 1135 2874 matris
1159 2809 1312 2874 ecclesiae

122 2909 403 2992 reintegrationem,
427 2911 581 2975 hactenus
606 2909 797 2989 aliquamdiu
810 2909 1052 2990 praestolatam,
1080 2910 1188 2974 nelare
1205 2909 1310 2975 nosci-

123 3005 205 3090 mini,
234 3011 328 3076 testis
351 3019 401 3075 est
423 3010 638 3091 experientia,
667 3028 753 3091 quae·
771 3028 829 3091 per
852 3028 886 3073 se
909 3009 1066 3090 loquitur3
1088 3010 1185 3075 testis
1208 3016 1314 3075 estet

118 3106 183 3175 Sola
207 3111 400 3193 scriptorum
426 3130 463 3175 ac
493 3112 675 3175 nuntiorum
704 3118 884 3175 vestrorum
913 3110 1027 3175 crebra
1056 3129 1114 3192 per
1141 3127 1198 3174 vos
1221 3108 1313 3175 nobis

113 3212 294 3293 ceterisque
310 3211 417 3275 mundi
437 3211 634 3293 principibus
649 3217 682 3276 ct
704 3210 851 3275 fidelibus
867 3230 964 3292 super
979 3213 1038 3277 hoc
1054 3211 1312 3276 transmissorum

102 3311 296 3391 replicatio,
331 3330 411 3393 quae
441 3330 497 3376 vos
531 3329 635 3377 coram
669 3311 839 3393 hlajestate
872 3312 991 3378 Nostra
1021 3311 1165 3393 ejusdem
1186 3311 1313 3378 unionis

91 3411 312 3478 orotestatur
345 3410 455 3493 utique
488 3413 584 3478 utiles
618 3418 827 3495 promotores
859 3414 924 3478 Vos
954 3414 1050 3492 enirn,
1080 3419 1116 3478 ut
1138 3431 1177 3477 ex
1200 3420 1312 3479 tenore

83 3489 152 3587 huj
160 3514 292 3580 msmodi
322 3515 514 3594 scriptorum
552 3520 730 3579 vestrorum
757 3514 940 3594 didicimus,
977 3515 1008 3578 in
1037 3513 1218 3579 resecandis
1249 3520 1313 3579 tarn

74 3606 301 3680 let-niciosis
329 3614 473 3698 pestiferi
502 3615 682 3680 schismatis
711 3615 883 3696 contagiis,
912 3615 1009 3680 veluti
1040 3613 1151 3678 fidelos
1174 3614 1313 3679 medicos

68 3693 233 3796 abSaue
245 3716 483 3781 intermissione
500 3716 653 3796 temporis
669 3715 832 3794 sollicitos,
848 3722 881 3778 et
893 3717 924 3778 in
938 3706 1127 3779 reducendis
1139 3714 1172 3779 in
1184 3721 1313 3780 sauctae

65 3803 245 3881 ullitatis
260 3834 397 3899 corpore
412 3816 628 3881 imbecillitate
646 3815 869 3895 languentibus
884 3816 1033 3880 memhris
1059 3816 1214 3898 pristinae
1230 3815 1314 3879 sani-

63 3893 171 3974 lati
192 3934 245 3982 vos
260 3914 398 3983 redditis
415 3935 508 3998 quam
524 3916 693 3998 plurimum
709 3934 871 3997 operosos.
894 3916 997 3997 Super
1012 3935 1074 3996 quo
1091 3916 1313 3981 sinceritatem

63 3986 261 4082 Vestram
291 4021 380 4082 tanto
415 4016 510 4081 altius
547 4015 816 4096 commendamus,
852 4023 969 4097 quanto
999 4035 1053 4080 vos
1087 4035 1145 4098 per
1168 4017 1227 4080 hoc
1249 4033 1312 4080 non

63 4108 244 4197 llopria
276 4117 455 4198 commoda,
489 4119 565 4199 quin
599 4119 706 4181 verius
740 4117 859 4182 Christi
893 4117 1032 4181 fidelium
1061 4117 1125 4198 jam
1155 4117 1313 4180 cernimus

63 4189 204 4282 luera
223 4236 378 4300 quaerere
400 4217 583 4284 animarum.
607 4218 654 4281 Ne
680 4223 786 4282 autem
808 4218 1030 4284 sollicitudinis
1053 4225 1192 4296 nostrae,
1220 4236 1312 4297 quam

69 4295 123 4363 all
183 4320 330 4390 unitatem
358 4327 390 4384 et
413 4327 531 4385 statum
546 4319 700 4384 ecclcsiae
716 4337 844 4400 semper
859 4319 943 4383 ultro
967 4319 1116 4398 gerimus,
1139 4317 1312 4399 dngentia,

72 4395 220 4478 Pffitllm
249 4421 354 4485 ΨΜ
402 4420 535 4484 notitiae
551 4421 594 4484 sit
608 4420 740 4484 forsitan
757 4420 917 4499 incognita
933 4438 990 4483 seu
1005 4418 1205 4500 aliquatenus
1221 4438 1312 4500 pere·

80 4509 221 4585 gl'ina:
249 4541 323 4589 ecce
356 4523 438 4588 scire
473 4522 613 4604 placeat,
647 4522 731 4602 quod
764 4522 902 4602 receptis
925 4520 1047 4601 pridem
1071 4521 1110 4585 ab
1133 4521 1312 4586 honorabili

84 4599 308 4705 Eieuonymo
331 4622 371 4688 de
392 4622 587 4705 Sydenberg,
613 4621 745 4687 doctore
760 4622 974 4699 decretorum,
995 4622 1077 4686 sacri
1101 4622 1209 4703 palatii
1225 4621 1312 4686 audi-
