2992 5258
1244 392 1305 458 273

284 590 519 678 Relationis
549 591 606 675 M.
637 591 754 676 Petri
784 591 837 675 de
868 590 1150 677 Mladenowie

536 872 671 939 PARS
703 872 912 940 TERTIA:

324 1055 375 1110 DE
391 1056 429 1109 Μ.
446 1056 472 1109 J.
489 1055 561 1110 HUS
577 1054 786 1111 AUDIENTIIS
803 1055 865 1109 DIE
883 1056 899 1111 5
916 1056 964 1111 ΕΤ
981 1061 997 1112 7
1013 1057 1115 1112 JUNlI.

185 1420 218 1475 ᾖ
218 1338 255 1476 5175
268 1338 477 1492 ἴθὶέἱαῗῖιέ.
491 1356 522 1408 p.
542 1338 575 1392 71
591 1347 617 1392 et
633 1338 787 1392 reo-152.
805 1367 838 1378 -
854 1337 939 1393 Mss,
955 1337 1052 1394 Vienna.
1063 1338 1149 1403 4524,
1161 1339 1317 1411 soe-63.

229 1755 365 1823 Sabbata
387 1755 624 1836 antellareelli,
646 1776 726 1837 quae
749 1762 819 1822 erat
841 1757 909 1822 dies
923 1746 1026 1839 prima
1045 1757 1163 1823 mensis
1174 1757 1195 1823 J
1198 1758 1263 1823 unii
1274 1758 1317 1841 l)‚

148 1853 253 1921 nobiles
264 1855 381 1920 domini
392 1855 580 1921 Bobemicae
593 1863 626 1921 et
636 1856 804 1922 Polonicae
821 1857 983 1922 nationum
998 1857 1181 1923 obtulerant
1196 1864 1316 1924 cartam

150 1968 198 2017 seu
216 1954 354 2020 cedulam
375 1973 481 2021 coram
503 1955 663 2039 deputatis
686 1957 811 2022 concilii
832 1957 865 2021 iu
887 1955 1074 2022 Constantia
1094 1957 1178 2041 apud
1200 1957 1316 2023 fratres

150 2050 286 2135 lliuores3
309 2057 342 2122 in
357 2075 420 2137 qua
434 2056 545 2122 cedula
559 2057 745 2138 ponebatur,
761 2056 953 2138 qualiteer
976 2058 1067 2123 Joan.
1085 2057 1155 2122 Hus
1167 2057 1322 2123 Constan-

152 2151 214 2218 tiam
231 2156 330 2221 iibere
352 2155 491 2234 veniens,
512 2152 606 2218 fidem
628 2173 717 2220 suam
738 2155 805 2220 rult
828 2155 957 2220 cuilibet
986 2155 1131 2237 poscenti
1160 2155 1321 2222 declarare

152 2253 235 2318 etde
263 2273 301 2320 ea
329 2253 464 2328 reddere
487 2253 650 2334 rationem,
673 2260 706 2319 et
728 2253 812 2336 quod
832 2253 878 2318 nil
898 2254 1020 2334 horum,
1041 2274 1121 2336 quae
1143 2255 1205 2320 sibi
1225 2257 1323 2321 ascri-
1415 2302 1419 2311 .

153 2345 269 2436 buntur,
299 2355 368 2419 vult
396 2354 604 2436 pertinaciter
632 2353 802 2419 defendere
832 2371 889 2418 seu
917 2362 1037 2434 tenere,
1060 2355 1118 2419 sed
1139 2355 1173 2419 in
1194 2356 1324 2436 quibus-

154 2463 257 2534 cunque
277 2454 414 2537 punctis,
437 2453 586 2518 clausulis
609 2472 667 2518 seu
687 2453 830 2518 articulis
852 2472 911 2535 per
937 2453 1132 2520 efficaciores
1148 2456 1324 2537 scripturas

155 2544 237 2619 luerit
260 2553 463 2634 informatuS,
496 2572 589 2635 quam
617 2553 686 2636 ipse
713 2552 873 2634 docuerit,
906 2554 1072 2637 scripserit
1093 2555 1145 2619 vel
1171 2555 1325 2638 posuerit

155 2660 266 2728 paratus
281 2660 332 2720 est
344 2654 508 2719 humiliter
529 2671 695 2733 revocare3
729 2659 765 2718 ut
786 2672 844 2747 sua
864 2656 1054 2735 protestatio
1076 2656 1110 2719 in
1132 2654 1217 2721 dicta
1238 2662 1327 2721 carto

156 2744 259 2820 inserta
287 2754 404 2820 elarius
425 2753 485 2818 hoc
509 2752 660 2831 ostendit,
684 2755 778 2834 (quae
799 2752 912 2835 incipit
933 2754 992 2818 sie:
1016 2755 1195 2819 Reverendi
1218 2761 1327 2836 patres

158 2852 185 2911 et
201 2851 325 2919 dominii
348 2852 472 2919 nobiles
494 2853 612 2918 domini
634 2853 823 2918 Bolremieae
846 2860 878 2917 et
899 2853 1068 2920 Polonicae
1090 2855 1254 2920 nationum
1276 2855 1326 2920 bic

158 2961 326 3026 praesentes
346 2953 402 3037 sc.)

238 3056 317 3121 Item
347 3054 526 3138 ponebatur
555 3054 697 3133 ulterius,
727 3053 863 3134 nuditer
884 3053 1001 3118 domini
1024 3058 1145 3135 petunt,
1169 3062 1204 3118 ut
1225 3055 1329 3119 eonci-

159 3140 221 3216 lium
239 3155 276 3220 od
296 3155 339 3235 id,
362 3153 446 3236 quod
467 3154 657 3236 praefertur,
680 3153 757 3217 velit
778 3152 863 3217 dieto
889 3153 941 3217 ul⁰
960 3153 1077 3219 Joanni
1099 3154 1176 3219 darc
1197 3154 1329 3219 audien-

161 3243 223 3316 tium
241 3256 405 3339 publicam,
428 3260 464 3317 ut
485 3259 624 3318 mentem
640 3272 729 3318 suam
743 3253 845 3335 possit
861 3254 1048 3335 exprimere,
1071 3261 1104 3319 et
1118 3254 1330 3319 intentionem

162 3349 188 3409 tt
204 3353 258 3421 alia
276 3356 318 3423 ad
340 3356 400 3419 boc
422 3356 653 3433 concurrentia,
675 3360 712 3417 ut
734 3355 828 3418 etiam
851 3354 883 3417 in
898 3353 984 3418 dicta
998 3354 1111 3419 cedula
1124 3354 1240 3419 elarius
1256 3372 1330 3418 con-

163 3444 270 3521 tinetur.
312 3456 356 3520 Et
388 3456 469 3520 banc
497 3455 684 3537 petitionem
712 3455 829 3520 domini
858 3455 920 3520 sibi
948 3455 981 3518 in
1013 3454 1171 3535 publicam
1200 3454 1332 3519 formem

164 3550 248 3636 redigi
266 3557 306 3623 ad
327 3555 479 3638 majorem
500 3554 594 3620 fidem
615 3556 694 3638 ipsis
716 3557 749 3620 in
771 3563 934 3637 posterum
948 3555 1123 3621 faciendam
1139 3556 1331 3638 petiverunt.

243 3657 288 3722 dd
299 3657 382 3722 hane
401 3656 588 3739 petitionem
601 3656 767 3737 respondit
782 3655 964 3738 patriarcha
975 3656 1191 3722 Antiochenus
1205 3655 1332 3721 nomine

166 3757 268 3822 tlucilii
299 3758 386 3822 inter
417 3756 516 3821 multa
548 3757 623 3836 alia,
657 3756 731 3837 quia
756 3757 867 3820 volunt
895 3756 972 3822 dare
999 3756 1084 3822 dicto
1112 3756 1162 3821 ll⁰
1189 3757 1239 3822 Jo.
1262 3755 1332 3820 llus

167 3851 336 3923 audentiam
363 3858 520 3940 publicam
550 3857 601 3924 die
623 3857 784 3938 nlercurii,
813 3858 891 3922 alias
918 3856 999 3922 feria
1020 3863 1133 3937 quarta
1153 3854 1333 3921 immediate

168 3949 226 4020 tunc
243 3958 395 4040 sequenti,
418 3976 498 4038 quae
521 3964 591 4023 eret
612 3957 680 4022 dies
702 3958 810 4037 perinte
833 3957 910 4023 dicti
931 3959 1048 4023 mensis
1069 3957 1172 4035 Junii;
1195 3953 1278 4038 quod
1299 3958 1333 4018 et

169 4042 298 4138 fecemnt,
324 4063 359 4122 ut
380 4058 534 4138 sequitur.

243 4157 441 4222 Adueniente
463 4157 548 4222 dicta
570 4157 620 4222 die
643 4158 832 4237 audientiae,
854 4157 1004 4222 videlicet
1024 4155 1105 4220 feria
1126 4161 1239 4236 quarto
1260 4160 1334 4236 post

168 4240 286 4322 Marcelli
309 4260 341 4331 (5
362 4258 460 4340 lun),
483 4265 700 4323 convenerunt
721 4259 762 4323 ad
789 4258 908 4323 dictum
938 4258 1041 4321 locum
1068 4254 1230 4322 refectorii
1253 4254 1334 4320 certi

170 4429 344 4453 χ...-

208 4525 228 4591 ⁸)
243 4528 371 4590 Deputatle
388 4528 510 4574 nationum
528 4527 586 4573 haee
609 4528 723 4574 schedula
748 4527 830 4574 oblato
846 4528 947 4586 eet'jdm
971 4527 1009 4571 die
1031 4526 1061 4572 31
1080 4525 1151 4581 Maii,
1184 4523 1338 4583 sigismundo

242 4615 292 4674 regi
310 4626 368 4661 rere
385 4612 423 4658 die
441 4612 453 4657 1
472 4611 540 4659 lunii
557 4606 622 4674 (vide
639 4624 720 4672 supra,
735 4626 753 4674 p
769 4625 794 4671 g.
814 4612 861 4660 256
880 4618 905 4659 et
923 4613 991 4669 lert).

1142 4705 1173 4758 18
