2992 5258
248 382 287 446 76
532 426 535 431 .
706 381 846 447 Epistulae
866 379 981 446 scriptae

248 602 330 645 mum
355 583 615 664 pertransivimus
637 582 822 663 Herspruk‚
856 589 888 646 et
919 591 993 646 tnnc
1025 581 1279 663 pernoctavimus
1309 582 1341 646 in
1363 580 1445 645 lani

249 681 393 759 civitate;
416 682 449 746 in
471 701 533 762 qua
547 684 635 747 venit
650 683 813 764 plebanus,
835 701 967 763 magnus
979 683 1104 764 jurista,
1128 700 1197 746 cum
1213 681 1348 760 vicariis,
1371 700 1442 746 eum

249 782 466 862 (mummuli,
500 784 553 864 qui
576 784 671 871 etiam
694 787 785 863 grate
812 782 917 848 omnia
946 783 1095 862 suscepit.
1140 781 1166 844 E
1202 798 1276 846 ecce
1299 781 1443 845 venimus

249 882 444 962 Normberlc,
477 884 509 947 in
532 903 593 965 qua
614 884 784 949 adrentum
806 889 950 949 nostrum
972 890 1167 948 mercatores
1189 881 1444 962 divulgaverunt,

250 983 302 1063 qui
324 1001 382 1047 nes
404 989 661 1064 praecesserant3
694 991 827 1067 propter
855 984 938 1065 qued
961 983 1097 1065 populus
1125 983 1231 1049 stabat
1255 983 1289 1047 in
1318 981 1444 1063 plateis,

249 1083 407 1163 aspiciens
429 1090 461 1148 et
483 1101 649 1165 quaerens
683 1084 754 1165 qtris
783 1093 869 1149 esset
891 1085 971 1164 ligr.
994 1084 1072 1149 Hns.
1116 1082 1159 1146 Et
1180 1087 1255 1147 ante
1277 1082 1444 1164 prandium

56 1244 60 1257 ,
152 1207 154 1212 ·
251 1182 369 1248 direxit
388 1184 464 1248 milri
486 1183 611 1249 literam
627 1183 1016 1266 Mmuoannesuerwu,
1040 1182 1198 1266 plebanus
1221 1182 1444 1261 elementi,

252 1284 395 1349 scribens
418 1284 502 1365 qued
523 1285 620 1349 vellet
641 1284 717 1350 mihi
739 1285 875 1350 libenter
897 1284 983 1365 loqui
1005 1285 1132 1364 alonge
1154 1288 1316 1365 tempore;
1337 1282 1389 1347 eui
1411 1283 1444 1347 in

252 1384 362 1449 eadem
385 1386 479 1451 litera
502 1385 695 1465 reintimavi‚
729 1385 812 1467 qnod
842 1386 979 1464 veniret,
1014 1390 1046 1451 et
1079 1385 1175 1449 venit.
1219 1383 1261 1448 Et
1283 1383 1445 1466 quiajam

251 1485 442 1566 scripseram
457 1485 695 1564 intimationem,
719 1485 828 1555 ‚volens
850 1485 1024 1568 applicare:
1047 1475 1175 1550 interim
1187 1484 1224 1547 D.
1238 1482 1445 1565 Wenceslaus

252 1585 369 1650 direxit
390 1604 448 1666 pro
471 1603 531 1665 me,
553 1586 628 1666 quia
649 1592 867 1651 convenerunt
889 1586 974 1649 cives
997 1591 1030 1649 et
1051 1584 1205 1665 magistri,
1228 1586 1372 1651 volentes
1394 1604 1444 1650 me

254 1685 361 1750 videre
384 1693 417 1751 et
438 1706 561 1752 mecum
582 1686 743 1753 conferre:
767 1705 826 1767 ege
850 1687 957 1753 statim
979 1703 1114 1766 surgens
1136 1703 1280 1750 amensa
1298 1685 1445 1751 transivi.

253 1787 295 1851 Et
316 1787 501 1853 direxerunt
522 1787 680 1867 magistri,
716 1787 800 1869 qrred
822 1787 1037 1852 conferremus
1059 1791 1200 1864 secrete;
1231 1785 1345 1867 quibus
1367 1786 1446 1850 dixi:

254 1888 320 1967 lige
334 1888 482 1969 praedico
505 1889 641 1969 publice,
664 1889 759 1953 etiam
783 1889 853 1954 vole
876 1887 960 1968 qnod
975 1886 1114 1966 audiant,
1137 1888 1316 1969 quicunque
1338 1886 1443 1952 velue

254 1987 326 2051 rint.
369 1989 411 2053 Et
433 1989 540 2052 statim
562 1990 601 2053 ab
616 1989 670 2054 illa
692 1989 770 2054 hera
792 1988 991 2067 contulimus,
1014 1989 1240 2070 praesentibus
1263 1987 1445 2052 consulibus

253 2095 286 2151 et
308 2089 437 2167 civibus,
461 2109 561 2170 usque
591 2089 810 2171 crepusculum
838 2090 950 2154 noetis.
993 2089 1072 2154 Erat
1093 2095 1202 2154 autem
1229 2088 1342 2153 docter
1364 2104 1446 2153 unns

254 2186 499 2270 CartlmsiensiS,
523 2192 576 2272 qui
598 2191 754 2271 arguebat
774 2189 926 2256 fabulose.
949 2189 991 2255 Et
1007 2188 1216 2268 consideravi,
1239 2187 1377 2270 quodll.
1395 2188 1446 2252 m-

255 2290 354 2365 ucrto,
378 2288 512 2369 plebane
535 2310 559 2355 s.
572 2290 708 2369 Sebaldi,
731 2290 901 2372 displicuit,
929 2290 1109 2371 qrrodcives
1131 2307 1232 2355 meam
1254 2289 1446 2354 sententiam

254 2389 489 2463 confirmabant.
532 2392 686 2456 Finaliter
708 2409 817 2456 omnes
839 2391 982 2472 magistri
1016 2395 1049 2455 et
1072 2390 1156 2455 cives
1185 2394 1348 2454 steterunt
1369 2407 1444 2455 eon·

254 2489 344 2555 tenti.
388 2489 492 2555 Etiam
514 2492 638 2571 scitote,
662 2492 746 2573 qued
768 2491 888 2555 nullum
911 2491 1013 2556 adhuc
1036 2491 1122 2555 sensi
1145 2489 1314 2555 inimicum.
1351 2489 1394 2555 Et
1415 2490 1448 2553 in

255 2588 396 2668 quelibet
417 2590 555 2671 hospitio
579 2609 637 2672 pre
660 2592 926 2656 recessionalibus
956 2590 996 2655 do
1019 2590 1129 2656 decem
1149 2589 1298 2655 mandata
1319 2590 1448 2671 hospiti,

255 2696 288 2752 et
309 2688 424 2753 alicubi
445 2691 570 2772 applico
593 2691 625 2756 in
648 2691 764 2769 larina3
799 2699 832 2756 et
854 2692 1000 2774 hospitae
1028 2709 1137 2756 enines
1166 2708 1235 2755 cum
1258 2691 1335 2755 viris
1357 2689 1448 2756 valde

255 2796 419 2867 gratanter
440 2790 619 2872 suscipiunt
639 2810 698 2855 me.
746 2791 864 2856 Nullibi
895 2792 990 2856 etiam
1021 2791 1225 2856 interdictum
1248 2798 1383 2872 penum,
1417 2795 1450 2855 et

255 2888 385 2954 laudant
407 2909 516 2955 omncs
539 2892 768 2958 intimationem
792 2892 1027 2958 teutonicalem.
1072 2890 1233 2957 Confiteor
1255 2908 1342 2971 ergo,
1365 2890 1449 2971 quod

255 3006 318 3052 nen
342 2992 577 3057 est'inimicitia
598 2993 639 3057 ad
663 3011 713 3056 me
734 2993 843 3074 major,
864 3012 956 3074 quam
979 2991 1182 3073 aregnicolis
1204 2990 1385 3057 Bohemiee.
1407 2990 1452 3056 Et

256 3089 330 3169 (prid
353 3091 436 3156 ultra
457 3090 614 3157 scribam?
636 3092 673 3155 D.
690 3092 896 3157 Wenceslaus
919 3098 952 3156 et
974 3092 1119 3157 similiter
1141 3090 1179 3154 Ι).
1193 3091 1336 3156 Joannes
1358 3089 1451 3155 valde

256 3191 308 3270 pie
331 3200 364 3255 et
386 3199 551 3271 gratanter
573 3211 622 3257 me
646 3200 794 3267 tractant,
818 3199 850 3257 et
865 3200 940 3258 sunt
962 3193 1053 3274 quasi
1075 3191 1199 3257 heroldi
1214 3192 1369 3263 veritatis,
1391 3190 1452 3256 sed

256 3294 361 3355 verius
384 3292 485 3357 dicam
507 3294 651 3358 advocati
673 3295 836 3366 veritatis.
865 3313 934 3358 cuni
958 3293 1081 3375 quibus,
1104 3298 1289 3375 praestante
1312 3290 1452 3373 domino,

256 3392 360 3455 emnia
392 3410 545 3474 prospere
578 3403 724 3473 aguntur.
768 3395 835 3460 Rex
867 3402 918 3459 est
949 3396 982 3459 in
1016 3395 1144 3473 Rheno,
1178 3410 1272 3474 quem
1303 3392 1452 3473 sequitur

257 3490 293 3553 D.
310 3491 517 3556 Wenceslaus
532 3493 572 3557 de
587 3494 713 3573 Lestna,
737 3500 770 3559 et
785 3512 842 3559 nos
858 3494 979 3559 directe
996 3493 1028 3573 *)
1044 3494 1205 3576 pergimus
1221 3492 1452 3573 Constantiam,

255 3589 296 3653 ad
318 3609 409 3670 qrram
432 3594 623 3675 propinquat
644 3615 726 3677 papa
747 3597 896 3662 loannes.
938 3596 1122 3662 dedicamus
1138 3595 1231 3674 enim,
1255 3592 1339 3674 quod
1361 3602 1454 3661 esset

257 3691 369 3755 inutile
391 3694 481 3772 sequi
502 3712 610 3774 regem
626 3695 709 3761 ferte
731 3715 790 3777 per
804 3699 846 3762 60
860 3696 1015 3775 milliaria,
1039 3701 1072 3761 et
1094 3695 1214 3759 reverti
1236 3693 1276 3759 ad
1292 3693 1452 3761 Constan-

257 3791 341 3855 tiam.
384 3792 542 3875 Scriptum
563 3794 751 3876 Nerrnberk,
775 3796 906 3862 sabbato
928 3804 1003 3863 irnte
1026 3796 1070 3860 XI
1092 3795 1190 3860 millia
1211 3795 1377 3874 virginum.

359 3908 385 3959 E
401 3908 462 3962 MS.
482 3910 610 3963 Mluclca.
627 3929 655 3980 p.
674 3909 790 3965 23³st

357 3993 433 4046 Edit.
452 3995 482 4044 ia
498 3994 553 4063 Dp.
571 4011 598 4062 p.
620 3993 647 4047 C.
666 3995 689 4048 1.
710 3996 781 4065 Opp.
802 3996 875 4059 Hae,
894 3998 918 4055 Ι,
932 3995 1043 4051 57-‹58
1061 4005 1085 4048 et
1106 3993 1147 4048 73.
1183 3994 1282 4063 Ho'jler
1299 3994 1324 4051 Ι,
1342 3992 1408 4047 126.

754 4173 955 4181 ------

292 4430 316 4488 *)
333 4431 383 4480 MS.
402 4433 473 4479 habet
492 4435 540 4487 „de
559 4436 672 4487 riocte‘,
695 4438 728 4481 ita
747 4435 819 4482 etiam
840 4438 966 4494 editionem
987 4436 1139 4494 „directe‘
1160 4442 1238 4481 tamen
1256 4434 1385 4493 legendum
1403 4448 1457 4481 esse

331 4517 400 4561 «lecet
425 4517 491 4562 loeus
513 4519 642 4576 parallelus
669 4520 765 4578 „equite
782 4520 872 4567 directe
895 4519 926 4564 ad
943 4514 1122 4564 consunmm‘*
1145 4519 1169 4563 in
1197 4519 1274 4564 literis
1291 4518 1330 4569 dd.
1351 4518 1366 4562 o
1384 4515 1451 4563 Ner.

338 4595 402 4657 (vide
421 4600 482 4647 inira
500 4616 555 4661 pag.
575 4598 625 4660 ts).
