2992 5258
131 1820 185 1915 A)
229 1813 508 1919 Epistolae
542 1815 783 1920 scriptae
813 1817 967 1898 annis
998 1817 1226 1899 1408-1412

520 1986 629 2038 anto
647 1986 844 2038 exilium.

608 2158 756 2167 ——n—

666 2336 697 2410 1.

263 2522 495 2635 Zbynkoni
524 2527 850 2638 archiepiscopo
883 2525 1103 2639 Pragensi.

88 2739 227 2806 Queritur,
244 2740 400 2794 madeus
416 2741 580 2795 dissolutam
596 2743 684 2796 atam
700 2751 812 2811 aptatas
829 2745 941 2812 impune
963 2758 1085 2804 mame,
1108 2758 1154 2794 eos
1178 2750 1279 2802 autem.

87 2826 130 2890 qui
140 2824 266 2893 fideliter
277 2823 368 2894 officio
380 2824 550 2894 suspectus,
567 2827 795 2881 insectationibus
805 2827 937 2880 οὸποιίοε
953 2843 1025 2887 esse.-
1041 2827 1231 2894 hortumque,
1248 2833 1280 2878 at

418 2909 504 2979 officii
519 2927 622 2965 mentor
638 2911 680 2964 lis
696 2912 780 2965 malis
796 2911 946 2964 medeatur.

561 3079 646 3144 (1406,
663 3095 698 3132 m.
716 3077 808 3146 lulio.)

434 3278 587 3347 „Sbynlroni
605 3279 807 3347 archiepiscopo
825 3278 862 3333 M.
881 3278 942 3333 Joh.
961 3277 995 3332 H.
1013 3294 1062 3347 pro
1080 3277 1247 3333 Abraham.⁴‘

183 3446 238 3512 Me
270 3447 373 3528 ipsum
405 3446 554 3512 humilem
584 3447 645 3512 fide
678 3455 712 3512 et
744 3448 879 3514 veritate
912 3447 1030 3513 domini
1065 3447 1168 3514 nostri
1202 3446 1281 3514 Jesu

91 3544 215 3627 Christi,
245 3565 338 3613 revtm
364 3549 472 3629 paterl

183 3647 378 3730 Saepissime
405 3648 539 3728 nestero,
576 3649 712 3730 qualiter
740 3651 773 3716 in
802 3648 959 3732 principio
991 3649 1090 3716 vestri
1120 3647 1283 3730 regiminis

91 3747 161 3812 milri
182 3765 242 3830 pro
268 3747 380 3828 regula
405 3748 472 3813 Pat.
495 3748 551 3812 V¹⁸
578 3750 771 3832 instituerat
795 3757 831 3816 ut
852 3751 1125 3831 quotienscunque
1147 3749 1283 3830 aliquem

93 3847 247 3914 defectuum
278 3865 355 3929 erga
381 3849 523 3929 regimen
545 3851 779 3932 conspicerem,
811 3869 882 3915 mox
905 3851 1131 3933 personaliter,
1159 3856 1214 3914 aut
1249 3847 1283 3911 in

93 3949 236 4015 absentia
268 3967 327 4032 per
351 3949 476 4015 literam
509 3951 666 4017 defectum
698 3951 876 4032 hujusmodi
909 3952 1098 4017 nuntiarem.
1131 3950 1200 4014 Hac
1232 3965 1282 4011 re-

93 4052 161 4129 gula
190 4070 275 4116 nunc
305 4052 477 4134 compellor
504 4052 699 4134 exprimere:
732 4052 868 4133 qualiter
900 4051 960 4118 hoc
991 4058 1050 4131 est
1082 4050 1167 4132 quod
1198 4049 1282 4114 ince-

95 4151 191 4217 stuosi
225 4157 260 4217 et
291 4151 378 4216 varie
410 4151 571 4216 criminosi
599 4151 719 4232 absque
751 4150 820 4232 rigo
853 4151 931 4234 (air)
960 4151 1169 4219 correctionis
1201 4157 1282 4215 tam-

95 4269 181 4331 qnam
212 4252 297 4317 tauri
326 4251 470 4316 indomiti
500 4257 534 4316 et
562 4253 637 4333 eqni
663 4252 817 4317 emissarii
847 4252 937 4317 collis
966 4251 1104 4317 extentis
1132 4251 1284 4317 incedunt

95 4350 199 4432 libere,
222 4350 407 4417 sacerdotes
429 4357 536 4418 autem
557 4350 701 4431 humiles,
725 4352 833 4434 spinas
855 4353 976 4434 peceati
998 4351 1181 4431 evellentes,
1209 4349 1284 4417 offi-

96 4451 170 4517 cinm
192 4451 296 4517 vestri
319 4451 486 4534 implentes
509 4453 671 4533 regiminis
694 4471 733 4518 ex
755 4453 837 4517 bono
859 4451 993 4530 aflectu,
1022 4470 1085 4516 non
1114 4459 1286 4534 sequentes

95 4552 270 4631 creusam,
305 4551 362 4618 sed
383 4552 484 4633 gratis
514 4571 572 4635 pro
594 4553 655 4618 deo
681 4571 716 4618 se
738 4551 909 4618 offerentes
938 4551 979 4617 ad
1006 4552 1286 4634 evangelizationis

95 4651 240 4730 laborem,
275 4659 434 4734 tamquam
465 4652 618 4719 haeretici
640 4654 860 4734 inancipantur
883 4653 1065 4718 carceribus
1095 4659 1129 4719 et
1157 4653 1284 4718 exilium

1086 4752 1118 4807 1*
