2992 5258
148 368 193 434 Vl

144 550 390 646 ‘husiticarumfi
419 567 458 631 iis
479 567 513 632 in
539 566 602 632 hoc
623 588 695 633 meo
718 587 830 652 opere,
852 568 944 652 quasi
971 567 1113 652 quodam
1135 589 1245 634 eorum
1267 593 1340 651 eap-

146 668 315 751 plemeato,
339 668 447 733 omnia
472 669 506 733 in
532 674 686 753 promptu
709 674 830 747 essent,
853 668 972 753 quibus
999 688 1080 752 opus
1107 675 1157 734 est
1182 668 1226 734 ad
1251 677 1341 735 recte

47 821 48 825 ,
152 769 410 852 cognoscendam
427 769 582 853 justeque
600 768 812 852 judicandam
828 789 958 833 cansam
973 767 1072 832 Hussi
1086 769 1221 852 ejusque
1236 790 1341 835 assec-

151 875 294 935 tatorum
320 890 340 934 a
368 869 528 953 principio
555 890 658 952 usque
685 869 728 934 ad
753 890 871 934 annum
896 872 986 934 1418.
1029 869 1123 932 Hunc
1147 891 1222 934 vero
1244 870 1340 935 finem

152 969 389 1053 terminumque
419 969 499 1034 mihi
529 969 697 1047 constitui,
726 969 804 1052 quia
833 990 918 1033 anno
948 969 1094 1055 proximo
1120 970 1230 1053 (1419)
1261 992 1344 1035 nova

152 1091 255 1154 eaqpe
277 1069 481 1152 aliquantum
509 1069 637 1135 diversa
665 1090 770 1133 rerum
793 1069 1023 1134 hussiticarum
1053 1070 1153 1134 series
1176 1077 1247 1134 orta
1273 1092 1344 1135 esse

152 1171 289 1236 videtur.
308 1171 417 1236 Unum
438 1170 663 1235 tantummodo
686 1169 808 1234 fontem
831 1169 951 1234 addere
974 1190 1037 1233 non
1060 1169 1190 1249 licebat,
1211 1170 1345 1237 latinam

153 1271 398 1338 translationem
443 1277 604 1349 „veterum
637 1270 800 1335 annalium
835 1270 1114 1350 bohemicorum“‚
1147 1293 1229 1354 quos
1261 1294 1346 1337 anno

155 1375 235 1438 1829
257 1372 344 1437 edidi
360 1371 577 1456 (Scriptorum
599 1392 704 1435 rerum
727 1370 968 1435 bohemicarum
991 1377 1079 1435 tomo
1096 1372 1156 1452 llI)
1179 1378 1212 1436 et
1236 1373 1346 1449 „addi-

154 1480 329 1551 tamenta“‚
352 1493 436 1555 quae
456 1470 577 1536 ibidem
600 1492 694 1555 pagg.
716 1476 778 1536 470
794 1510 831 1518 -
847 1474 909 1536 479
931 1494 948 1536 e
972 1473 1083 1538 codice
1108 1473 1347 1554 Vyiehradensi

155 1579 289 1657 recepta
324 1572 497 1656 leguntur,
536 1592 619 1654 quae
651 1579 727 1636 suut
759 1571 798 1636 de
829 1572 1013 1655 primordiis
1044 1573 1212 1637 doctrinae
1245 1574 1348 1637 hussi-

156 1673 240 1739 ticae
269 1679 303 1738 et
324 1672 364 1738 de
397 1679 488 1737 secta
516 1671 753 1737 Taboritarum.
797 1672 915 1737 Verum
948 1673 998 1738 his
1032 1694 1071 1737 ne
1105 1694 1186 1757 opus
1217 1673 1347 1758 quidem

156 1794 226 1839 esse
250 1774 483 1839 existimabam.
525 1773 608 1838 Nam
636 1794 720 1856 quae
749 1772 920 1839 annalibus
947 1772 1011 1836 illis
1040 1774 1261 1851 continentur,
1280 1775 1347 1857 jam

156 1873 252 1958 vulgo
283 1881 362 1939 nota
388 1882 464 1938 sunt
491 1896 595 1958 neque
623 1875 801 1959 quidquam
830 1875 863 1938 in
891 1875 1051 1954 11616661,
1075 1875 1162 1957 quod
1189 1896 1241 1953 66,
1265 1897 1348 1957 quae

156 1975 189 2038 in
212 1974 284 2039 aliis
314 1973 459 2039 fontibus
481 1975 703 2060 reperiuntur,
728 1982 872 2040 61611616
900 1975 950 2040 161
972 1980 1098 2042 6111616
1121 1976 1242 2058 possit3
1265 1997 1349 2057 quae

158 2073 277 2139 veroin
294 2074 563 2149 „additamentis“
580 2074 644 2139 illis
666 2075 827 2158 leguntur,
851 2096 890 2140 ea
912 2075 1043 2158 quidem
1065 2075 1175 2160 aliqua
1198 2096 1236 2140 ex
1256 2082 1349 2158 parte

158 2194 241 2239 nova
255 2181 338 2252 sunt,
361 2174 417 2239 sed
433 2176 614 2259 posteriore
630 2176 758 2240 demum
777 2182 886 2242 aetate
902 2178 1087 2260 conscripta
1101 2182 1201 2258 atque
1217 2175 1347 2239 omnino

158 2295 292 2353 summa,
314 2275 341 2338 si
364 2279 437 2358 quis
458 2275 498 2338 iis
520 2276 569 2340 nti
591 2276 677 2355 16111,
701 2297 783 2360 opus
806 2283 856 2341 est
878 2277 1037 2342 cautione.

259 2375 417 2453 Quoniam
451 2376 536 2440 hunc
570 2375 688 2441 librum
721 2376 754 2441 iu
786 2398 880 2441 usum
914 2399 979 2441 non
1012 2377 1115 2441 solum
1145 2376 1350 2461 popularium

159 2474 386 2540 historicorum
408 2474 466 2540 sed
489 2476 587 2557 etiam
609 2482 792 2542 exterorum
817 2499 1010 2562 componere
1030 2478 1141 2555 statui,
1164 2498 1350 2541 monumen·

159 2576 202 2639 tis
234 2573 345 2658 lingua
376 2574 548 2641 bohemica
581 2577 773 2660 conscriptis
805 2578 1050 2643 translationem
1086 2577 1220 2643 latinam
1255 2598 1352 2660 quam

160 2675 437 2740 accuratissimam
451 2674 528 2739 addi
543 2677 723 2760 cupiebam.
752 2678 845 2756 Quod
862 2680 1026 2762 negotium
1042 2679 1181 2745 libenter
1202 2678 1352 2743 6611666-

161 2776 233 2842 vole
260 2776 423 2860 suscipere
458 2798 521 2842 non
550 2780 713 2844 recusavit
740 2781 788 2842 vir
817 2780 1022 2844 doctissimus
1056 2785 1155 2862 atque
1184 2779 1352 2861 utriusque

160 2878 289 2960 linguae
311 2876 538 2960 peritissimum
560 2881 702 2942 Jooanes
724 2880 875 2958 Kolenda,
897 2879 1064 2943 literarum
1091 2879 1298 2962 antiquarum
1319 2878 1352 2942 in

162 2977 249 3044 alma
269 2977 479 3042 universitate
502 2977 657 3061 l'ragensi
679 2981 853 3063 professor.
879 2978 999 3044 Notum
1023 2986 1082 3056 661,
1105 2979 1232 3062 aliquot
1254 2979 1353 3044 bohe-

161 3078 262 3143 micas
277 3076 376 3141 Hussi
397 3077 554 3161 epistolas
571 3078 641 3162 jam
656 3102 740 3145 anno
762 3082 838 3145 1536
854 3081 1035 3162 iterumque
1058 3099 1143 3143 anuo
1160 3079 1354 3144 1137161116

164 3179 267 3244 editas
285 3198 357 3243 esse
367 3177 612 3260 Witteubergae
628 3200 701 3243 cum
716 3179 918 3264 praefatione
934 3179 1065 3244 Martini
1080 3179 1223 3256 lutheri,
1239 3185 1355 3263 postea

164 3285 272 3344 antem
295 3276 471 3342 editionem
493 3298 603 3342 earum
625 3278 799 3362 aliquoties
820 3280 994 3363 repetitam
1017 3299 1095 3344 esse.
1133 3278 1251 3344 Verum
1273 3278 1373 3343 haec·

163 3378 405 3462 interpretatio,
428 3399 448 3442 a
472 3378 547 3441 viris
576 3379 697 3461 ignotis
718 3381 879 3463 proiecta,
902 3378 1029 3444 duobus
1057 3380 1142 3445 inter
1163 3400 1198 3443 se
1227 3385 1355 3444 contra·

165 3481 220 3545 riis
242 3479 328 3543 vitiis
342 3477 484 3543 laborat:
507 3499 605 3563 saepe
622 3479 705 3544 enim
721 3500 784 3544 non
800 3479 896 3544 modo
912 3479 1039 3562 singula
1054 3479 1160 3551 verba,
1183 3478 1354 3544 sedetiam

166 3588 254 3647 totae
284 3578 465 3644 sententiae
492 3577 732 3657 desiderantur;
762 3579 827 3644 alia
854 3586 962 3645 autem
989 3580 1083 3644 nimis
1117 3579 1251 3644 verbose
1280 3600 1354 3643 con-

165 3702 259 3748 versa
280 3685 380 3762 atque
400 3678 559 3744 inutiliter
580 3679 693 3744 addita
714 3686 803 3758 sunt3
823 3701 931 3763 neque
953 3701 1028 3745 vero
1051 3679 1169 3745 desunt
1189 3680 1261 3758 loci,
1286 3680 1356 3761 qui-

168 3785 228 3850 bus
255 3782 338 3846 haec
359 3780 587 3862 interpretatio
615 3781 722 3844 sensui
745 3786 917 3863 repugnet,
941 3779 1029 3862 quod
1057 3779 1172 3843 vitium
1194 3779 1356 3844 interdum

167 3884 305 3949 forsitan
333 3902 372 3945 ex
401 3900 501 3963 prava
529 3879 668 3945 lectione
695 3887 800 3945 ortum
826 3900 896 3945 esse
926 3880 1083 3945 videatur.
1128 3879 1229 3945 Valde
1258 3881 1358 3963 igitur

168 3985 286 4058 laetor,
309 3979 397 4063 quod
423 3979 600 4045 lectoribus
622 3979 785 4046 benevolis
812 4001 882 4045 eam
906 3981 1149 4047 conversionem
1176 4002 1358 4065 proponere

168 4082 304 4170 possim,
328 4101 411 4163 quae
433 4100 515 4163 puro
537 4086 637 4164 atque
659 4081 830 4146 emendato
853 4081 981 4147 dicendi
1004 4102 1134 4165 genere,
1158 4081 1266 4165 quoad
1288 4081 1358 4146 11611

169 4188 309 4271 poterat,
331 4181 512 4257 observato,
533 4186 642 4246 tamen
663 4181 824 4247 bohemici
847 4181 1039 4266 exemplaris
1062 4182 1198 4265 vestigia
1218 4180 1359 4247 admira·

170 4285 228 4352 bili
260 4282 400 4366 quadam
429 4280 600 4365 diligentia
629 4289 795 4366 sequatur.
836 4283 952 4366 ltaque
982 4283 1090 4349 iacere
1120 4304 1186 4347 non
1216 4302 1358 4366 possum,

172 4385 251 4470 quin
276 4383 339 4449 hoc
369 4381 441 4448 loco
468 4382 637 4467 interpreti
667 4383 904 4457 sollertissimo,
932 4384 987 4467 qui
1014 4390 1139 4449 tantam
1166 4404 1299 4468 operam
1326 4385 1359 4449 in

170 4488 255 4552 hano
281 4483 455 4549 editionem
481 4484 703 4551 edomandam
730 4485 880 4563 contulit,
903 4485 1058 4550 maximas
1084 4485 1205 4564 gratias
1232 4506 1271 4549 eo
1294 4508 1359 4569 quo

173 4608 233 4672 par
253 4591 304 4652 est
324 4585 433 4651 studio
454 4606 557 4668 agam.
