2992 5258
217 378 276 442 192
457 373 652 428 decusationes
668 369 706 425 Μ
724 370 751 425 J·
767 369 826 424 Hos
844 369 957 438 ejusque
975 377 1113 439 responsa
1136 371 1172 425 o.

312 574 394 640 Item
415 574 685 658 procuratoribus,
712 572 795 639 siout
815 572 1038 655 praemittitur,
1065 573 1271 640 incarceratis
1285 578 1410 658 etpost

213 695 234 742 a
255 677 343 742 curia
363 681 496 758 propter
517 675 738 740 infestationes
759 674 993 752 recedentibus,
1015 674 1084 756 ipse
1107 673 1144 737 D·
1166 672 1345 740 Oardinalis
1366 675 1409 740 de

214 777 391 842 Brancatiis
413 775 452 840 ad
473 776 657 840 instantiam
679 774 873 839 aemulorum
895 775 928 837 iu
955 791 1050 838 causa
1076 774 1212 839 ulterius
1237 776 1406 856 processit,

213 885 249 945 et
274 877 313 943 de
338 876 496 955 mandato,
531 882 567 940 ut
581 876 756 955 asserebat,
779 875 817 938 Ι).
840 877 945 956 Papae
968 892 1138 956 processus
1163 876 1201 939 D.
1226 874 1405 940 Cardinalis

215 977 255 1044 de
281 976 435 1042 Columna
463 976 590 1057 gravari
621 975 794 1057 praecepit,
816 994 863 1065 ¹en
895 993 957 1056 qua
983 975 1208 1055 aggravatione
1234 991 1408 1057 processus

214 1077 432 1144 exorbitantes
463 1081 574 1143 contra
602 1074 683 1156 juris
717 1074 859 1139 ordinem
893 1082 926 1139 et
948 1081 1059 1139 contra
1088 1074 1248 1154 generalia
1271 1075 1408 1141 concilia

215 1182 418 1243 emanarunt:
441 1176 551 1258 primo,
575 1173 657 1256 lquia
682 1174 758 1238 nudi
788 1180 975 1238 executores
1002 1174 1158 1239 dictorum
1188 1192 1407 1256 processuum,

214 1276 298 1343 facta
315 1277 416 1359 prima
434 1277 631 1352 executione,
660 1275 767 1339 statim
791 1275 1141 1340 excommunicaverunt
1158 1292 1266 1339 omnes
1287 1274 1408 1340 adbae-

215 1383 324 1443 rentes
352 1384 385 1442 et
415 1375 556 1441 fautores
577 1375 619 1439 Μ.
647 1375 739 1440 Joau.
762 1374 849 1453 Hus;
875 1375 910 1440 it
934 1374 1284 1439 excommunicaverunt
1315 1374 1408 1439 fami-

215 1478 313 1543 liares
340 1481 375 1541 et
402 1475 562 1540 scholares
583 1476 626 1539 M.
643 1475 736 1540 Joan.
758 1474 844 1554 Hus;
867 1475 943 1540 item
973 1475 1079 1539 statim
1107 1481 1284 1556 posueruut
1308 1475 1410 1538 inter·

216 1577 334 1641 dictum
368 1576 618 1641 ecclesiasticum
648 1575 680 1639 in
710 1576 892 1656 praesentia
912 1575 955 1640 Μ.
977 1576 1110 1640 Joannis
1132 1574 1201 1639 llus
1222 1575 1256 1638 in
1278 1574 1412 1639 civitate

215 1675 368 1756 Pregensi
390 1681 423 1740 et
445 1676 515 1741 aliis
534 1675 612 1740 locis
633 1675 724 1755 regni
741 1674 920 1740 Bohemiae.
942 1675 1024 1740 Item
1044 1676 1077 1740 in
1100 1675 1192 1740 dictis
1205 1675 1412 1756 processibus

215 1774 392 1859 praefatum
427 1774 469 1839 M.
486 1775 654 1840 desudem
686 1775 756 1839 llus
784 1793 848 1839 non
878 1776 1030 1852 auditum,
1064 1795 1124 1841 nec
1155 1774 1334 1839 convictum
1367 1774 1411 1839 de

215 1875 321 1956 eliqua
341 1874 476 1953 haeresi,
499 1893 651 1956 expresse
678 1874 933 1940 haeresiarcham
954 1876 1197 1940 nominaverunt
1218 1880 1251 1939 et
1262 1892 1409 1938 commu-

214 1975 332 2041 uitates
353 1991 482 2054 magnas
503 1966 789 2039 haereticaverunt.

313 2075 382 2140 Ista
402 2074 507 2138 omnia
527 2080 639 2140 contra
657 2076 739 2156 juris
760 2074 903 2139 ordinem
919 2081 952 2139 ct
967 2073 1261 2141 determinationem
1276 2080 1413 2140 sauctae
1480 2131 1485 2138 .

214 2175 328 2241 metris
360 2173 528 2254 ecclesiae,
558 2174 654 2240 etiam
680 2174 804 2256 posito,
837 2175 922 2255 quod
948 2175 986 2239 D.
1015 2177 1102 2256 Papa
1132 2174 1316 2239 mandasset
1346 2173 1415 2255 ipsi

215 2275 254 2342 Ι).
284 2272 443 2340 Cardinali
471 2291 646 2354 aggravare
675 2276 853 2356 processus,
886 2273 956 2340 fieri
985 2293 1049 2339 non
1079 2273 1267 2338 debuerunt
1289 2274 1317 2338 d
1339 2274 1414 2354 qui-

215 2376 275 2441 bus
306 2373 451 2439 omuibus
480 2375 714 2454 gravaminibus
735 2375 805 2456 ipse
827 2374 869 2439 Μ.
895 2375 1037 2440 Joannes
1063 2373 1132 2437 Hus
1164 2370 1337 2454 appellavit
1370 2372 1415 2438 ed

216 2474 357 2541 futurum
379 2473 546 2538 concilium
569 2473 802 2538 celebrandum.

313 2576 381 2640 Nec
402 2576 508 2641 obstat
534 2574 721 2654 capitulum:
750 2571 828 2636 Cum
859 2574 1069 2653 contumacia,
1092 2573 1132 2637 de
1160 2571 1331 2638 haereticis
1354 2573 1411 2638 lib.

216 2674 295 2756 VI⁰,
323 2676 533 2741 ubidicitur:
564 2673 662 2754 ,Cum
683 2673 895 2751 contumacia,
926 2673 1115 2756 praesertim
1143 2673 1177 2737 in
1205 2689 1301 2737 causa
1321 2669 1408 2752 fidei,

215 2776 389 2857 suspicioni
413 2775 680 2857 praesumtionem
708 2772 836 2854 adjiciat
863 2773 1096 2854 vehementem,
1126 2772 1153 2837 si
1175 2779 1344 2855 suspectus
1367 2771 1408 2838 de

215 2875 340 2940 haeresi
362 2882 492 2940 vocatus
511 2894 531 2939 a
551 2875 648 2952 vobis,
670 2873 757 2938 utde
772 2871 834 2937 fide
849 2872 1051 2953 respondeat,
1075 2871 1412 2938 excommunicationis

216 2975 340 3040 vinculo
368 2993 427 3057 pro
459 2992 506 3054 eo,
538 2973 621 3054 quod
651 2991 764 3055 parere
798 2972 990 3052 subterfugit
1020 2978 1076 3038 ant
1107 2973 1339 3038 contumaciter
1374 2989 1412 3037 se

216 3076 382 3154 absentat,
416 3094 474 3157 per
504 3093 560 3140 vos
591 3074 689 3138 luerit
713 3073 903 3153 innodatus,
937 3091 1029 3154 quam
1062 3092 1121 3155 per
1153 3091 1270 3138 annum
1301 3074 1411 3141 anime

216 3176 372 3241 sustineat
393 3175 557 3258 pertinaci,
581 3179 717 3238 extunc
740 3173 826 3239 velut
848 3174 1028 3238 haereticus
1050 3173 1307 3238 condemnetur.“

314 3275 547 3356 Respondetur,
578 3273 662 3354 quod
689 3275 732 3337 M.
754 3273 896 3338 Joannes
925 3272 994 3337 llus
1020 3292 1084 3338 non
1110 3272 1304 3353 subterfugit
1324 3289 1412 3336 com·

215 3393 329 3456 parere
361 3376 394 3439 iu
426 3375 565 3439 Romana
593 3373 688 3452 curia,
722 3392 783 3438 nec
808 3372 1037 3438 contumaciter
1063 3391 1098 3438 se
1127 3371 1316 3448 absentavit,
1351 3371 1410 3436 sed

216 3474 360 3539 omnibus
397 3475 498 3539 modis
525 3474 565 3539 ad
587 3475 647 3538 boc
668 3474 833 3552 laboravit,
869 3481 906 3537 ut
927 3492 962 3538 se
990 3474 1189 3537 innocentem
1211 3471 1411 3545 ostenderet,

215 3572 369 3637 mittendo
403 3574 443 3638 ad
476 3575 595 3639 curiam
628 3592 685 3655 pro
714 3592 771 3638 sua
803 3573 1007 3638 excusatione
1035 3573 1150 3636 multos
1180 3578 1410 3654 procuratores

215 3671 337 3751 magnis
360 3674 530 3753 sumtibus,
565 3679 598 3737 et
618 3691 676 3754 per
703 3691 739 3736 se
760 3672 900 3738 libenter
930 3672 1168 3752 comparuisset,
1202 3671 1230 3734 si
1251 3670 1409 3751 capitales

214 3770 398 3835 inimicitiae
413 3789 477 3835 non
491 3772 700 3850 obstitissent,
720 3778 815 3852 prout
831 3771 1030 3836 haecomnia
1046 3770 1167 3835 clarent
1183 3769 1216 3832 in
1234 3770 1314 3835 actis
1327 3788 1407 3836 cau·

215 3888 280 3959 sae,
302 3872 342 3935 ad
364 3890 444 3953 quae
472 3890 507 3937 se
536 3873 643 3938 refert.
687 3872 758 3937 Non
788 3888 864 3953 ergo
897 3867 1125 3938 contumaciter
1155 3869 1412 3935 excommunica·

216 3973 335 4037 tionem
350 3971 480 4053 sprevit,
508 3973 567 4036 sed
578 3971 741 4036 humiliter
761 3976 794 4036 et
816 3972 977 4052 patienter
988 3969 1148 4048 sustinuit,
1171 3975 1204 4033 et
1225 3969 1412 4051 subappel·

144 4148 146 4152 ¹
217 4072 337 4138 lotione
359 4090 395 4136 se
417 4071 531 4136 divinis
553 4071 585 4135 in
608 4090 664 4153 spe
686 4073 769 4136 bona
789 4071 915 4150 habuit,
946 4070 1030 4134 sicut
1051 4069 1177 4134 humilis
1204 4067 1411 4149 christianus,

217 4179 251 4238 et
281 4177 430 4237 currente
462 4172 675 4254 appellatione
705 4189 817 4236 causas
848 4170 1064 4250 rationabiles,
1087 4169 1286 4252 pertinentes
1307 4174 1343 4234 et
1368 4168 1413 4234 de

213 4271 286 4352 jure
300 4272 512 4353 procedentes
534 4278 598 4336 tam
620 4290 726 4336 coram
739 4272 776 4335 D.
790 4272 877 4353 Papa
890 4270 1016 4351 publice
1037 4271 1071 4334 in
1093 4269 1291 4348 consistorio,
1314 4287 1413 4351 quam

217 4371 301 4435 circa
315 4370 457 4436 dominos
472 4370 648 4436 cardinales
661 4370 746 4451 fecit,
762 4371 911 4454 produxit
927 4376 960 4435 et
974 4371 1130 4452 probavit
1159 4369 1201 4434 Et
1215 4369 1247 4432 in
1260 4370 1412 4434 omnibus

217 4488 281 4534 non
309 4470 420 4536 hebuit
450 4491 509 4538 nec
537 4473 642 4554 potuit
672 4473 789 4537 habere
818 4471 1010 4537 audientiam
1043 4487 1101 4554 pro
1134 4488 1192 4536 sua
1224 4470 1413 4537 innocentia

218 4569 423 4636 ostendenda
