2992 5258
423 424 464 477 76.
481 421 635 477 J.'Barbati
652 424 772 476 narratio
795 420 829 477 de
847 420 914 475 Husi
932 421 1071 490 supplicio.
1271 428 1333 491 557

142 629 273 710 propria
303 633 337 693 et
359 625 488 692 indutus
512 631 580 692 erat
603 633 692 693 veste
715 624 904 692 sacerdotali
926 624 959 689 in
980 624 1084 691 medio
1108 626 1278 708 ecelesiae,
1301 634 1335 693 et

142 730 224 795 calix
244 730 278 794 in
300 747 394 795 manu
423 730 504 812 ejus,
527 727 760 793 sententiantes
789 734 895 793 autem
916 732 1047 810 recepto
1070 727 1169 794 calice
1191 728 1334 807 orabant,

142 830 249 895 verius
271 836 377 896 tamen
391 831 608 908 exsecrabant,
631 829 806 894 orationem
823 827 1062 906 maledictionis,
1085 828 1337 910 degradationis,

142 930 419 1008 inhabilitationis,
442 931 642 1012 inquientem
662 929 756 994 hodie
780 928 909 994 calicem
931 948 951 994 a
972 936 1004 995 te
1027 928 1200 994 auterendo
1223 928 1335 1009 degra-

143 1030 263 1110 damus
296 1031 532 1096 inhabilitamus
554 1029 800 1111 seponimusque
829 1036 861 1094 te
888 1048 907 1094 a
934 1029 1095 1094 consortio
1118 1028 1237 1095 Christi
1259 1027 1336 1094 fide-

143 1130 233 1210 lium,
268 1131 511 1212 subjungentes,
544 1131 618 1212 quia
649 1150 736 1197 more
758 1131 861 1197 Judae
883 1131 1056 1212 proditoris
1078 1130 1207 1212 indigue
1230 1147 1334 1194 sacer·

143 1229 230 1296 dotio
253 1230 446 1312 fungebaris.
469 1231 542 1313 lpse
565 1250 640 1298 vero
667 1233 722 1298 ait:
752 1230 853 1314 Spero
877 1231 937 1296 deo
959 1238 993 1297 et
1013 1231 1141 1298 domino
1163 1248 1233 1296 meo
1255 1231 1335 1296 lesu

144 1330 291 1412 Christo,
324 1333 397 1414 quia
423 1333 552 1399 calicem
585 1334 680 1399 istum
714 1333 809 1399 hodie
841 1334 947 1399 bibam
980 1334 1012 1398 in
1044 1349 1143 1414 regno
1166 1331 1335 1397 coelorum.

144 1431 277 1498 Demum
299 1450 375 1499 vero
398 1432 554 1499 dissensio
569 1432 653 1499 iacta
671 1440 721 1499 est
739 1434 823 1500 inter
842 1434 1084 1499 sententiantes.
1107 1432 1239 1511 Quidam
1252 1432 1335 1496 enim

144 1532 294 1598 volebant
308 1539 404 1615 caput
420 1534 489 1615 eius
501 1533 665 1613 abradere,
688 1535 789 1600 etalii
804 1536 1040 1618 repugnabant3
1064 1534 1120 1599 sed
1136 1533 1211 1615 quid
1226 1551 1336 1598 eorum

145 1634 343 1717 propositum
366 1634 472 1700 sortiti
494 1642 578 1714 sunt,
601 1633 721 1700 dubito.
744 1633 849 1700 Unum
865 1635 1058 1714 tamenscio,
1080 1634 1165 1716 quod
1188 1652 1336 1700 coronam

144 1753 325 1818 papyream,
349 1736 681 1818 cujussuperscriptio
705 1742 786 1801 erat:
821 1735 900 1811 „Hic
922 1742 973 1801 est
992 1735 1217 1801 haeresiarcha
1238 1732 1338 1816 perti·

145 1835 233 1911 nax,“
259 1834 292 1898 in
314 1852 376 1916 qua
405 1843 438 1900 et
460 1843 525 1900 tres
548 1835 718 1900 daemones
744 1836 894 1901 horrendi
915 1835 1084 1918 descripti,
1119 1836 1339 1917 imposuerunt

146 1936 241 2018 capiti
265 1935 348 2016 eiua,
370 1936 424 2016 qui
446 1954 533 2000 more
555 1935 694 2000 bidentis
716 1954 780 2001 non
803 1954 963 2000 murmure
986 1935 1180 2015 resonando,
1203 1935 1260 2000 sed
1282 1954 1338 2016 pa·

146 2035 289 2102 tientiam
311 2033 429 2100 domiui
452 2036 500 2099 sui
515 2036 669 2102 servando
691 2036 784 2101 dixit:
802 2035 934 2114 Corona,
958 2054 1051 2117 quam
1073 2036 1235 2101 redemtor
1249 2052 1338 2100 meus

144 2135 177 2200 in
200 2135 305 2217 capita
321 2153 378 2199 suo
395 2137 608 2201 sacratissimo
624 2139 778 2219 gestabat,
802 2138 907 2217 gnavis
930 2143 963 2202 ct
984 2137 1121 2202 difficilis
1144 2145 1232 2202 erat:
1255 2137 1336 2202 hanc

146 2237 248 2302 levem
281 2242 313 2300 et
334 2235 456 2300 facilem
490 2238 695 2318 pronomine
728 2244 783 2303 tuo
804 2238 883 2303 lesu
920 2237 1046 2302 Christe
1072 2237 1223 2303 ardenter
1245 2237 1337 2318 cupio

146 2337 296 2419 bajulare.
321 2338 388 2416 Quo
403 2340 486 2404 iacto
509 2340 623 2405 ductus
645 2346 696 2405 est
716 2339 757 2404 ad
772 2339 969 2417 cimiterium,
991 2340 1023 2404 in
1047 2339 1136 2420 curjus
1157 2339 1340 2421 praesentia

147 2436 289 2503 ridentes
318 2444 351 2503 et
379 2438 555 2519 gaudentes
585 2440 683 2506 libros
705 2446 914 2507 attractatus
942 2458 1034 2518 sum,
1068 2458 1146 2520 quos
1170 2439 1338 2518 habebant,

146 2543 179 2602 ct
213 2539 402 2618 praesertim
424 2532 464 2602 d'e
486 2539 645 2620 Ecclesia,
680 2542 931 2606 combusserunt.
976 2539 1098 2625 Deinde
1126 2558 1184 2621 per
1204 2539 1340 2605 astantis

147 2638 261 2704 turbae
294 2638 430 2704 medium
464 2648 641 2718 coronatus
669 2641 824 2707 cantando
865 2641 1001 2718 ,Christi
1024 2641 1113 2721 virgo
1136 2636 1341 2706 dilectissimo

147 2739 318 2805 virtutum“
353 2757 391 2805 κ.
417 2745 450 2806 et
472 2740 684 2807 confirmando
705 2742 799 2808 dictis
832 2743 981 2825 pusillum
1014 2761 1144 2823 gregem
1167 2741 1283 2806 domini
1308 2750 1341 2806 et

147 2858 274 2906 oausam
289 2859 366 2907 suae
380 2844 492 2907 mortis
509 2842 707 2922 declarando,
730 2843 771 2909 ad
787 2842 889 2908 locum
904 2849 1133 2908 tormentorum
1155 2841 1341 2907 ducebatur.

249 2940 372 3007 Deinde
401 2961 470 3007 cum
498 2942 671 3025 perductus
699 2943 813 3007 fuisset
839 2944 879 3007 ad
908 2944 1023 3007 ostium
1054 2942 1163 3007 valvae
1193 2941 1340 3018 civitatis,

146 3039 297 3106 adstatim
319 3059 358 3106 ex
373 3041 520 3107 mandato
541 3043 626 3123 regis
649 3042 808 3123 Ungariae
825 3048 858 3106 et
873 3043 1086 3124 praelatorum
1102 3042 1204 3121 turba,
1227 3041 1338 3107 dolens

147 3148 283 3207 mortem
306 3142 491 3222 innocentis,
515 3144 675 3225 prohibita
697 3152 747 3208 est
767 3145 870 3226 ipsum
893 3144 1000 3225 sequi,
1023 3145 1123 3209 solum
1145 3151 1250 3209 autem
1273 3161 1340 3208 sca-

147 3242 287 3307 riantum
310 3242 589 3308 multitudinemet
604 3250 760 3310 tortorum
782 3245 894 3310 habuit
908 3246 1095 3310 comitivam.
1119 3244 1337 3326 (Clomtameu

149 3362 219 3408 cum
242 3361 301 3408 suo
323 3345 473 3409 comitatu
496 3346 636 3426 equestri
663 3346 795 3412 eumad
817 3354 951 3413 mortem
973 3346 1147 3426 conduxit.)

250 3444 478 3509 Pervenientes
496 3446 653 3511 autemad
674 3447 776 3512 locum
800 3447 971 3526 Calvariae,
995 3447 1157 3512 columnae
1180 3447 1248 3528 ejus
1272 3464 1341 3510 cor·

149 3542 316 3625 pasculum
327 3544 512 3624 affixerunt3
536 3547 588 3627 qui
605 3553 693 3611 stans
715 3546 827 3613 affixus
843 3548 963 3613 catenis
979 3555 1011 3613 et
1023 3549 1165 3626 vinculis,
1189 3547 1339 3612 stramine

148 3643 307 3725 lignorum
329 3645 558 3730 circumseptus
582 3647 736 3729 undique,
771 3649 953 3715 clamitabat
978 3648 1103 3713 domino
1126 3647 1339 3713 decantando:

151 3744 299 3825 ,Christe
320 3745 362 3810 fili
386 3747 436 3811 dei
463 3749 534 3824 vivi,
557 3749 710 3814 miserere
732 3749 829 3814 mci!“
855 3758 888 3814 et
909 3748 1036 3831 saepius
1059 3748 1212 3813 iterando.
1236 3747 1341 3812 Urens

150 3853 258 3912 autem
279 3845 403 3913 flamma
431 3849 566 3914 uirtutes
595 3850 708 3915 vitales
730 3849 926 3928 devincebat,
948 3858 982 3915 et
1004 3851 1179 3915 orationem
1202 3846 1342 3916 crrrcifixi

151 3946 261 4013 dicere
283 3948 508 4030 compellebat:
540 3950 595 4023 ,ln
617 3969 727 4015 rnanus
750 3958 821 4015 tuas
843 3949 968 4015 dominc
990 3949 1173 4015 commendo
1196 3950 1342 4031 spiritum

150 4053 285 4114 meum.“
331 4049 400 4126 Qua
426 4051 596 4131 completa,
635 4050 784 4116 solvendo
814 4058 946 4116 naturae
968 4051 1126 4130 debiturn,
1148 4070 1212 4115 non
1233 4050 1342 4115 valeus

152 4167 218 4230 ore,
242 4149 299 4215 sed
321 4168 463 4215 annuens
486 4151 599 4232 capitis
620 4152 759 4217 motione
774 4151 1014 4217 valedictionem
1037 4152 1150 4217 turbae
1172 4151 1342 4233 praestitit,

152 4257 186 4317 et
207 4250 356 4334 spiritum
377 4250 503 4316 domino
525 4254 764 4319 commendavit.

252 4351 457 4417 Postmodum
479 4358 585 4418 autem
607 4361 760 4419 exeuntes
786 4354 825 4420 de
848 4355 987 4432 civitate,
1008 4354 1199 4421 invenerunt
1220 4359 1343 4434 partem

152 4451 298 4535 corporis
329 4452 468 4518 nondum
500 4455 711 4532 courbustam,
745 4460 779 4521 et
804 4455 968 4536 jusserunt
1000 4455 1150 4520 comburi.
1193 4453 1235 4518 Et
1257 4453 1343 4517 ctum

151 4553 304 4636 prinecps
331 4554 538 4633 Teutonicus
571 4557 621 4622 cui
648 4555 783 4621 traditus
815 4555 920 4621 fuerat
946 4575 1004 4638 per
1032 4574 1139 4637 regem
1173 4553 1343 4635 Ungariae,

150 4654 243 4722 dixit:
268 4654 316 4720 Ne
338 4655 468 4721 Bohemi
497 4655 707 4722 idololatriam
734 4657 941 4738 committant,
965 4656 1146 4723 venerando
1173 4675 1287 4738 corpus
1312 4662 1342 4720 ot
