2992 5258
223 412 268 479 58
550 442 553 447 -
685 410 825 481 Epistolae
842 400 959 478 scriptae
1035 426 1038 435 ·

226 632 261 680 se
282 612 400 680 habere
422 604 613 696 potestatem
646 601 749 681 omnia
782 634 881 697 regna
916 604 1021 688 dandi,
1055 617 1081 681 ai
1114 594 1218 700 ips'uni
1250 620 1421 702 procidens

223 715 381 783 adoraret.
423 716 465 780 Et
487 716 631 783 mirabile
653 722 712 797 est,-
733 716 809 799 quid
838 716 948 781 uoluunt
969 716 1158 783 antichristi
1187 717 1334 802 discipuli
1353 721 1418 804 jam

226 815 437 884 determinare
459 818 543 883 circa
565 822 772 883 sacramenta.
815 816 974 900 Numquid
996 817 1036 883 ab
1058 820 1150 885 annis
1166 819 1249 885 1413
1268 839 1333 887 uon
1356 828 1421 888 ste·

226 919 266 985 tit
287 918 422 984 ecclesia
443 918 512 983 sine
534 918 799 983 determinatione
816 917 872 983 illa
885 916 1015 984 futura?
1036 918 1105 1001 Ego
1120 920 1196 1000 scio,
1220 919 1305 1004 qnod
1320 922 1421 1007 scrip·

225 1025 337 1085 serunt
357 1018 398 1085 ad
420 1017 546 1085 Curiam
568 1018 608 1084 de
630 1019 761 1084 consilio
784 1019 949 1085 doctorum
978 1025 1012 1085 et
1043 1021 1268 1103 praelatorum,
1302 1028 1337 1090 et
1367 1023 1424 1091 ffla

225 1126 390 1195 reservant
411 1119 452 1184 ad
478 1120 742 1203 subscriptionem
765 1119 962 1200 antichristi,
996 1124 1032 1185 ut
1065 1119 1234 1203 decipiant,
1268 1123 1423 1206 majorem

226 1221 436 1288 concedentes
454 1227 486 1287 et
502 1221 706 1287 concludant:
728 1227 762 1287 tu
778 1222 959 1288 haereticus
974 1224 1025 1288 cs!
1050 1221 1131 1288 Nam
1147 1223 1310 1304 sequitur:
1331 1224 1422 1307 quid·
1456 1288 1459 1293 .

225 1321 300 1405 quid
323 1322 514 1388 determinat
535 1341 559 1388 s.
583 1309 723 1389 Romana
733 1322 885 1403 Ecclesia,
908 1321 928 1386 i.
947 1340 974 1386 e.
997 1340 1080 1405 papa
1101 1340 1172 1388 arm
1196 1324 1421 1421 cardinalibus¹

225 1424 285 1489 hoc
307 1431 357 1489 est
379 1429 414 1489 ut
435 1422 514 1489 fides
536 1423 724 1504 tenendum
753 1424 812 1490 sed
832 1424 901 1507 ipse
923 1442 994 1490 cum
1015 1425 1082 1489 suis
1104 1424 1303 1510 determinet,
1338 1427 1423 1510 quod

224 1525 440 1606 indulgentiae
462 1546 482 1592 a
502 1542 581 1608 pera
602 1531 635 1591 et
656 1546 676 1592 a
696 1527 793 1592 bursa
815 1531 889 1591 scint
910 1525 1102 1592 cathohcae:
1126 1543 1203 1608 crgo
1218 1526 1279 1592 hoc
1294 1532 1330 1592 ut
1343 1525 1423 1594 fides

225 1633 275 1691 est
296 1624 476 1691 tenendum.
518 1625 581 1692 Sed
603 1633 638 1692 tu
659 1627 728 1693 Hus
750 1625 941 1710 praedicasti
972 1627 1161 1709 oppositum,
1195 1645 1272 1709 ergo
1305 1644 1421 1695 reuoca

224 1726 383 1793 haeresim
405 1727 455 1792 uel
478 1726 683 1792 comburaris.
727 1728 836 1808 Item,
859 1726 1011 1810 quidquid
1030 1726 1222 1792 determinat
1254 1747 1339 1811 papa
1372 1744 1424 1809 ιω

226 1829 283 1896 sed
305 1827 504 1909 determinat,
539 1828 622 1910 quod
644 1827 713 1893 licus
736 1833 787 1893 est
808 1828 840 1893 in
862 1827 1186 1893 excommunicatione
1208 1827 1357 1910 pertinax
1391 1834 1424 1894 et

225 1930 272 1995 sic
292 1928 488 1995 haereticus:
512 1944 588 2009 ergo
613 1932 662 1991 est
683 1918 947 1994 condemnandus.
990 1927 1103 2008 Item,
1133 1927 1285 2010 quidquid
1317 1927 1423 1995 deter-

225 2030 324 2095 minat
346 2047 428 2111 papa
462 2045 514 2106 ac.;
550 2026 608 2091 sed
631 2026 820 2093 determinat
841 2045 932 2110 papa,
955 2026 1039 2108 qurod
1061 2027 1223 2094 conclusio
1246 2028 1421 2110 doctorum,

225 2132 305 2199 alias
326 2129 523 2196 inimicorum
537 2129 698 2216 ueritatis,
721 2127 805 2194 lecta
826 2128 859 2193 in
880 2129 1051 2210 practorio,
1073 2129 1220 2210 estjuste
1241 2136 1275 2194 et
1296 2136 1420 2196 sancta:

226 2250 302 2315 ergo
325 2237 375 2298 est
397 2229 543 2297 tenenda
575 2230 706 2310 stem,
730 2228 881 2312 quidquid
903 2248 986 2313 papa
1007 2228 1208 2310 determinat,
1238 2236 1289 2296 est
1310 2236 1415 2297 tenen·

226 2333 315 2399 dum:
360 2331 417 2398 sed
439 2331 508 2414 ipse
530 2330 732 2409 determinat,
765 2329 850 2411 quod
872 2347 981 2396 omnes
1003 2329 1158 2395 hahentes
1180 2329 1280 2396 libros
1300 2330 1425 2398 Wicleii

227 2433 303 2499 dent
325 2449 380 2498 eos
402 2431 442 2496 ad
464 2430 710 2505 comburendum
732 2437 765 2497 et
786 2430 950 2512 abjurent3
986 2448 1063 2511 ergo
1086 2437 1136 2495 est
1156 2430 1219 2496 hoc
1240 2430 1421 2496 tenendum.

226 2535 324 2598 item
346 2531 497 2614 quidquid
519 2551 601 2614 papa
616 2532 807 2597 determinat
828 2550 880 2611 ac.;
904 2530 960 2596 sed
975 2548 1058 2614 papa
1074 2532 1106 2595 in
1121 2530 1209 2596 bnlle
1230 2530 1421 2599 determina·

227 2633 284 2713 vit,
305 2632 389 2717 quod
403 2632 514 2698 nullibi
529 2633 560 2697 in
577 2632 708 2714 capellis
724 2631 941 2714 praedicetur:
974 2633 1072 2713 igitur
1093 2649 1128 2696 ιι.
1169 2630 1281 2697 Item.
1325 2632 1422 2711 Quid·

228 2734 302 2818 quid
324 2753 408 2817 papa
429 2733 629 2812 determinat,
652 2741 702 2799 est
723 2733 909 2798 tenendum:
947 2732 1004 2797 sed
1026 2732 1207 2798 Bonifatius
1229 2750 1300 2797 curn
1321 2732 1423 2799 cardi·

227 2835 352 2902 nalihus
375 2833 560 2900 solemniter
581 2833 813 2914 determinavit,
846 2833 930 2916 quod
952 2833 1159 2899 Wenccslaus
1174 2851 1231 2899 rex
1253 2831 1424 2899 Bohemiae

229 2955 291 3003 non
324 2940 376 3000 est
408 2954 464 3000 rex
496 2935 717 3014 Romanorum,
759 2953 820 3001 nec
851 2934 1070 3016 Sigismundus
1092 2935 1309 3015 ngarorum:
1344 2951 1423 3016 ergo

227 3037 287 3101 boc
308 3042 359 3102 est
380 3035 560 3102 tenendum.
603 3036 645 3102 Et
666 3036 736 3118 quis
757 3041 864 3119 potest
886 3035 992 3100 mmari
1014 3054 1054 3100 er
1075 3036 1184 3116 nobis,
1213 3040 1290 3117 quot
1310 3052 1423 3102 secuu-

230 3138 305 3204 dum
326 3137 521 3204 voluntatem
554 3138 714 3221 propriam
747 3137 925 3218 ingerentia
957 3135 1163 3202 concluderet
1185 3135 1424 3202 Antichristus?

229 3239 331 3305 Video
354 3256 439 3320 ergo,
462 3238 545 3320 quod
567 3238 715 3304 doctores
736 3238 855 3304 vellent
876 3252 1067 3319 componere
1089 3232 1250 3301 Christum
1271 3254 1342 3302 cum
1363 3236 1425 3304 Be·

229 3339 291 3420 lial,
313 3338 359 3405 sic
381 3343 495 3419 tamam
528 3339 612 3420 quod
634 3337 780 3404 Christus
801 3356 863 3403 non
885 3336 1001 3402 habeat
1033 3334 1280 3402 nominationem
1311 3336 1425 3421 capitis

230 3459 254 3505 s.
277 3441 439 3520 ecclesiae,
462 3440 545 3506 sicut
564 3457 625 3506 nec
648 3439 767 3505 faciunt
781 3438 973 3504 mentionem
988 3437 1029 3503 de
1040 3435 1168 3502 Christo
1183 3436 1215 3501 in
1230 3453 1288 3501 suo
1303 3437 1424 3520 scripte

230 3542 372 3607 consilio.
416 3541 537 3607 Vellem
557 3541 651 3622 scire,
675 3541 701 3605 si
724 3558 807 3623 papa
820 3539 966 3605 Liberius
988 3537 1179 3616 haereticus,
1201 3537 1349 3602 similiter
1359 3538 1425 3604 Leo

228 3641 425 3721 haereticus,
458 3648 490 3707 et
504 3642 646 3707 loannes
667 3658 758 3725 papa,
781 3640 835 3722 qui
856 3640 983 3723 peperit
1005 3656 1148 3722 puerum,
1169 3637 1299 3703 luerunt
1320 3638 1427 3721 capita

230 3760 255 3806 s.
275 3742 432 3806 Romanae
447 3741 626 3807 ecclesiae?
655 3740 698 3806 Et
719 3741 747 3807 si
769 3742 823 3821 sic,
846 3747 921 3806 tunc
943 3758 1006 3806 non
1028 3738 1136 3811 refert,
1159 3740 1234 3820 quin
1256 3738 1426 3820 aliquando

231 3849 304 3926 post
326 3842 477 3908 meretrix
510 3843 560 3908 vel
582 3841 798 3909 Antichristus
819 3843 1010 3924 praecipuus
1032 3841 1074 3906 sit
1096 3846 1192 3923 caput
1217 3858 1242 3904 s.
1265 3839 1427 3906 Romanae

231 3944 393 4011 eeclesiae.
429 3943 473 4009 Et
494 3949 570 4010 tunc
591 3943 661 4009 sine
682 3943 778 4009 dubio
800 3942 869 4007 vult
879 3942 1094 4008 Antichristus
1113 3939 1272 4023 parificari
1283 3939 1427 4009 Christo:

231 4047 289 4113 sed
310 4062 392 4128 quae
413 4046 581 4111 conventio
603 4044 722 4110 Christi
744 4062 814 4109 com
835 4043 959 4109 Belial?
990 4043 1061 4108 Non
1084 4040 1199 4109 sufficit
1221 4040 1283 4107 sibi
1304 4048 1338 4107 et
1359 4042 1426 4106 suis

232 4147 378 4230 satrapis,
401 4146 485 4228 quod
506 4145 576 4228 ipse
598 4146 640 4210 sit
668 4146 805 4211 vicarius
827 4143 955 4223 Christi,
991 4144 1018 4208 si
1052 4149 1158 4208 tamen
1190 4141 1302 4224 implet
1323 4139 1427 4208 effica-

233 4248 314 4314 citer
336 4248 438 4329 legem
460 4245 587 4326 Christi,
610 4253 644 4312 et
664 4246 749 4327 quod
770 4245 831 4327 ipsi
854 4246 919 4310 sint
939 4243 1077 4310 ministri
1105 4243 1269 4322 ecclesiae,
1301 4240 1427 4325 perlici-

233 4354 323 4414 entes
345 4365 425 4429 opus
453 4347 645 4428 regulariter
676 4345 921 4427 evangelizandi,
954 4343 1110 4427 quomodo
1136 4343 1273 4426 apostoli
1295 4345 1429 4410 sanctis·

233 4447 303 4514 simi
346 4446 455 4513 haunt
489 4464 525 4513 se
565 4464 636 4513 esse
664 4446 827 4512 ministros
860 4445 951 4513 datos
983 4444 1138 4511 ecclesiae
1172 4442 1214 4519 sd
1249 4443 1427 4511 docendum

233 4549 333 4631 ipsam
358 4548 461 4629 legem
483 4547 611 4614 Christi.
656 4547 777 4613 Vellem
811 4547 948 4613 libenter
979 4546 1064 4611 illius
1096 4544 1237 4612 doctoris
1269 4545 1427 4611 rationem

171 4646 174 4652 ’
231 4647 355 4715 videre:
398 4647 474 4730 quid
505 4648 604 4715 vellet
636 4647 772 4732 probare
792 4665 851 4731 per
872 4646 942 4729 hoc,
974 4646 1059 4728 quod
1079 4644 1226 4713 Christus
1248 4642 1309 4723 ibit
1330 4651 1427 4728 caput
