<?xml version="1.0" encoding="UTF-8"?>
<!DOCTYPE html PUBLIC "-//W3C//DTD XHTML 1.0 Transitional//EN"
    "http://www.w3.org/TR/xhtml1/DTD/xhtml1-transitional.dtd">
<html xmlns="http://www.w3.org/1999/xhtml" xml:lang="en" lang="en">
 <head>
  <title>
</title>
<meta http-equiv="Content-Type" content="text/html;charset=utf-8" />
  <meta name='ocr-system' content='tesseract 3.04.00' />
  <meta name='ocr-capabilities' content='ocr_page ocr_carea ocr_par ocr_line ocrx_word'/>
</head>
<body>
  <div class='ocr_page' id='page_1' title='image "./documentamagjoa00palagoog_0334.png"; bbox 0 0 2992 5258; ppageno 0'>
   <div class='ocr_carea' id='block_1_1' title="bbox 449 415 1360 491">
    <p class='ocr_par' dir='ltr' id='par_1_1' title="bbox 449 415 1360 491">
     <span class='ocr_line' id='line_1_1' title="bbox 449 415 1360 491; baseline 0.001 -17"><span class='ocrx_word' id='word_1_1' title='bbox 449 419 494 474; x_wconf 77' lang='lat' dir='ltr'><strong>lt.</strong></span> <span class='ocrx_word' id='word_1_2' title='bbox 512 419 554 474; x_wconf 88' lang='lat' dir='ltr'><strong>De</strong></span> <span class='ocrx_word' id='word_1_3' title='bbox 570 420 609 474; x_wconf 87' lang='grc' dir='ltr'><strong>Μ.</strong></span> <span class='ocrx_word' id='word_1_4' title='bbox 627 420 653 473; x_wconf 89' lang='lat' dir='ltr'><strong>J.</strong></span> <span class='ocrx_word' id='word_1_5' title='bbox 671 419 731 474; x_wconf 90' lang='lat' dir='ltr'><strong>Hus</strong></span> <span class='ocrx_word' id='word_1_6' title='bbox 748 417 887 473; x_wconf 88' lang='lat' dir='ltr'><strong>audientia</strong></span> <span class='ocrx_word' id='word_1_7' title='bbox 904 417 947 473; x_wconf 91' lang='lat' dir='ltr'><strong>die</strong></span> <span class='ocrx_word' id='word_1_8' title='bbox 964 421 981 473; x_wconf 82' lang='lat'><em>8</em></span> <span class='ocrx_word' id='word_1_9' title='bbox 997 415 1100 491; x_wconf 54' lang='lat' dir='ltr'><strong>lunii„</strong></span> <span class='ocrx_word' id='word_1_10' title='bbox 1298 424 1360 487; x_wconf 83' lang='lat'><strong>313</strong></span> 
     </span>
    </p>
   </div>
   <div class='ocr_carea' id='block_1_2' title="bbox 157 620 1359 3708">
    <p class='ocr_par' dir='ltr' id='par_1_2' title="bbox 163 620 1359 1789">
     <span class='ocr_line' id='line_1_2' title="bbox 165 620 1359 705; baseline -0.003 -16"><span class='ocrx_word' id='word_1_11' title='bbox 165 624 244 705; x_wconf 80' lang='lat' dir='ltr'><strong>regii</strong></span> <span class='ocrx_word' id='word_1_12' title='bbox 267 623 417 690; x_wconf 88' lang='lat' dir='ltr'><strong>decollati</strong></span> <span class='ocrx_word' id='word_1_13' title='bbox 439 628 528 693; x_wconf 83' lang='lat' dir='ltr'><strong>sunt,</strong></span> <span class='ocrx_word' id='word_1_14' title='bbox 561 639 640 702; x_wconf 91' lang='lat' dir='ltr'><strong>qnos</strong></span> <span class='ocrx_word' id='word_1_15' title='bbox 663 621 724 686; x_wconf 90' lang='lat' dir='ltr'><strong>iste</strong></span> <span class='ocrx_word' id='word_1_16' title='bbox 757 621 962 686; x_wconf 85' lang='lat' dir='ltr'><strong>canonisavit.</strong></span> <span class='ocrx_word' id='word_1_17' title='bbox 985 621 1066 699; x_wconf 83' lang='lat' dir='ltr'><strong>Quia</strong></span> <span class='ocrx_word' id='word_1_18' title='bbox 1087 620 1201 702; x_wconf 81' lang='lat' dir='ltr'><strong>legatis</strong></span> <span class='ocrx_word' id='word_1_19' title='bbox 1223 620 1254 684; x_wconf 91' lang='lat' dir='ltr'><strong>in</strong></span> <span class='ocrx_word' id='word_1_20' title='bbox 1277 621 1359 686; x_wconf 92' lang='lat' dir='ltr'><strong>libro</strong></span> 
     </span>
     <span class='ocr_line' id='line_1_3' title="bbox 166 720 1359 803; baseline -0.003 -14"><span class='ocrx_word' id='word_1_21' title='bbox 166 742 222 789; x_wconf 90' lang='lat' dir='ltr'><strong>sno</strong></span> <span class='ocrx_word' id='word_1_22' title='bbox 254 725 295 788; x_wconf 89' lang='lat' dir='ltr'><strong>de</strong></span> <span class='ocrx_word' id='word_1_23' title='bbox 320 724 464 789; x_wconf 80' lang='lat' dir='ltr'><strong>Ecclesia</strong></span> <span class='ocrx_word' id='word_1_24' title='bbox 485 722 570 803; x_wconf 87' lang='lat' dir='ltr'><strong>cap.⁰</strong></span> <span class='ocrx_word' id='word_1_25' title='bbox 590 727 631 786; x_wconf 81' lang='lat'><strong>20</strong></span> <span class='ocrx_word' id='word_1_26' title='bbox 652 720 702 799; x_wconf 86' lang='lat' dir='ltr'><strong>ff.;</strong></span> <span class='ocrx_word' id='word_1_27' title='bbox 725 730 758 787; x_wconf 92' lang='lat' dir='ltr'><strong>et</strong></span> <span class='ocrx_word' id='word_1_28' title='bbox 779 722 941 799; x_wconf 85' lang='lat' dir='ltr'><strong>videbitis,</strong></span> <span class='ocrx_word' id='word_1_29' title='bbox 974 722 1110 802; x_wconf 81' lang='lat' dir='ltr'><strong>qualiter</strong></span> <span class='ocrx_word' id='word_1_30' title='bbox 1138 721 1209 787; x_wconf 90' lang='lat' dir='ltr'><strong>illos</strong></span> <span class='ocrx_word' id='word_1_31' title='bbox 1232 721 1359 786; x_wconf 91' lang='lat' dir='ltr'><strong>canoni·</strong></span> 
     </span>
     <span class='ocr_line' id='line_1_4' title="bbox 165 822 1359 904; baseline -0.003 -16"><span class='ocrx_word' id='word_1_32' title='bbox 165 825 255 890; x_wconf 83' lang='lat' dir='ltr'><strong>savit.</strong></span> <span class='ocrx_word' id='word_1_33' title='bbox 286 824 328 890; x_wconf 86' lang='lat' dir='ltr'><strong>Et</strong></span> <span class='ocrx_word' id='word_1_34' title='bbox 349 824 496 904; x_wconf 79' lang='lat' dir='ltr'><strong>legerunt</strong></span> <span class='ocrx_word' id='word_1_35' title='bbox 518 823 734 904; x_wconf 75' lang='lat' dir='ltr'>prophetiam,</span> <span class='ocrx_word' id='word_1_36' title='bbox 758 822 853 886; x_wconf 90' lang='lat' dir='ltr'><strong>credo</strong></span> <span class='ocrx_word' id='word_1_37' title='bbox 875 822 1018 886; x_wconf 83' lang='lat' dir='ltr'><strong>Danielis</strong></span> <span class='ocrx_word' id='word_1_38' title='bbox 1039 822 1116 900; x_wconf 75' lang='lat' dir='ltr'><strong>llll,</strong></span> <span class='ocrx_word' id='word_1_39' title='bbox 1140 822 1192 886; x_wconf 95' lang='lat' dir='ltr'><strong>ubi</strong></span> <span class='ocrx_word' id='word_1_40' title='bbox 1214 823 1359 904; x_wconf 90' lang='lat' dir='ltr'><strong>ponitur:</strong></span> 
     </span>
     <span class='ocr_line' id='line_1_5' title="bbox 164 922 1358 1005; baseline -0.003 -16"><span class='ocrx_word' id='word_1_41' title='bbox 164 923 206 990; x_wconf 86' lang='lat' dir='ltr'><strong>Et</strong></span> <span class='ocrx_word' id='word_1_42' title='bbox 227 926 378 990; x_wconf 87' lang='lat' dir='ltr'><strong>ruentia</strong></span> <span class='ocrx_word' id='word_1_43' title='bbox 399 924 503 1005; x_wconf 80' lang='lat' dir='ltr'><strong>gladio</strong></span> <span class='ocrx_word' id='word_1_44' title='bbox 527 932 559 989; x_wconf 92' lang='lat' dir='ltr'><strong>et</strong></span> <span class='ocrx_word' id='word_1_45' title='bbox 580 923 704 987; x_wconf 86' lang='lat' dir='ltr'><strong>llarnma</strong></span> <span class='ocrx_word' id='word_1_46' title='bbox 726 930 759 988; x_wconf 92' lang='lat' dir='ltr'><strong>et</strong></span> <span class='ocrx_word' id='word_1_47' title='bbox 780 922 966 1004; x_wconf 77' lang='lat' dir='ltr'><strong>captivitate</strong></span> <span class='ocrx_word' id='word_1_48' title='bbox 989 922 1129 1001; x_wconf 83' lang='lat' dir='ltr'><strong>dierum,</strong></span> <span class='ocrx_word' id='word_1_49' title='bbox 1164 930 1197 987; x_wconf 90' lang='lat' dir='ltr'><strong>et</strong></span> <span class='ocrx_word' id='word_1_50' title='bbox 1219 923 1358 1004; x_wconf 91' lang='lat' dir='ltr'><strong>applica·</strong></span> 
     </span>
     <span class='ocr_line' id='line_1_6' title="bbox 164 1021 1358 1104; baseline -0.002 -16"><span class='ocrx_word' id='word_1_51' title='bbox 164 1024 285 1090; x_wconf 91' lang='lat' dir='ltr'><strong>buntur</strong></span> <span class='ocrx_word' id='word_1_52' title='bbox 306 1027 352 1088; x_wconf 88' lang='lat' dir='ltr'><strong>eis</strong></span> <span class='ocrx_word' id='word_1_53' title='bbox 374 1024 464 1089; x_wconf 91' lang='lat' dir='ltr'><strong>multi</strong></span> <span class='ocrx_word' id='word_1_54' title='bbox 479 1022 704 1088; x_wconf 86' lang='lat' dir='ltr'><strong>fraudulenter.</strong></span> <span class='ocrx_word' id='word_1_55' title='bbox 727 1021 770 1088; x_wconf 88' lang='lat' dir='ltr'><strong>Et</strong></span> <span class='ocrx_word' id='word_1_56' title='bbox 784 1029 896 1104; x_wconf 89' lang='lat' dir='ltr'><strong>postea</strong></span> <span class='ocrx_word' id='word_1_57' title='bbox 918 1023 1057 1103; x_wconf 78' lang='lat' dir='ltr'><strong>qualiter</strong></span> <span class='ocrx_word' id='word_1_58' title='bbox 1078 1024 1139 1089; x_wconf 89' lang='lat' dir='ltr'><strong>bue</strong></span> <span class='ocrx_word' id='word_1_59' title='bbox 1161 1023 1311 1104; x_wconf 88' lang='lat' dir='ltr'><strong>impletur</strong></span> <span class='ocrx_word' id='word_1_60' title='bbox 1326 1022 1358 1087; x_wconf 92' lang='lat' dir='ltr'><strong>in</strong></span> 
     </span>
     <span class='ocr_line' id='line_1_7' title="bbox 164 1122 1359 1204; baseline -0.002 -16"><span class='ocrx_word' id='word_1_61' title='bbox 164 1125 226 1189; x_wconf 91' lang='lat' dir='ltr'><strong>illis</strong></span> <span class='ocrx_word' id='word_1_62' title='bbox 248 1125 352 1189; x_wconf 89' lang='lat' dir='ltr'><strong>tribus</strong></span> <span class='ocrx_word' id='word_1_63' title='bbox 374 1124 461 1189; x_wconf 87' lang='lat' dir='ltr'><strong>laicis</strong></span> <span class='ocrx_word' id='word_1_64' title='bbox 484 1123 633 1202; x_wconf 80' lang='lat' dir='ltr'><strong>Martino,</strong></span> <span class='ocrx_word' id='word_1_65' title='bbox 655 1122 829 1187; x_wconf 86' lang='lat' dir='ltr'><strong>Stasskone</strong></span> <span class='ocrx_word' id='word_1_66' title='bbox 851 1129 885 1188; x_wconf 89' lang='lat' dir='ltr'><strong>et</strong></span> <span class='ocrx_word' id='word_1_67' title='bbox 905 1123 1050 1202; x_wconf 86' lang='lat' dir='ltr'><strong>Joanne‚-</strong></span> <span class='ocrx_word' id='word_1_68' title='bbox 1069 1123 1125 1204; x_wconf 92' lang='lat' dir='ltr'><strong>qui</strong></span> <span class='ocrx_word' id='word_1_69' title='bbox 1145 1140 1211 1188; x_wconf 92' lang='lat' dir='ltr'><strong>non</strong></span> <span class='ocrx_word' id='word_1_70' title='bbox 1225 1140 1359 1188; x_wconf 90' lang='lat' dir='ltr'><strong>consen·</strong></span> 
     </span>
     <span class='ocr_line' id='line_1_8' title="bbox 163 1223 1359 1304; baseline 0 -16"><span class='ocrx_word' id='word_1_71' title='bbox 163 1225 300 1304; x_wconf 81' lang='lat' dir='ltr'><strong>tientes,</strong></span> <span class='ocrx_word' id='word_1_72' title='bbox 330 1225 392 1289; x_wconf 92' lang='lat' dir='ltr'><strong>imo</strong></span> <span class='ocrx_word' id='word_1_73' title='bbox 415 1224 669 1289; x_wconf 82' lang='lat' dir='ltr'><strong>contradicentes</strong></span> <span class='ocrx_word' id='word_1_74' title='bbox 694 1223 885 1288; x_wconf 84' lang='lat' dir='ltr'><strong>Antichristi</strong></span> <span class='ocrx_word' id='word_1_75' title='bbox 904 1223 1089 1304; x_wconf 67' lang='lat' dir='ltr'><strong>mendaciis</strong></span> <span class='ocrx_word' id='word_1_76' title='bbox 1122 1224 1262 1290; x_wconf 84' lang='lat' dir='ltr'><strong>eervices</strong></span> <span class='ocrx_word' id='word_1_77' title='bbox 1285 1242 1359 1288; x_wconf 88' lang='lat' dir='ltr'><strong>suas</strong></span> 
     </span>
     <span class='ocr_line' id='line_1_9' title="bbox 164 1323 1359 1407; baseline 0.002 -19"><span class='ocrx_word' id='word_1_78' title='bbox 164 1323 269 1403; x_wconf 79' lang='lat' dir='ltr'><strong>gladio</strong></span> <span class='ocrx_word' id='word_1_79' title='bbox 286 1330 513 1405; x_wconf 81' lang='lat' dir='ltr'><strong>exposuerunt,</strong></span> <span class='ocrx_word' id='word_1_80' title='bbox 537 1330 570 1388; x_wconf 92' lang='lat' dir='ltr'><strong>et</strong></span> <span class='ocrx_word' id='word_1_81' title='bbox 591 1324 645 1388; x_wconf 92' lang='lat' dir='ltr'><strong>alii</strong></span> <span class='ocrx_word' id='word_1_82' title='bbox 667 1324 758 1387; x_wconf 92' lang='lat' dir='ltr'><strong>multi</strong></span> <span class='ocrx_word' id='word_1_83' title='bbox 772 1323 814 1387; x_wconf 89' lang='lat' dir='ltr'><strong>ad</strong></span> <span class='ocrx_word' id='word_1_84' title='bbox 834 1323 919 1387; x_wconf 90' lang='lat' dir='ltr'><strong>idern</strong></span> <span class='ocrx_word' id='word_1_85' title='bbox 934 1324 1038 1404; x_wconf 89' lang='lat' dir='ltr'><strong>parati</strong></span> <span class='ocrx_word' id='word_1_86' title='bbox 1059 1324 1199 1404; x_wconf 80' lang='lat' dir='ltr'><strong>fuerunt,</strong></span> <span class='ocrx_word' id='word_1_87' title='bbox 1221 1326 1359 1407; x_wconf 87' lang='lat' dir='ltr'><strong>etmulti</strong></span> 
     </span>
     <span class='ocr_line' id='line_1_10' title="bbox 163 1423 1359 1503; baseline 0.001 -16"><span class='ocrx_word' id='word_1_88' title='bbox 163 1424 225 1488; x_wconf 90' lang='lat' dir='ltr'><strong>illis</strong></span> <span class='ocrx_word' id='word_1_89' title='bbox 247 1424 466 1489; x_wconf 82' lang='lat' dir='ltr'><strong>fraudulenter</strong></span> <span class='ocrx_word' id='word_1_90' title='bbox 487 1423 636 1489; x_wconf 87' lang='lat' dir='ltr'><strong>associati</strong></span> <span class='ocrx_word' id='word_1_91' title='bbox 659 1432 742 1503; x_wconf 90' lang='lat' dir='ltr'><strong>sunt,</strong></span> <span class='ocrx_word' id='word_1_92' title='bbox 765 1424 819 1503; x_wconf 92' lang='lat' dir='ltr'><strong>qui</strong></span> <span class='ocrx_word' id='word_1_93' title='bbox 834 1424 928 1488; x_wconf 89' lang='lat' dir='ltr'><strong>minis</strong></span> <span class='ocrx_word' id='word_1_94' title='bbox 950 1424 1138 1489; x_wconf 88' lang='lat' dir='ltr'><strong>Antichristi</strong></span> <span class='ocrx_word' id='word_1_95' title='bbox 1162 1425 1309 1490; x_wconf 86' lang='lat' dir='ltr'><strong>exterriti</strong></span> <span class='ocrx_word' id='word_1_96' title='bbox 1325 1425 1359 1489; x_wconf 93' lang='lat' dir='ltr'><strong>in</strong></span> 
     </span>
     <span class='ocr_line' id='line_1_11' title="bbox 163 1524 1359 1607; baseline 0 -19"><span class='ocrx_word' id='word_1_97' title='bbox 163 1524 269 1605; x_wconf 81' lang='lat' dir='ltr'><strong>fugam</strong></span> <span class='ocrx_word' id='word_1_98' title='bbox 298 1526 443 1589; x_wconf 87' lang='lat' dir='ltr'><strong>conversi</strong></span> <span class='ocrx_word' id='word_1_99' title='bbox 472 1531 547 1588; x_wconf 88' lang='lat' dir='ltr'><strong>suut</strong></span> <span class='ocrx_word' id='word_1_100' title='bbox 574 1531 608 1589; x_wconf 89' lang='lat' dir='ltr'><strong>et</strong></span> <span class='ocrx_word' id='word_1_101' title='bbox 636 1530 722 1588; x_wconf 91' lang='lat' dir='ltr'><strong>retro</strong></span> <span class='ocrx_word' id='word_1_102' title='bbox 744 1525 892 1589; x_wconf 89' lang='lat' dir='ltr'><strong>abierunt</strong></span> <span class='ocrx_word' id='word_1_103' title='bbox 918 1541 964 1604; x_wconf 76' lang='lat' dir='ltr'><strong>tc.¹</strong></span> <span class='ocrx_word' id='word_1_104' title='bbox 981 1526 1101 1602; x_wconf 83' lang='lat' dir='ltr'><strong>Quibus</strong></span> <span class='ocrx_word' id='word_1_105' title='bbox 1124 1525 1216 1592; x_wconf 92' lang='lat' dir='ltr'><strong>lectis</strong></span> <span class='ocrx_word' id='word_1_106' title='bbox 1237 1525 1359 1607; x_wconf 89' lang='lat' dir='ltr'><strong>praesi-</strong></span> 
     </span>
     <span class='ocr_line' id='line_1_12' title="bbox 164 1623 1358 1706; baseline 0.003 -18"><span class='ocrx_word' id='word_1_107' title='bbox 164 1624 276 1689; x_wconf 86' lang='lat' dir='ltr'><strong>dentes</strong></span> <span class='ocrx_word' id='word_1_108' title='bbox 313 1643 384 1689; x_wconf 89' lang='lat' dir='ltr'><strong>sese</strong></span> <span class='ocrx_word' id='word_1_109' title='bbox 421 1625 610 1689; x_wconf 90' lang='lat' dir='ltr'><strong>alterutrum</strong></span> <span class='ocrx_word' id='word_1_110' title='bbox 643 1623 870 1703; x_wconf 84' lang='lat' dir='ltr'><strong>intuebantur,</strong></span> <span class='ocrx_word' id='word_1_111' title='bbox 915 1626 1005 1705; x_wconf 85' lang='lat' dir='ltr'><strong>quasi</strong></span> <span class='ocrx_word' id='word_1_112' title='bbox 1038 1625 1271 1706; x_wconf 91' lang='lat' dir='ltr'><strong>quodammodo</strong></span> <span class='ocrx_word' id='word_1_113' title='bbox 1303 1624 1358 1691; x_wconf 90' lang='lat' dir='ltr'><strong>ad·</strong></span> 
     </span>
     <span class='ocr_line' id='line_1_13' title="bbox 163 1725 324 1789; baseline 0.006 -1"><span class='ocrx_word' id='word_1_114' title='bbox 163 1725 324 1789; x_wconf 86' lang='lat' dir='ltr'><strong>mirantes.</strong></span> 
     </span>
    </p>

    <p class='ocr_par' dir='ltr' id='par_1_3' title="bbox 157 1822 1359 3593">
     <span class='ocr_line' id='line_1_14' title="bbox 260 1822 1359 1906; baseline -0.001 -18"><span class='ocrx_word' id='word_1_115' title='bbox 260 1826 379 1890; x_wconf 82' lang='lat' dir='ltr'><strong>Postea</strong></span> <span class='ocrx_word' id='word_1_116' title='bbox 407 1824 531 1904; x_wconf 72' lang='lat' dir='ltr'><strong>anglici</strong></span> <span class='ocrx_word' id='word_1_117' title='bbox 559 1824 781 1906; x_wconf 79' lang='lat' dir='ltr'><strong>produxerunt</strong></span> <span class='ocrx_word' id='word_1_118' title='bbox 815 1824 937 1905; x_wconf 90' lang='lat' dir='ltr'><strong>copiam</strong></span> <span class='ocrx_word' id='word_1_119' title='bbox 964 1825 1127 1906; x_wconf 88' lang='lat' dir='ltr'><strong>cujusdam</strong></span> <span class='ocrx_word' id='word_1_120' title='bbox 1153 1825 1266 1891; x_wconf 90' lang='lat' dir='ltr'><strong>literae</strong></span> <span class='ocrx_word' id='word_1_121' title='bbox 1290 1822 1359 1888; x_wconf 90' lang='lat' dir='ltr'><strong>uni-</strong></span> 
     </span>
     <span class='ocr_line' id='line_1_15' title="bbox 162 1924 1359 2007; baseline 0.003 -23"><span class='ocrx_word' id='word_1_122' title='bbox 162 1924 325 1988; x_wconf 84' lang='lat' dir='ltr'><strong>uersitatis</strong></span> <span class='ocrx_word' id='word_1_123' title='bbox 348 1924 535 1990; x_wconf 84' lang='lat' dir='ltr'><strong>anniensis</strong></span> <span class='ocrx_word' id='word_1_124' title='bbox 559 1925 692 2004; x_wconf 84' lang='lat' dir='ltr'><strong>Pragam</strong></span> <span class='ocrx_word' id='word_1_125' title='bbox 720 1933 923 2006; x_wconf 87' lang='lat' dir='ltr'><strong>apportatac,</strong></span> <span class='ocrx_word' id='word_1_126' title='bbox 960 1945 1052 2007; x_wconf 88' lang='lat' dir='ltr'><strong>quam</strong></span> <span class='ocrx_word' id='word_1_127' title='bbox 1081 1926 1229 1990; x_wconf 89' lang='lat' dir='ltr'><strong>dicebant</strong></span> <span class='ocrx_word' id='word_1_128' title='bbox 1260 1924 1359 2004; x_wconf 81' lang='lat' dir='ltr'><strong>magi·</strong></span> 
     </span>
     <span class='ocr_line' id='line_1_16' title="bbox 162 2024 1359 2107; baseline 0.001 -20"><span class='ocrx_word' id='word_1_129' title='bbox 162 2032 263 2089; x_wconf 87' lang='lat' dir='ltr'><strong>strum</strong></span> <span class='ocrx_word' id='word_1_130' title='bbox 282 2025 437 2089; x_wconf 88' lang='lat' dir='ltr'><strong>Joannem</strong></span> <span class='ocrx_word' id='word_1_131' title='bbox 459 2024 489 2086; x_wconf 90' lang='lat' dir='ltr'><strong>in</strong></span> <span class='ocrx_word' id='word_1_132' title='bbox 508 2041 655 2089; x_wconf 85' lang='lat' dir='ltr'><strong>sermone</strong></span> <span class='ocrx_word' id='word_1_133' title='bbox 669 2024 849 2106; x_wconf 81' lang='lat' dir='ltr'><strong>publicasse</strong></span> <span class='ocrx_word' id='word_1_134' title='bbox 870 2032 903 2090; x_wconf 91' lang='lat' dir='ltr'><strong>et</strong></span> <span class='ocrx_word' id='word_1_135' title='bbox 924 2026 1062 2106; x_wconf 78' lang='lat' dir='ltr'><strong>sigillum</strong></span> <span class='ocrx_word' id='word_1_136' title='bbox 1083 2045 1142 2107; x_wconf 90' lang='lat' dir='ltr'><strong>pro</strong></span> <span class='ocrx_word' id='word_1_137' title='bbox 1165 2043 1359 2091; x_wconf 89' lang='lat' dir='ltr'><strong>recommen-</strong></span> 
     </span>
     <span class='ocr_line' id='line_1_17' title="bbox 162 2122 1358 2206; baseline -0.001 -17"><span class='ocrx_word' id='word_1_138' title='bbox 162 2125 290 2189; x_wconf 88' lang='lat' dir='ltr'><strong>datione</strong></span> <span class='ocrx_word' id='word_1_139' title='bbox 313 2125 414 2205; x_wconf 93' lang='lat' dir='ltr'><strong>ipsius</strong></span> <span class='ocrx_word' id='word_1_140' title='bbox 436 2122 553 2188; x_wconf 86' lang='lat' dir='ltr'><strong>Wiclel</strong></span> <span class='ocrx_word' id='word_1_141' title='bbox 573 2125 761 2189; x_wconf 87' lang='lat' dir='ltr'><strong>ostendisse.</strong></span> <span class='ocrx_word' id='word_1_142' title='bbox 811 2125 850 2190; x_wconf 81' lang='lat' dir='ltr'><strong>Et</strong></span> <span class='ocrx_word' id='word_1_143' title='bbox 873 2144 944 2190; x_wconf 93' lang='lat' dir='ltr'><strong>cum</strong></span> <span class='ocrx_word' id='word_1_144' title='bbox 965 2126 1120 2206; x_wconf 81' lang='lat' dir='ltr'><strong>legissent</strong></span> <span class='ocrx_word' id='word_1_145' title='bbox 1143 2145 1225 2198; x_wconf 90' lang='lat' dir='ltr'><strong>eam,</strong></span> <span class='ocrx_word' id='word_1_146' title='bbox 1252 2124 1358 2206; x_wconf 92' lang='lat' dir='ltr'><strong>requi·</strong></span> 
     </span>
     <span class='ocr_line' id='line_1_18' title="bbox 163 2225 1357 2308; baseline 0.002 -20"><span class='ocrx_word' id='word_1_147' title='bbox 163 2227 286 2290; x_wconf 89' lang='lat' dir='ltr'><strong>sierunt</strong></span> <span class='ocrx_word' id='word_1_148' title='bbox 296 2225 337 2289; x_wconf 88' lang='lat' dir='ltr'><strong>ab</strong></span> <span class='ocrx_word' id='word_1_149' title='bbox 366 2242 414 2302; x_wconf 90' lang='lat' dir='ltr'><strong>eo,</strong></span> <span class='ocrx_word' id='word_1_150' title='bbox 437 2226 462 2288; x_wconf 91' lang='lat' dir='ltr'><strong>si</strong></span> <span class='ocrx_word' id='word_1_151' title='bbox 480 2242 548 2289; x_wconf 89' lang='lat' dir='ltr'><strong>eam</strong></span> <span class='ocrx_word' id='word_1_152' title='bbox 570 2227 835 2306; x_wconf 78' lang='lat' dir='ltr'><strong>pronuntiasset?</strong></span> <span class='ocrx_word' id='word_1_153' title='bbox 857 2226 899 2291; x_wconf 89' lang='lat' dir='ltr'><strong>Et</strong></span> <span class='ocrx_word' id='word_1_154' title='bbox 913 2226 982 2308; x_wconf 89' lang='lat' dir='ltr'><strong>ipse</strong></span> <span class='ocrx_word' id='word_1_155' title='bbox 1005 2226 1180 2308; x_wconf 84' lang='lat' dir='ltr'><strong>respondit,</strong></span> <span class='ocrx_word' id='word_1_156' title='bbox 1204 2225 1288 2307; x_wconf 93' lang='lat' dir='ltr'><strong>quod</strong></span> <span class='ocrx_word' id='word_1_157' title='bbox 1303 2225 1357 2304; x_wconf 86' lang='lat' dir='ltr'><strong>sic,</strong></span> 
     </span>
     <span class='ocr_line' id='line_1_19' title="bbox 163 2324 1358 2404; baseline 0 -16"><span class='ocrx_word' id='word_1_158' title='bbox 163 2325 236 2403; x_wconf 86' lang='lat' dir='ltr'><strong>quia</strong></span> <span class='ocrx_word' id='word_1_159' title='bbox 264 2324 349 2388; x_wconf 88' lang='lat' dir='ltr'><strong>illam</strong></span> <span class='ocrx_word' id='word_1_160' title='bbox 384 2343 454 2403; x_wconf 87' lang='lat' dir='ltr'><strong>cum</strong></span> <span class='ocrx_word' id='word_1_161' title='bbox 489 2325 593 2404; x_wconf 83' lang='lat' dir='ltr'><strong>sigillo</strong></span> <span class='ocrx_word' id='word_1_162' title='bbox 627 2327 844 2391; x_wconf 88' lang='lat' dir='ltr'><strong>universitatis</strong></span> <span class='ocrx_word' id='word_1_163' title='bbox 879 2327 1068 2392; x_wconf 87' lang='lat' dir='ltr'><strong>Oxoniensis</strong></span> <span class='ocrx_word' id='word_1_164' title='bbox 1099 2327 1161 2392; x_wconf 94' lang='lat' dir='ltr'><strong>duo</strong></span> <span class='ocrx_word' id='word_1_165' title='bbox 1191 2326 1358 2392; x_wconf 83' lang='lat' dir='ltr'><strong>studentes</strong></span> 
     </span>
     <span class='ocr_line' id='line_1_20' title="bbox 162 2426 1359 2511; baseline 0.003 -23"><span class='ocrx_word' id='word_1_166' title='bbox 162 2426 295 2504; x_wconf 84' lang='lat' dir='ltr'><strong>Pragam</strong></span> <span class='ocrx_word' id='word_1_167' title='bbox 316 2426 510 2489; x_wconf 85' lang='lat' dir='ltr'><strong>attulissent</strong></span> <span class='ocrx_word' id='word_1_168' title='bbox 532 2426 619 2490; x_wconf 88' lang='lat' dir='ltr'><strong>Tunc</strong></span> <span class='ocrx_word' id='word_1_169' title='bbox 641 2427 765 2506; x_wconf 83' lang='lat' dir='ltr'><strong>Anglici</strong></span> <span class='ocrx_word' id='word_1_170' title='bbox 788 2428 1025 2511; x_wconf 87' lang='lat' dir='ltr'><strong>requisiverunt</strong></span> <span class='ocrx_word' id='word_1_171' title='bbox 1047 2428 1086 2493; x_wconf 92' lang='lat' dir='ltr'><strong>ab</strong></span> <span class='ocrx_word' id='word_1_172' title='bbox 1110 2446 1149 2492; x_wconf 88' lang='lat' dir='ltr'><strong>eo</strong></span> <span class='ocrx_word' id='word_1_173' title='bbox 1170 2433 1204 2492; x_wconf 90' lang='lat' dir='ltr'><strong>et</strong></span> <span class='ocrx_word' id='word_1_174' title='bbox 1226 2447 1306 2503; x_wconf 80' lang='lat' dir='ltr'><strong>eum,</strong></span> <span class='ocrx_word' id='word_1_175' title='bbox 1322 2435 1359 2491; x_wconf 90' lang='lat' dir='ltr'><strong>ut</strong></span> 
     </span>
     <span class='ocr_line' id='line_1_21' title="bbox 163 2525 1358 2607; baseline 0.003 -19"><span class='ocrx_word' id='word_1_176' title='bbox 163 2525 304 2589; x_wconf 88' lang='lat' dir='ltr'><strong>nominet</strong></span> <span class='ocrx_word' id='word_1_177' title='bbox 325 2525 397 2591; x_wconf 90' lang='lat' dir='ltr'><strong>illos</strong></span> <span class='ocrx_word' id='word_1_178' title='bbox 419 2526 595 2600; x_wconf 87' lang='lat' dir='ltr'><strong>studentes,</strong></span> <span class='ocrx_word' id='word_1_179' title='bbox 621 2527 695 2607; x_wconf 90' lang='lat' dir='ltr'><strong>quia</strong></span> <span class='ocrx_word' id='word_1_180' title='bbox 723 2527 886 2604; x_wconf 79' lang='lat' dir='ltr'><strong>dixerunt,</strong></span> <span class='ocrx_word' id='word_1_181' title='bbox 908 2527 994 2592; x_wconf 88' lang='lat' dir='ltr'><strong>illam</strong></span> <span class='ocrx_word' id='word_1_182' title='bbox 1016 2529 1141 2593; x_wconf 87' lang='lat' dir='ltr'><strong>literam</strong></span> <span class='ocrx_word' id='word_1_183' title='bbox 1162 2526 1358 2592; x_wconf 85' lang='lat' dir='ltr'><strong>fuisseialsi·</strong></span> 
     </span>
     <span class='ocr_line' id='line_1_22' title="bbox 161 2624 1358 2708; baseline -0.001 -17"><span class='ocrx_word' id='word_1_184' title='bbox 161 2624 284 2691; x_wconf 76' lang='lat' dir='ltr'><strong>taam</strong></span> <span class='ocrx_word' id='word_1_185' title='bbox 313 2632 345 2689; x_wconf 89' lang='lat' dir='ltr'><strong>et</strong></span> <span class='ocrx_word' id='word_1_186' title='bbox 376 2645 438 2690; x_wconf 89' lang='lat' dir='ltr'><strong>non</strong></span> <span class='ocrx_word' id='word_1_187' title='bbox 472 2626 578 2690; x_wconf 90' lang='lat' dir='ltr'><strong>debite</strong></span> <span class='ocrx_word' id='word_1_188' title='bbox 607 2646 779 2692; x_wconf 83' lang='lat' dir='ltr'><strong>emanasse.</strong></span> <span class='ocrx_word' id='word_1_189' title='bbox 814 2628 856 2693; x_wconf 86' lang='lat' dir='ltr'><strong>Et</strong></span> <span class='ocrx_word' id='word_1_190' title='bbox 887 2628 1040 2708; x_wconf 83' lang='lat' dir='ltr'><strong>magister</strong></span> <span class='ocrx_word' id='word_1_191' title='bbox 1067 2628 1239 2694; x_wconf 90' lang='lat' dir='ltr'><strong>ostendeus</strong></span> <span class='ocrx_word' id='word_1_192' title='bbox 1261 2645 1358 2707; x_wconf 90' lang='lat' dir='ltr'><strong>snper</strong></span> 
     </span>
     <span class='ocr_line' id='line_1_23' title="bbox 164 2725 1359 2793; baseline 0.002 -5"><span class='ocrx_word' id='word_1_193' title='bbox 164 2725 273 2789; x_wconf 85' lang='lat' dir='ltr'><strong>Paleca</strong></span> <span class='ocrx_word' id='word_1_194' title='bbox 303 2726 396 2790; x_wconf 83' lang='lat' dir='ltr'><strong>dixit:</strong></span> <span class='ocrx_word' id='word_1_195' title='bbox 426 2726 484 2789; x_wconf 88' lang='lat' dir='ltr'><strong>lile</strong></span> <span class='ocrx_word' id='word_1_196' title='bbox 510 2727 628 2790; x_wconf 76' lang='lat' dir='ltr'><strong>artuicus</strong></span> <span class='ocrx_word' id='word_1_197' title='bbox 650 2746 739 2790; x_wconf 92' lang='lat' dir='ltr'><strong>meus</strong></span> <span class='ocrx_word' id='word_1_198' title='bbox 762 2728 850 2791; x_wconf 86' lang='lat' dir='ltr'><strong>novit</strong></span> <span class='ocrx_word' id='word_1_199' title='bbox 878 2728 979 2792; x_wconf 90' lang='lat' dir='ltr'><strong>bonae</strong></span> <span class='ocrx_word' id='word_1_200' title='bbox 1002 2728 1172 2793; x_wconf 88' lang='lat' dir='ltr'><strong>memoriae</strong></span> <span class='ocrx_word' id='word_1_201' title='bbox 1193 2727 1359 2793; x_wconf 75' lang='lat' dir='ltr'><strong>Nicolaum</strong></span> 
     </span>
     <span class='ocr_line' id='line_1_24' title="bbox 163 2825 1358 2908; baseline -0.001 -19"><span class='ocrx_word' id='word_1_202' title='bbox 163 2825 304 2902; x_wconf 79' lang='lat' dir='ltr'><strong>Fanlfiss</strong></span> <span class='ocrx_word' id='word_1_203' title='bbox 327 2830 381 2907; x_wconf 92' lang='lat' dir='ltr'><strong>qui</strong></span> <span class='ocrx_word' id='word_1_204' title='bbox 403 2828 473 2890; x_wconf 89' lang='lat' dir='ltr'><strong>illas</strong></span> <span class='ocrx_word' id='word_1_205' title='bbox 496 2827 606 2890; x_wconf 88' lang='lat' dir='ltr'><strong>literas</strong></span> <span class='ocrx_word' id='word_1_206' title='bbox 623 2828 805 2908; x_wconf 81' lang='lat' dir='ltr'><strong>apportavit</strong></span> <span class='ocrx_word' id='word_1_207' title='bbox 821 2846 891 2892; x_wconf 92' lang='lat' dir='ltr'><strong>cum</strong></span> <span class='ocrx_word' id='word_1_208' title='bbox 911 2829 988 2905; x_wconf 85' lang='lat' dir='ltr'><strong>alio,</strong></span> <span class='ocrx_word' id='word_1_209' title='bbox 1012 2847 1105 2908; x_wconf 90' lang='lat' dir='ltr'><strong>quem</strong></span> <span class='ocrx_word' id='word_1_210' title='bbox 1120 2846 1185 2892; x_wconf 91' lang='lat' dir='ltr'><strong>non</strong></span> <span class='ocrx_word' id='word_1_211' title='bbox 1206 2828 1271 2892; x_wconf 90' lang='lat' dir='ltr'><strong>scio</strong></span> <span class='ocrx_word' id='word_1_212' title='bbox 1287 2827 1358 2906; x_wconf 89' lang='lat' dir='ltr'><strong>quis</strong></span> 
     </span>
     <span class='ocr_line' id='line_1_25' title="bbox 163 2926 1358 3008; baseline 0.001 -20"><span class='ocrx_word' id='word_1_213' title='bbox 163 2926 265 2991; x_wconf 86' lang='lat' dir='ltr'><strong>luerit.</strong></span> <span class='ocrx_word' id='word_1_214' title='bbox 298 2926 339 2990; x_wconf 87' lang='lat' dir='ltr'><strong>Et</strong></span> <span class='ocrx_word' id='word_1_215' title='bbox 368 2926 648 3004; x_wconf 78' lang='lat' dir='ltr'><strong>interrogaverunt</strong></span> <span class='ocrx_word' id='word_1_216' title='bbox 670 2946 741 2989; x_wconf 90' lang='lat' dir='ltr'><strong>eum</strong></span> <span class='ocrx_word' id='word_1_217' title='bbox 770 2928 908 3008; x_wconf 85' lang='lat' dir='ltr'><strong>Angliei,</strong></span> <span class='ocrx_word' id='word_1_218' title='bbox 936 2928 990 2991; x_wconf 95' lang='lat' dir='ltr'><strong>ubi</strong></span> <span class='ocrx_word' id='word_1_219' title='bbox 1016 2935 1103 2992; x_wconf 86' lang='lat' dir='ltr'><strong>essct</strong></span> <span class='ocrx_word' id='word_1_220' title='bbox 1129 2928 1205 2992; x_wconf 79' lang='lat' dir='ltr'><strong>ille?</strong></span> <span class='ocrx_word' id='word_1_221' title='bbox 1231 2928 1272 2991; x_wconf 85' lang='lat' dir='ltr'><strong>Et</strong></span> <span class='ocrx_word' id='word_1_222' title='bbox 1294 2946 1358 2990; x_wconf 90' lang='lat' dir='ltr'><strong>rna-</strong></span> 
     </span>
     <span class='ocr_line' id='line_1_26' title="bbox 162 3025 1357 3109; baseline -0.003 -18"><span class='ocrx_word' id='word_1_223' title='bbox 162 3028 262 3105; x_wconf 70' lang='lat' dir='ltr'><strong>pistor</strong></span> <span class='ocrx_word' id='word_1_224' title='bbox 277 3025 373 3090; x_wconf 85' lang='lat' dir='ltr'><strong>dixit:</strong></span> <span class='ocrx_word' id='word_1_225' title='bbox 388 3026 535 3090; x_wconf 86' lang='lat' dir='ltr'><strong>Mortuus</strong></span> <span class='ocrx_word' id='word_1_226' title='bbox 549 3034 598 3090; x_wconf 89' lang='lat' dir='ltr'><strong>est</strong></span> <span class='ocrx_word' id='word_1_227' title='bbox 611 3027 737 3106; x_wconf 82' lang='lat' dir='ltr'><strong>alicubi,</strong></span> <span class='ocrx_word' id='word_1_228' title='bbox 754 3027 848 3091; x_wconf 88' lang='lat' dir='ltr'><strong>credo</strong></span> <span class='ocrx_word' id='word_1_229' title='bbox 864 3028 948 3091; x_wconf 89' lang='lat' dir='ltr'><strong>inter</strong></span> <span class='ocrx_word' id='word_1_230' title='bbox 964 3027 1147 3109; x_wconf 88' lang='lat' dir='ltr'><strong>Hispaniam</strong></span> <span class='ocrx_word' id='word_1_231' title='bbox 1160 3036 1193 3092; x_wconf 92' lang='lat' dir='ltr'><strong>et</strong></span> <span class='ocrx_word' id='word_1_232' title='bbox 1203 3027 1357 3103; x_wconf 75' lang='lat' dir='ltr'><strong>Arrgliam.</strong></span> 
     </span>
     <span class='ocr_line' id='line_1_27' title="bbox 164 3125 1358 3192; baseline 0 -2"><span class='ocrx_word' id='word_1_233' title='bbox 164 3125 202 3192; x_wconf 87' lang='lat' dir='ltr'><strong>Et</strong></span> <span class='ocrx_word' id='word_1_234' title='bbox 227 3127 412 3190; x_wconf 88' lang='lat' dir='ltr'><strong>deriserunt</strong></span> <span class='ocrx_word' id='word_1_235' title='bbox 442 3146 522 3190; x_wconf 81' lang='lat' dir='ltr'><strong>euin.</strong></span> <span class='ocrx_word' id='word_1_236' title='bbox 551 3127 593 3191; x_wconf 84' lang='lat' dir='ltr'><strong>Et</strong></span> <span class='ocrx_word' id='word_1_237' title='bbox 618 3127 730 3192; x_wconf 89' lang='lat' dir='ltr'><strong>Palecz</strong></span> <span class='ocrx_word' id='word_1_238' title='bbox 760 3127 855 3192; x_wconf 82' lang='lat' dir='ltr'><strong>dixit:</strong></span> <span class='ocrx_word' id='word_1_239' title='bbox 885 3128 951 3190; x_wconf 80' lang='lat' dir='ltr'><strong>Ab!</strong></span> <span class='ocrx_word' id='word_1_240' title='bbox 976 3126 1028 3190; x_wconf 90' lang='lat' dir='ltr'><strong>ille</strong></span> <span class='ocrx_word' id='word_1_241' title='bbox 1055 3127 1191 3191; x_wconf 84' lang='lat' dir='ltr'><strong>Fanlliss</strong></span> <span class='ocrx_word' id='word_1_242' title='bbox 1214 3126 1358 3190; x_wconf 84' lang='lat' dir='ltr'><strong>nonfuit</strong></span> 
     </span>
     <span class='ocr_line' id='line_1_28' title="bbox 161 3225 1357 3307; baseline 0 -19"><span class='ocrx_word' id='word_1_243' title='bbox 161 3228 322 3307; x_wconf 72' lang='lat' dir='ltr'><strong>,inglicus</strong></span> <span class='ocrx_word' id='word_1_244' title='bbox 344 3227 400 3290; x_wconf 89' lang='lat' dir='ltr'><strong>sed</strong></span> <span class='ocrx_word' id='word_1_245' title='bbox 423 3226 598 3303; x_wconf 76' lang='lat' dir='ltr'><strong>ltolremus;</strong></span> <span class='ocrx_word' id='word_1_246' title='bbox 621 3233 654 3289; x_wconf 91' lang='lat' dir='ltr'><strong>et</strong></span> <span class='ocrx_word' id='word_1_247' title='bbox 675 3244 748 3291; x_wconf 84' lang='lat' dir='ltr'><strong>ecee</strong></span> <span class='ocrx_word' id='word_1_248' title='bbox 771 3227 1027 3290; x_wconf 78' lang='lat' dir='ltr'><strong>reverendissimi</strong></span> <span class='ocrx_word' id='word_1_249' title='bbox 1050 3228 1174 3307; x_wconf 89' lang='lat' dir='ltr'><strong>patres!</strong></span> <span class='ocrx_word' id='word_1_250' title='bbox 1199 3227 1251 3289; x_wconf 92' lang='lat' dir='ltr'><strong>ille</strong></span> <span class='ocrx_word' id='word_1_251' title='bbox 1275 3225 1357 3289; x_wconf 91' lang='lat' dir='ltr'><strong>idem</strong></span> 
     </span>
     <span class='ocr_line' id='line_1_29' title="bbox 160 3324 1356 3407; baseline -0.001 -18"><span class='ocrx_word' id='word_1_252' title='bbox 160 3324 297 3392; x_wconf 87' lang='lat' dir='ltr'><strong>Faulsiss</strong></span> <span class='ocrx_word' id='word_1_253' title='bbox 325 3328 464 3407; x_wconf 77' lang='lat' dir='ltr'><strong>portauit</strong></span> <span class='ocrx_word' id='word_1_254' title='bbox 486 3347 579 3390; x_wconf 92' lang='lat' dir='ltr'><strong>unam</strong></span> <span class='ocrx_word' id='word_1_255' title='bbox 602 3327 719 3407; x_wconf 90' lang='lat' dir='ltr'><strong>petiam</strong></span> <span class='ocrx_word' id='word_1_256' title='bbox 742 3327 856 3407; x_wconf 87' lang='lat' dir='ltr'><strong>lapidis</strong></span> <span class='ocrx_word' id='word_1_257' title='bbox 878 3328 917 3392; x_wconf 87' lang='lat' dir='ltr'><strong>de</strong></span> <span class='ocrx_word' id='word_1_258' title='bbox 941 3328 1087 3407; x_wconf 86' lang='lat' dir='ltr'><strong>sepulcro</strong></span> <span class='ocrx_word' id='word_1_259' title='bbox 1110 3328 1212 3407; x_wconf 87' lang='lat' dir='ltr'><strong>ipsius</strong></span> <span class='ocrx_word' id='word_1_260' title='bbox 1235 3326 1356 3402; x_wconf 74' lang='lat' dir='ltr'><strong>Wiclel&#39;,</strong></span> 
     </span>
     <span class='ocr_line' id='line_1_30' title="bbox 159 3424 1357 3506; baseline -0.003 -16"><span class='ocrx_word' id='word_1_261' title='bbox 159 3443 251 3506; x_wconf 88' lang='lat' dir='ltr'><strong>quam</strong></span> <span class='ocrx_word' id='word_1_262' title='bbox 283 3434 396 3506; x_wconf 89' lang='lat' dir='ltr'><strong>postea</strong></span> <span class='ocrx_word' id='word_1_263' title='bbox 417 3428 539 3504; x_wconf 74' lang='lat' dir='ltr'><strong>l’ragae</strong></span> <span class='ocrx_word' id='word_1_264' title='bbox 567 3445 625 3506; x_wconf 90' lang='lat' dir='ltr'><strong>pru</strong></span> <span class='ocrx_word' id='word_1_265' title='bbox 648 3427 791 3506; x_wconf 89' lang='lat' dir='ltr'><strong>reliquiis</strong></span> <span class='ocrx_word' id='word_1_266' title='bbox 814 3427 1049 3492; x_wconf 85' lang='lat' dir='ltr'><strong>venerabantur</strong></span> <span class='ocrx_word' id='word_1_267' title='bbox 1070 3433 1104 3492; x_wconf 91' lang='lat' dir='ltr'><strong>et</strong></span> <span class='ocrx_word' id='word_1_268' title='bbox 1126 3426 1293 3490; x_wconf 87' lang='lat' dir='ltr'><strong>habebant.</strong></span> <span class='ocrx_word' id='word_1_269' title='bbox 1316 3424 1357 3488; x_wconf 85' lang='lat' dir='ltr'><strong>Et</strong></span> 
     </span>
     <span class='ocr_line' id='line_1_31' title="bbox 157 3525 884 3593; baseline 0.001 -4"><span class='ocrx_word' id='word_1_270' title='bbox 157 3525 273 3593; x_wconf 89' lang='lat' dir='ltr'><strong>horum</strong></span> <span class='ocrx_word' id='word_1_271' title='bbox 297 3526 435 3590; x_wconf 88' lang='lat' dir='ltr'><strong>omniurn</strong></span> <span class='ocrx_word' id='word_1_272' title='bbox 458 3528 519 3589; x_wconf 89' lang='lat' dir='ltr'><strong>iste</strong></span> <span class='ocrx_word' id='word_1_273' title='bbox 541 3527 610 3590; x_wconf 89' lang='lat' dir='ltr'><strong>Hus</strong></span> <span class='ocrx_word' id='word_1_274' title='bbox 638 3529 783 3591; x_wconf 87' lang='lat' dir='ltr'><strong>conscius</strong></span> <span class='ocrx_word' id='word_1_275' title='bbox 806 3534 884 3592; x_wconf 89' lang='lat' dir='ltr'><strong>erat.</strong></span> 
     </span>
    </p>

    <p class='ocr_par' dir='ltr' id='par_1_4' title="bbox 259 3627 1357 3708">
     <span class='ocr_line' id='line_1_32' title="bbox 259 3627 1357 3708; baseline -0.001 -18"><span class='ocrx_word' id='word_1_276' title='bbox 259 3628 379 3691; x_wconf 88' lang='lat' dir='ltr'><strong>Postea</strong></span> <span class='ocrx_word' id='word_1_277' title='bbox 412 3627 536 3705; x_wconf 79' lang='lat' dir='ltr'><strong>Angliei</strong></span> <span class='ocrx_word' id='word_1_278' title='bbox 568 3627 662 3690; x_wconf 89' lang='lat' dir='ltr'><strong>aliam</strong></span> <span class='ocrx_word' id='word_1_279' title='bbox 695 3627 820 3692; x_wconf 87' lang='lat' dir='ltr'><strong>literam</strong></span> <span class='ocrx_word' id='word_1_280' title='bbox 853 3629 898 3692; x_wconf 93' lang='lat' dir='ltr'><strong>illi</strong></span> <span class='ocrx_word' id='word_1_281' title='bbox 933 3628 1046 3692; x_wconf 89' lang='lat' dir='ltr'><strong>literae</strong></span> <span class='ocrx_word' id='word_1_282' title='bbox 1080 3628 1258 3708; x_wconf 89' lang='lat' dir='ltr'><strong>oppositam</strong></span> <span class='ocrx_word' id='word_1_283' title='bbox 1288 3645 1357 3690; x_wconf 90' lang='lat' dir='ltr'><strong>cum</strong></span> 
     </span>
    </p>
   </div>
   <div class='ocr_carea' id='block_1_3' title="bbox 151 3726 1460 3810">
    <p class='ocr_par' dir='ltr' id='par_1_5' title="bbox 151 3726 1460 3810">
     <span class='ocr_line' id='line_1_33' title="bbox 151 3726 1460 3810; baseline -0.001 -17"><span class='ocrx_word' id='word_1_284' title='bbox 151 3744 317 3810; x_wconf 82' lang='lat' dir='ltr'><strong>appresso</strong></span> <span class='ocrx_word' id='word_1_285' title='bbox 339 3726 452 3806; x_wconf 82' lang='lat' dir='ltr'><strong>sigillo,</strong></span> <span class='ocrx_word' id='word_1_286' title='bbox 487 3735 522 3789; x_wconf 92' lang='lat' dir='ltr'><strong>ut</strong></span> <span class='ocrx_word' id='word_1_287' title='bbox 544 3727 706 3803; x_wconf 74' lang='lat' dir='ltr'><strong>dicebant,</strong></span> <span class='ocrx_word' id='word_1_288' title='bbox 730 3728 911 3792; x_wconf 88' lang='lat' dir='ltr'><strong>cancellarii</strong></span> <span class='ocrx_word' id='word_1_289' title='bbox 934 3728 1138 3806; x_wconf 74' lang='lat' dir='ltr'><strong>(laoniensis,</strong></span> <span class='ocrx_word' id='word_1_290' title='bbox 1167 3727 1229 3805; x_wconf 79' lang='lat' dir='ltr'><strong>legi</strong></span> <span class='ocrx_word' id='word_1_291' title='bbox 1244 3744 1358 3808; x_wconf 90' lang='lat' dir='ltr'><strong>procu·</strong></span> <span class='ocrx_word' id='word_1_292' title='bbox 1456 3786 1460 3792; x_wconf 87' lang='lat'><em>.</em></span> 
     </span>
    </p>
   </div>
   <div class='ocr_carea' id='block_1_4' title="bbox 147 3826 1360 4507">
    <p class='ocr_par' dir='ltr' id='par_1_6' title="bbox 147 3826 1360 4507">
     <span class='ocr_line' id='line_1_34' title="bbox 150 3826 1357 3907; baseline 0 -17"><span class='ocrx_word' id='word_1_293' title='bbox 150 3835 290 3903; x_wconf 75' lang='lat' dir='ltr'><strong>rerunt,</strong></span> <span class='ocrx_word' id='word_1_294' title='bbox 319 3826 456 3907; x_wconf 87' lang='lat' dir='ltr'><strong>qualiter</strong></span> <span class='ocrx_word' id='word_1_295' title='bbox 485 3844 548 3890; x_wconf 88' lang='lat' dir='ltr'><strong>non</strong></span> <span class='ocrx_word' id='word_1_296' title='bbox 580 3827 648 3890; x_wconf 92' lang='lat' dir='ltr'><strong>sine</strong></span> <span class='ocrx_word' id='word_1_297' title='bbox 671 3827 775 3891; x_wconf 89' lang='lat' dir='ltr'><strong>cordis</strong></span> <span class='ocrx_word' id='word_1_298' title='bbox 801 3827 1013 3891; x_wconf 83' lang='lat' dir='ltr'><strong>ammitmline</strong></span> <span class='ocrx_word' id='word_1_299' title='bbox 1035 3829 1254 3904; x_wconf 85' lang='lat' dir='ltr'><strong>innotescunt,</strong></span> <span class='ocrx_word' id='word_1_300' title='bbox 1277 3844 1357 3907; x_wconf 91' lang='lat' dir='ltr'><strong>quo·</strong></span> 
     </span>
     <span class='ocr_line' id='line_1_35' title="bbox 148 3925 1359 4007; baseline -0.003 -14"><span class='ocrx_word' id='word_1_301' title='bbox 148 3926 252 3993; x_wconf 87' lang='lat' dir='ltr'><strong>modo</strong></span> <span class='ocrx_word' id='word_1_302' title='bbox 283 3925 431 4007; x_wconf 91' lang='lat' dir='ltr'><strong>discipuli</strong></span> <span class='ocrx_word' id='word_1_303' title='bbox 462 3934 494 3991; x_wconf 91' lang='lat' dir='ltr'><strong>et</strong></span> <span class='ocrx_word' id='word_1_304' title='bbox 520 3926 698 3990; x_wconf 89' lang='lat' dir='ltr'><strong>imitatores</strong></span> <span class='ocrx_word' id='word_1_305' title='bbox 724 3927 857 3991; x_wconf 83' lang='lat' dir='ltr'><strong>Joannis</strong></span> <span class='ocrx_word' id='word_1_306' title='bbox 886 3927 1002 3991; x_wconf 85' lang='lat' dir='ltr'><strong>Wiclef</strong></span> <span class='ocrx_word' id='word_1_307' title='bbox 1026 3928 1143 3991; x_wconf 90' lang='lat' dir='ltr'><strong>multos</strong></span> <span class='ocrx_word' id='word_1_308' title='bbox 1170 3945 1297 3990; x_wconf 90' lang='lat' dir='ltr'><strong>errores</strong></span> <span class='ocrx_word' id='word_1_309' title='bbox 1319 3945 1359 3990; x_wconf 83' lang='lat' dir='ltr'><strong>ex</strong></span> 
     </span>
     <span class='ocr_line' id='line_1_36' title="bbox 147 4025 1357 4110; baseline -0.005 -18"><span class='ocrx_word' id='word_1_310' title='bbox 147 4029 228 4110; x_wconf 88' lang='lat' dir='ltr'><strong>ejus</strong></span> <span class='ocrx_word' id='word_1_311' title='bbox 257 4026 348 4090; x_wconf 92' lang='lat' dir='ltr'><strong>libris</strong></span> <span class='ocrx_word' id='word_1_312' title='bbox 378 4027 409 4089; x_wconf 92' lang='lat' dir='ltr'><strong>in</strong></span> <span class='ocrx_word' id='word_1_313' title='bbox 438 4044 537 4106; x_wconf 79' lang='lat' dir='ltr'><strong>regno</strong></span> <span class='ocrx_word' id='word_1_314' title='bbox 568 4026 701 4106; x_wconf 83' lang='lat' dir='ltr'><strong>Angliae</strong></span> <span class='ocrx_word' id='word_1_315' title='bbox 730 4027 942 4103; x_wconf 85' lang='lat' dir='ltr'><strong>seminarunt3</strong></span> <span class='ocrx_word' id='word_1_316' title='bbox 965 4026 1037 4091; x_wconf 91' lang='lat' dir='ltr'><strong>ideo</strong></span> <span class='ocrx_word' id='word_1_317' title='bbox 1059 4026 1105 4090; x_wconf 92' lang='lat' dir='ltr'><strong>illi</strong></span> <span class='ocrx_word' id='word_1_318' title='bbox 1126 4027 1207 4090; x_wconf 89' lang='lat' dir='ltr'><strong>malo</strong></span> <span class='ocrx_word' id='word_1_319' title='bbox 1230 4025 1357 4089; x_wconf 89' lang='lat' dir='ltr'><strong>univer·</strong></span> 
     </span>
     <span class='ocr_line' id='line_1_37' title="bbox 148 4125 1358 4206; baseline -0.002 -16"><span class='ocrx_word' id='word_1_320' title='bbox 148 4129 238 4193; x_wconf 81' lang='lat' dir='ltr'><strong>sitas</strong></span> <span class='ocrx_word' id='word_1_321' title='bbox 253 4126 365 4191; x_wconf 88' lang='lat' dir='ltr'><strong>volens</strong></span> <span class='ocrx_word' id='word_1_322' title='bbox 381 4144 560 4204; x_wconf 84' lang='lat' dir='ltr'><strong>occurrere,</strong></span> <span class='ocrx_word' id='word_1_323' title='bbox 582 4126 747 4206; x_wconf 86' lang='lat' dir='ltr'><strong>deputavit</strong></span> <span class='ocrx_word' id='word_1_324' title='bbox 763 4125 823 4189; x_wconf 86' lang='lat' dir='ltr'><strong>XII</strong></span> <span class='ocrx_word' id='word_1_325' title='bbox 843 4127 1000 4190; x_wconf 90' lang='lat' dir='ltr'><strong>solemnes</strong></span> <span class='ocrx_word' id='word_1_326' title='bbox 1018 4127 1165 4192; x_wconf 89' lang='lat' dir='ltr'><strong>doctores</strong></span> <span class='ocrx_word' id='word_1_327' title='bbox 1180 4133 1213 4190; x_wconf 89' lang='lat' dir='ltr'><strong>et</strong></span> <span class='ocrx_word' id='word_1_328' title='bbox 1228 4144 1358 4205; x_wconf 63' lang='lat' dir='ltr'><strong>marmus</strong></span> 
     </span>
     <span class='ocr_line' id='line_1_38' title="bbox 150 4226 1357 4306; baseline -0.005 -14"><span class='ocrx_word' id='word_1_329' title='bbox 150 4226 342 4303; x_wconf 77' lang='lat' dir='ltr'><strong>theologos,</strong></span> <span class='ocrx_word' id='word_1_330' title='bbox 366 4227 419 4305; x_wconf 93' lang='lat' dir='ltr'><strong>qui</strong></span> <span class='ocrx_word' id='word_1_331' title='bbox 443 4226 542 4289; x_wconf 87' lang='lat' dir='ltr'><strong>libros</strong></span> <span class='ocrx_word' id='word_1_332' title='bbox 565 4226 634 4305; x_wconf 89' lang='lat' dir='ltr'><strong>ejus</strong></span> <span class='ocrx_word' id='word_1_333' title='bbox 656 4226 827 4304; x_wconf 82' lang='lat' dir='ltr'><strong>diligenter</strong></span> <span class='ocrx_word' id='word_1_334' title='bbox 849 4227 1064 4306; x_wconf 60' lang='lat' dir='ltr'><strong>revolventes</strong></span> <span class='ocrx_word' id='word_1_335' title='bbox 1090 4231 1298 4291; x_wconf 81' lang='lat' dir='ltr'><strong>extraxerunt</strong></span> <span class='ocrx_word' id='word_1_336' title='bbox 1317 4243 1357 4290; x_wconf 83' lang='lat' dir='ltr'><strong>ex</strong></span> 
     </span>
     <span class='ocr_line' id='line_1_39' title="bbox 151 4326 1360 4407; baseline -0.001 -17"><span class='ocrx_word' id='word_1_337' title='bbox 151 4327 203 4390; x_wconf 88' lang='lat' dir='ltr'><strong>eis</strong></span> <span class='ocrx_word' id='word_1_338' title='bbox 236 4326 345 4390; x_wconf 83' lang='lat' dir='ltr'>CGLX</span> <span class='ocrx_word' id='word_1_339' title='bbox 373 4327 542 4403; x_wconf 73' lang='lat' dir='ltr'><strong>articulos,</strong></span> <span class='ocrx_word' id='word_1_340' title='bbox 575 4344 654 4406; x_wconf 90' lang='lat' dir='ltr'><strong>qnos</strong></span> <span class='ocrx_word' id='word_1_341' title='bbox 676 4327 746 4407; x_wconf 88' lang='lat' dir='ltr'><strong>ipsa</strong></span> <span class='ocrx_word' id='word_1_342' title='bbox 774 4327 970 4391; x_wconf 86' lang='lat' dir='ltr'><strong>urriversitas</strong></span> <span class='ocrx_word' id='word_1_343' title='bbox 993 4326 1137 4405; x_wconf 80' lang='lat' dir='ltr'><strong>diligenti</strong></span> <span class='ocrx_word' id='word_1_344' title='bbox 1160 4326 1304 4390; x_wconf 84' lang='lat' dir='ltr'><strong>exauriue</strong></span> <span class='ocrx_word' id='word_1_345' title='bbox 1325 4333 1360 4390; x_wconf 88' lang='lat' dir='ltr'><strong>et</strong></span> 
     </span>
     <span class='ocr_line' id='line_1_40' title="bbox 153 4424 1356 4507; baseline 0 -18"><span class='ocrx_word' id='word_1_346' title='bbox 153 4434 284 4490; x_wconf 88' lang='lat' dir='ltr'><strong>matura</strong></span> <span class='ocrx_word' id='word_1_347' title='bbox 307 4424 536 4489; x_wconf 88' lang='lat' dir='ltr'><strong>deliberatione</strong></span> <span class='ocrx_word' id='word_1_348' title='bbox 552 4426 747 4507; x_wconf 88' lang='lat' dir='ltr'><strong>praehabitis</strong></span> <span class='ocrx_word' id='word_1_349' title='bbox 764 4426 919 4506; x_wconf 88' lang='lat' dir='ltr'><strong>judicavit</strong></span> <span class='ocrx_word' id='word_1_350' title='bbox 933 4444 1005 4489; x_wconf 90' lang='lat' dir='ltr'><strong>reos</strong></span> <span class='ocrx_word' id='word_1_351' title='bbox 1027 4427 1109 4504; x_wconf 83' lang='lat' dir='ltr'><strong>igne,</strong></span> <span class='ocrx_word' id='word_1_352' title='bbox 1133 4425 1190 4489; x_wconf 89' lang='lat' dir='ltr'><strong>sed</strong></span> <span class='ocrx_word' id='word_1_353' title='bbox 1212 4425 1252 4490; x_wconf 93' lang='lat' dir='ltr'><strong>ob</strong></span> <span class='ocrx_word' id='word_1_354' title='bbox 1267 4443 1356 4489; x_wconf 90' lang='lat' dir='ltr'><strong>reve·</strong></span> 
     </span>
    </p>
   </div>
   <div class='ocr_carea' id='block_1_5' title="bbox 156 4523 1356 4706">
    <p class='ocr_par' dir='ltr' id='par_1_7' title="bbox 156 4523 1356 4706">
     <span class='ocr_line' id='line_1_41' title="bbox 156 4523 1356 4607; baseline 0.002 -21"><span class='ocrx_word' id='word_1_355' title='bbox 156 4527 296 4589; x_wconf 89' lang='lat' dir='ltr'><strong>rentiam</strong></span> <span class='ocrx_word' id='word_1_356' title='bbox 318 4523 391 4588; x_wconf 92' lang='lat' dir='ltr'><strong>fidei</strong></span> <span class='ocrx_word' id='word_1_357' title='bbox 414 4532 447 4588; x_wconf 92' lang='lat' dir='ltr'><strong>et</strong></span> <span class='ocrx_word' id='word_1_358' title='bbox 468 4527 562 4607; x_wconf 78' lang='lat' dir='ltr'><strong>liujus</strong></span> <span class='ocrx_word' id='word_1_359' title='bbox 585 4526 666 4590; x_wconf 83' lang='lat' dir='ltr'><strong>sauri</strong></span> <span class='ocrx_word' id='word_1_360' title='bbox 697 4527 819 4590; x_wconf 90' lang='lat' dir='ltr'><strong>concilii</strong></span> <span class='ocrx_word' id='word_1_361' title='bbox 844 4527 914 4590; x_wconf 92' lang='lat' dir='ltr'><strong>illos</strong></span> <span class='ocrx_word' id='word_1_362' title='bbox 936 4527 999 4589; x_wconf 90' lang='lat' dir='ltr'><strong>buc</strong></span> <span class='ocrx_word' id='word_1_363' title='bbox 1020 4524 1237 4590; x_wconf 89' lang='lat' dir='ltr'><strong>Constantiam</strong></span> <span class='ocrx_word' id='word_1_364' title='bbox 1259 4524 1356 4589; x_wconf 91' lang='lat' dir='ltr'><strong>desti-</strong></span> 
     </span>
     <span class='ocr_line' id='line_1_42' title="bbox 161 4625 1356 4706; baseline 0 -18"><span class='ocrx_word' id='word_1_365' title='bbox 161 4626 248 4689; x_wconf 87' lang='lat' dir='ltr'><strong>nauit</strong></span> <span class='ocrx_word' id='word_1_366' title='bbox 263 4632 297 4691; x_wconf 89' lang='lat' dir='ltr'><strong>et</strong></span> <span class='ocrx_word' id='word_1_367' title='bbox 312 4626 490 4691; x_wconf 86' lang='lat' dir='ltr'><strong>transmisit</strong></span> <span class='ocrx_word' id='word_1_368' title='bbox 506 4627 759 4692; x_wconf 89' lang='lat' dir='ltr'><strong>condemnandos</strong></span> <span class='ocrx_word' id='word_1_369' title='bbox 780 4643 829 4706; x_wconf 74' lang='lat' dir='ltr'><strong>aa,</strong></span> <span class='ocrx_word' id='word_1_370' title='bbox 852 4632 887 4691; x_wconf 91' lang='lat' dir='ltr'><strong>ut</strong></span> <span class='ocrx_word' id='word_1_371' title='bbox 901 4627 934 4690; x_wconf 91' lang='lat' dir='ltr'><strong>in</strong></span> <span class='ocrx_word' id='word_1_372' title='bbox 949 4626 1033 4690; x_wconf 89' lang='lat' dir='ltr'><strong>dicta</strong></span> <span class='ocrx_word' id='word_1_373' title='bbox 1049 4625 1143 4691; x_wconf 86' lang='lat' dir='ltr'><strong>litera</strong></span> <span class='ocrx_word' id='word_1_374' title='bbox 1165 4626 1356 4692; x_wconf 88' lang='lat' dir='ltr'><strong>continetur.</strong></span> 
     </span>
    </p>
   </div>
   <div class='ocr_carea' id='block_1_6' title="bbox 0 0 1500 5258">
    <p class='ocr_par' dir='ltr' id='par_1_8' title="bbox 0 0 1500 5258">
     <span class='ocr_line' id='line_1_43' title="bbox 0 0 1500 5258; baseline 0 0"><span class='ocrx_word' id='word_1_375' title='bbox 0 0 1500 5258; x_wconf 95' lang='lat' dir='ltr'><strong> </strong></span> 
     </span>
    </p>
   </div>
  </div>
 </body>
</html>
