2992 5258
368 400 410 456 bl.
426 401 461 458 ll.
495 401 610 457 domnis
627 401 708 470 episc
726 402 788 457 Lut
807 407 876 458 sent
895 399 929 456 de
946 399 1024 457 cond
1040 400 1134 457 concil·
1286 405 1348 469 503

150 608 273 674 vawris
294 607 511 683 incurrerent,
533 604 695 671 videlicet:
718 603 935 670 Mercenarius
960 602 1048 671 videt
1068 604 1177 687 lupum
1202 613 1236 671 et
1256 603 1346 686 fugit,

151 708 226 790 quia
248 706 464 776 mercenarius
487 711 545 770 est

250 812 280 874 4.
302 808 341 872 lt
363 808 438 888 quia
453 806 569 871 caritas
592 804 643 870 dei
666 811 700 870 et
720 805 856 887 proximi
869 804 1021 871 fundatur
1036 821 1133 886 super
1154 804 1348 886 obedientia,

151 906 280 974 Christo
302 908 445 974 dicente:
468 906 528 984 Qui
549 923 606 971 vos
631 905 729 985 audit,
751 923 802 970 me
816 904 1019 971 audit2'binc
1041 905 1181 986 consulo,
1205 912 1240 971 ut
1260 924 1348 972 man·

151 1009 226 1074 data
247 1009 424 1091 apostolica
445 1006 728 1087 sententiantiatl)
750 1006 819 1071 llus
842 1025 912 1072 cum
935 1006 1001 1071 suis
1023 1005 1229 1086 complicibus
1254 1025 1348 1073 vene·

151 1118 264 1175 rentur
286 1117 320 1174 et
342 1107 521 1174 executioni
543 1106 733 1172 mandentur
756 1108 845 1190 juxta
867 1114 1011 1172 tenorem
1033 1123 1248 1189 processuum,
1271 1108 1347 1190 ipsi·

151 1229 212 1292 que
246 1229 265 1275 a
288 1208 530 1276 conversatione
564 1205 704 1273 fidelium
726 1207 796 1272 sine
818 1206 1019 1273 simulatione
1042 1215 1075 1274 et
1096 1208 1349 1274 dissimulatione

151 1316 340 1390 arceantur,
372 1328 413 1375 ne
435 1326 545 1374 eorum
579 1307 787 1373 dissensionis
809 1308 931 1374 zmania
952 1327 1010 1390 pro
1034 1310 1141 1377 tritico
1162 1328 1182 1375 a
1202 1307 1349 1376 fidelibus

151 1411 348 1478 aestimetur.

254 1515 283 1575 b.
305 1512 344 1576 lt.
368 1510 442 1592 quia
456 1511 576 1576 culmos
591 1507 778 1594 maledictae
803 1508 945 1575 zizaniae
968 1516 1001 1576 et
1022 1510 1201 1577 schismatis
1223 1529 1349 1593 sparse·

154 1620 229 1676 runt
262 1611 295 1676 in
318 1610 501 1692 vulgaribus
533 1612 566 1674 in
589 1615 729 1684 tantum,
761 1615 797 1674 ut
818 1608 918 1677 libros
950 1610 1132 1677 bohemicus
1157 1611 1206 1676 sui
1228 1613 1350 1679 erroris

152 1711 329 1778 nutritores
346 1711 434 1777 laicis
456 1711 657 1793 publicarent
678 1715 711 1775 et
726 1709 940 1775 insinuarent:
962 1710 1037 1776 hinc
1058 1710 1199 1792 consulo,
1221 1717 1257 1777 ut
1272 1711 1349 1778 dicti

150 1813 223 1878 libri
247 1811 394 1894 vulgares
415 1811 740 1890 anathematizentur,
769 1819 801 1876 et
824 1828 933 1876 eorum
956 1818 1143 1893 quaestores
1165 1811 1349 1894 eisdemque

151 1921 291 1995 utentes,
313 1918 470 1995 qnatenus
485 1911 614 1977 infamia
628 1911 783 1976 eradicari
798 1912 903 1977 valeat
924 1911 964 1977 de
987 1930 1085 1994 regno
1108 1921 1142 1979 et
1164 1910 1350 1995 regnicolis,

148 2022 248 2096 atque
269 2014 309 2079 ab
331 2015 492 2079 extraneis
515 2012 641 2078 minime
664 2012 767 2077 ualeat
788 2012 949 2094 imputari.

250 2114 340 2180 Haec
354 2118 437 2193 sunt,
460 2130 541 2194 quae
557 2112 763 2192 singulariter
776 2112 1001 2194 magistrorum
1028 2114 1169 2180 consiliis
1191 2113 1346 2196 coaddidi,

147 2215 371 2297 imperfectum
403 2204 589 2280 existimans
622 2213 724 2279 teneri
758 2212 852 2279 corde
875 2220 909 2278 et
942 2211 1086 2294 profiteri
1118 2232 1191 2294 ore,
1223 2214 1251 2280 si
1282 2214 1348 2279 tru-

149 2322 311 2381 straretur
332 2316 365 2379 in
388 2331 495 2397 opere.
519 2313 643 2393 Cetera
666 2332 738 2378 curn
759 2330 887 2392 venero,
910 2310 1036 2395 planius
1058 2314 1222 2397 disponam
1244 2314 1348 2398 quoad
1442 2390 1445 2395 ,

150 2416 316 2482 doctorum
339 2415 479 2480 consilia.
502 2414 572 2479 Jam
594 2431 671 2480 vero
693 2414 822 2496 scriptis
846 2414 979 2480 loannis
1001 2415 1071 2481 Hus
1093 2422 1253 2497 utcunque
1274 2415 1347 2482 bre·

150 2517 235 2582 viter
256 2514 467 2598 respondebo.

381 2746 424 2802 Ad
442 2747 615 2816 responsivas
632 2747 669 2801 Μ.
688 2747 713 2801 J.
731 2746 791 2801 llus
808 2747 887 2801 renio
905 2754 1114 2816 consequenter:

253 2922 279 2982 l.
303 2916 352 2981 Ad
373 2916 527 2999 primum,
562 2915 616 2979 ubi
640 2915 743 2996 tangit
772 2916 812 2981 de
842 2916 1011 2981 concordia
1033 2917 1070 2980 D.
1094 2916 1272 2999 Zbynconis
1294 2938 1345 2983 ar·

151 3017 345 3099 obiepiscopi
379 3035 449 3081 cum
482 3016 520 3080 l).
555 3016 651 3096 Regis
684 3017 832 3097 consilio,
866 3018 898 3081 in
930 3019 1064 3082 materia
1096 3017 1168 3082 fidei
1201 3026 1234 3084 et
1262 3019 1348 3086 sedis

149 3119 346 3202 apostolicae
362 3118 522 3184 sententia
537 3125 648 3182 contra
670 3118 711 3181 ll.
727 3118 756 3183 J.
780 3118 864 3181 Hus:
889 3117 1078 3200 respondeo,
1102 3119 1186 3198 quod
1208 3125 1347 3187 tractare

151 3227 185 3285 et
206 3220 466 3302 compromittere
487 3235 551 3282 non
574 3227 732 3299 poterant,
756 3217 831 3282 sede
853 3218 1029 3301 apostolica
1048 3217 1265 3284 dissentiente.
1287 3219 1347 3286 Est

149 3320 236 3385 enim
257 3319 471 3398 temerarium
493 3319 563 3383 sine
585 3318 807 3384 commissione
829 3318 1029 3400 superiorum
1047 3319 1166 3401 judicia
1188 3319 1348 3386 discutere

147 3419 327 3486 inferiores.
371 3421 440 3498 Qua
468 3420 499 3484 in
535 3437 571 3482 re
593 3419 635 3483 Μ.
657 3420 686 3484 l.
710 3420 793 3497 Hus,
826 3436 884 3501 per
913 3420 1160 3502 appellationem
1182 3420 1249 3485 sedi
1271 3440 1345 3503 apo·

149 3521 284 3588 stolicae
306 3539 342 3586 se
364 3520 583 3599 subinserens,
605 3521 730 3601 quaerit
752 3520 958 3601 subterfugia,
986 3540 1045 3602 per
1065 3521 1234 3586 interiores
1256 3521 1347 3603 regni

150 3622 323 3688 Bobemiae
345 3620 539 3686 decisionem
562 3621 737 3702 requirens.

249 3727 278 3787 2.
301 3721 341 3786 It.
364 3721 405 3785 Μ.
433 3722 574 3786 Joannes
606 3721 676 3785 Hus
699 3727 735 3787 ut
756 3740 888 3802 reguum
918 3728 951 3786 et
972 3721 1153 3802 regnicolas
1176 3722 1346 3788 Bobemiae

148 3823 217 3888 suis
235 3823 360 3905 juribus
383 3821 543 3902 gaudeant
564 3823 731 3905 supplicat,
754 3822 811 3887 sed
834 3823 941 3902 tacite,
976 3830 1011 3887 ut
1042 3842 1078 3887 so
1101 3830 1251 3888 tueantur
1274 3830 1347 3888 cta

148 3923 217 3989 auis
232 3921 394 3988 declinent
404 3923 537 4003 juribus,
561 3929 672 3988 contra
686 3922 898 3989 obedientiam
915 3923 1067 3988 ecclesiae
1083 3923 1205 3987 instare
1218 3921 1344 4003 satagit,

150 4032 187 4089 ut
221 4023 281 4086 nisi
316 4042 387 4087 eum
422 4030 593 4105 protegant
614 4031 726 4089 contra
755 4025 806 4106 jus
840 4032 873 4088 et
906 4024 1086 4103 ecclesiam,
1119 4025 1206 4106 ipsos
1240 4042 1345 4088 secum

149 4125 274 4208 pariter
295 4123 443 4188 involvat.
468 4125 568 4202 Quam
591 4126 803 4190 conditionem
825 4126 1011 4189 daemonum
1034 4142 1104 4189 esse
1127 4125 1346 4205 cognoscimus

149 4225 224 4290 ideo
256 4224 367 4289 fideles
399 4227 609 4306 tentantium,
643 4235 678 4291 ut
710 4226 938 4308 omnipotentis
960 4226 1083 4306 legibus
1106 4225 1347 4295 contravenient

149 4345 223 4391 cum
244 4325 332 4407 ipsis.

251 4431 280 4491 3.
300 4424 340 4491 It
363 4426 481 4507 allegat
503 4427 608 4507 tertio,
633 4428 692 4492 sibi
715 4446 778 4493 non
801 4428 959 4510 obJectum
982 4429 1081 4492 luisse
1103 4445 1162 4508 per
1184 4426 1221 4490 ll.
1244 4427 1346 4509 Zbyn-

150 4545 263 4594 conem
285 4526 405 4590 crimen
428 4528 546 4592 erroris
569 4528 619 4592 vel
641 4528 794 4594 haeresis.
827 4527 1028 4610 Respondeo,
1052 4527 1199 4608 quoniam
1221 4544 1285 4591 non
1306 4527 1347 4592 ad

149 4627 358 4709 decisionem,
392 4626 449 4692 sed
470 4626 511 4693 ad
532 4628 769 4710 inquisitionem
790 4629 951 4710 pendebat
973 4628 1146 4708 terminus,
1179 4629 1345 4694 carimdes
