2992 5258
441 408 481 460 77.
499 404 632 473 Anonymi
650 404 744 459 literae
762 402 796 458 de
814 404 882 459 llusi
901 404 1041 472 supplicio·
1282 409 1345 473 559

720 631 778 707 77.

148 858 370 971 Anonymi
398 856 589 967 ejusdem
615 859 857 969 argumenti
884 856 1079 967 epistola,
1108 858 1190 940 alio
1217 886 1346 941 sensu

663 995 835 1100 scripta.

556 1239 738 1307 Constantine,
758 1241 831 1306 1415,
849 1243 865 1293 7
881 1239 936 1294 Jul.

152 1542 198 1607 (E
213 1540 276 1595 ΗΒ.
295 1541 389 1595 Mosei
406 1541 520 1594 Boltem.
539 1539 566 1602 4,
591 1542 630 1594 D.
648 1539 692 1603 12,
713 1541 767 1610 sol.
785 1540 811 1594 l.
845 1540 917 1593 Ilm
933 1541 1127 1607 quintantiam
1142 1538 1229 1593 Nm.
1248 1538 1300 1594 173
1315 1542 1347 1593 in

611 1625 736 1679 tabulae.
756 1623 888 1686 Trebon.)

128 1946 133 1959 ·
251 1927 305 1993 Me
326 1928 428 2010 ipsurn
451 1945 509 2008 pro
531 1927 644 2005 salute,
675 1927 775 1992 amice
798 1933 832 1991 et
851 1927 957 1992 fautor
979 1927 1162 2007 singularis!
1185 1926 1279 1994 Faria
1300 1928 1343 1993 v*

149 2029 183 2094 in
204 2027 258 2093 die
280 2028 310 2094 S.
334 2027 479 2108 Procopii
502 2025 627 2107 (elul.)
654 2029 755 2092 sessio
789 2026 1019 2092 solemnissima
1046 2034 1097 2093 est
1119 2029 1287 2109 celebrata,
1310 2031 1343 2096 in

150 2147 214 2211 qua
224 2128 262 2195 D.
275 2128 407 2194 Carolus
422 2127 462 2193 de
477 2127 663 2205 Malatestis,
681 2134 869 2209 procurator
882 2127 1029 2208 Gregorii
1043 2129 1074 2192 in
1090 2147 1149 2194 sua
1159 2130 1342 2197 obedientia

152 2229 341 2311 nuncupati,
375 2227 496 2294 habens
518 2227 700 2293 rnandatunr
723 2226 865 2308 eJusdern
888 2227 1122 2309 plenissimum,
1144 2235 1180 2294 ut
1202 2238 1277 2295 tunc
1297 2232 1342 2296 le-

151 2330 304 2413 gebatur,
337 2329 467 2411 papatui
489 2328 590 2410 ipsius
617 2329 764 2408 Gregorii
787 2335 820 2392 ct
838 2328 919 2408 Juri‚
952 2327 1036 2409 quod
1058 2348 1093 2392 se
1116 2330 1347 2411 praetendebat

153 2429 303 2497 habuisse
325 2430 359 2494 in
381 2428 508 2508 eodem,
538 2429 636 2494 cessit
657 2429 776 2507 libere,
809 2429 1003 2494 renuntiavit
1025 2431 1267 2511 presignavit,
1298 2433 1346 2498 sie

152 2530 239 2614 quod
259 2530 333 2596 illae
356 2529 438 2595 duae
453 2529 664 2608 obedientiae,
687 2536 799 2594 nostra
813 2529 961 2594 videlicet
982 2537 1015 2595 et
1037 2530 1194 2610 Gregorii,
1217 2533 1343 2598 omnino

152 2638 229 2697 sunt
257 2631 456 2713 conjunctae.
500 2631 612 2697 Restat
644 2637 750 2695 autem
772 2629 986 2696 obedientiam
1007 2631 1172 2697 Benedicti
1194 2634 1347 2698 nominati

146 2733 310 2800 attrahere
332 2739 366 2797 et
387 2731 537 2809 adunare,
568 2749 626 2811 pro
649 2748 710 2811 quo
727 2740 829 2794 ser¹¹¹¹¹⁸
852 2732 1001 2812 princeps
1022 2730 1242 2810 Sigisrnundus
1258 2735 1345 2799 Rern.

152 2850 210 2899 rer
231 2849 269 2897 ac
291 2831 397 2911 Hung.
418 2847 455 2893 sc.
478 2830 560 2893 inl'ra
577 2829 657 2893 duos
674 2829 722 2893 vel
746 2834 812 2893 tres
834 2828 902 2893 dies
925 2836 976 2893 est
997 2830 1140 2894 exiturus
1163 2850 1233 2894 curn
1248 2831 1346 2913 depu-

154 2933 230 2999 tatis
252 2950 292 2997 ex
315 2931 448 2997 concilio
472 2930 530 2994 sibi
554 2930 747 3009 conjunctim
769 2937 802 2995 et
824 2948 935 3010 spero,
958 2930 1107 3009 quodibi
1130 2929 1347 2996 difficultatem

154 3050 217 3098 non
233 3033 372 3105 habebit
389 3032 537 3096 unionenr
553 3036 681 3094 sanctae
696 3030 807 3094 matris
822 3031 976 3095 ecclesiae
999 3031 1122 3110 plenarn
1145 3039 1178 3096 et
1190 3031 1346 3111 integram

155 3131 364 3214 procurando.

255 3231 403 3297 Ceterunr
428 3232 478 3296 die
494 3232 623 3295 Sabbati
647 3237 720 3311 post
740 3232 854 3296 l'esturn
879 3230 910 3293 S.
933 3232 1079 3312 Procopii
1100 3231 1223 3310 tb'dul.)
1246 3233 1347 3295 sessio

154 3350 218 3397 non
239 3332 344 3397 minus
355 3332 514 3410 solemnis,
538 3340 707 3412 praesente
724 3332 760 3395 b.
772 3332 861 3411 Rege
875 3331 1094 3409 Rornanorum,
1112 3339 1161 3395 est
1173 3331 1342 3416 celebrata,

154 3433 186 3497 in
195 3433 454 3514 quautloannes
464 3433 532 3496 Hus
545 3440 594 3496 est
602 3433 823 3511 sententiatos
836 3432 981 3496 doctrina
992 3450 1058 3507 sua,
1068 3432 1140 3496 libri
1154 3439 1186 3495 et
1194 3432 1346 3512 opuscula

155 3533 303 3599 similiter
335 3534 541 3611 sententiata,
575 3533 665 3612 juxta
687 3533 818 3598 lbrrnanr
852 3532 940 3596 vobis
970 3531 1033 3611 Jarn
1068 3531 1236 3604 directan13
1259 3538 1292 3595 ct
1314 3533 1346 3595 in

154 3632 332 3715 pertinacia
353 3651 411 3696 sua
433 3633 525 3696 uiuris
547 3632 645 3712 gravi,
668 3631 707 3696 de
730 3650 792 3712 quo
815 3651 877 3697 nou
900 3650 1088 3712 sperassem,
1112 3632 1172 3694 lreu
1195 3631 1346 3711 voragine

154 3733 239 3814 ignis
262 3739 312 3798 est
333 3731 523 3809 suffocatus,
546 3739 578 3797 et
602 3752 663 3796 una
685 3752 755 3796 curn
778 3733 927 3809 vestibus,
953 3731 1144 3796 indnrnentis
1167 3740 1200 3795 et
1221 3731 1292 3795 aliis
1314 3733 1347 3796 in

154 3832 294 3899 cinerem
317 3839 367 3897 est
389 3833 545 3897 redactus.
580 3835 639 3909 Qui
663 3852 732 3896 curn
754 3838 860 3909 terra,
884 3831 935 3895 ubi
959 3832 1037 3896 haec
1059 3834 1140 3895 lacta
1162 3839 1245 3910 scint,
1269 3833 1347 3896 satis

154 3931 310 4014 profunde
334 3941 472 4014 recepta,
494 3934 527 3997 in
551 3934 692 3997 llheuutn
708 3941 784 3998 sunt
799 3933 942 4013 projecti,
967 3952 1006 3996 ne
1028 3932 1156 4012 aliquod
1179 3932 1346 4011 vestigium

154 4034 220 4098 suis
235 4033 433 4115 relinquatur
449 4034 670 4112 sectatoribus,
695 4053 733 4096 ex
750 4051 859 4097 errore
882 4040 915 4097 et
930 4032 1115 4097 infidelitate
1133 4051 1189 4112 pro
1203 4032 1344 4112 reliquiis

154 4134 272 4199 habere
305 4133 497 4209 volentibus;
521 4133 605 4215 quod
639 4143 671 4199 et
702 4135 819 4199 facturn
846 4133 975 4210 fuisset,
1010 4133 1070 4196 nisi
1093 4133 1152 4196 hoc
1174 4133 1265 4199 ruodo
1289 4152 1346 4214 per

153 4233 316 4316 principes
345 4235 517 4299 catholicos
540 4235 701 4316 provisum
723 4234 845 4298 luisset.
888 4233 950 4298 Sed
973 4233 1083 4297 dolens
1106 4233 1145 4297 de
1168 4253 1225 4298 sua
1248 4234 1346 4314 perti-

153 4335 254 4412 nacia,
288 4333 377 4398 vobis
399 4334 576 4412 innotesco,
612 4334 697 4415 qnod
729 4352 799 4398 cunr
835 4352 873 4397 eo
896 4351 954 4414 per
985 4332 1128 4396 donrinos
1161 4333 1347 4413 cardinales,

152 4436 271 4501 nultos
301 4434 460 4515 praelatos
490 4444 522 4499 et
551 4436 705 4499 instabiles
734 4436 880 4498 doctores
907 4441 958 4499 est
990 4432 1127 4498 fideliter
1150 4441 1182 4498 et
1204 4434 1348 4515 pluribus

153 4537 276 4603 vicibus
298 4534 486 4612 laboratum,
509 4544 544 4600 ut
565 4536 715 4602 articulos
737 4534 828 4599 XXX
851 4554 889 4597 ex
911 4533 1000 4598 libris
1022 4552 1114 4598 manu
1139 4550 1196 4599 sua
1217 4535 1346 4616 scriptis

153 4640 332 4714 extractae,
362 4643 395 4698 et
416 4636 567 4700 articulos
594 4655 651 4717 per
673 4653 745 4700 eun
767 4641 873 4700 tentos
896 4643 929 4698 et
950 4631 1193 4715 dogmatisatos,
1216 4634 1256 4700 de
1278 4635 1346 4716 qui-
