2992 5258
368 424 413 479 lv.
432 425 472 478 De
491 425 528 478 bf.
545 426 570 479 J.
589 426 648 479 llus
665 425 802 480 audientia
820 424 863 479 dic
880 427 898 479 8
913 423 997 478 funii.
1220 427 1278 489 311

64 633 177 691 stare
200 627 414 693 informationi
437 628 571 707 concilii,
594 635 627 693 ot
648 629 753 693 tenuit
774 628 845 694 illos
868 646 995 695 errores
1018 646 1037 690 a
1057 626 1164 690 multis
1179 632 1279 705 annis,

54 734 121 792 et
143 746 207 793 non
224 729 291 792 vult
309 729 474 807 subjacere
490 729 680 793 correctioni
696 736 729 792 et
751 728 932 793 diffinitioni
947 726 1080 805 concilii,
1103 732 1139 791 ut
1152 733 1281 790 revocet

44 827 160 891 illos
183 847 322 895 errores.
344 829 387 893 Et
408 828 534 909 quidam
556 828 705 892 sacerdos
728 829 870 909 pinguis,
893 829 1010 892 sedens
1030 827 1064 890 in
1085 827 1228 891 fenestra
1248 826 1281 889 in

43 926 196 992 tunica
218 929 368 1009 pretiosa,
391 938 425 995 et
446 928 573 994 videtur
592 929 692 994 fuisse
714 932 889 1008 Prutenns,
912 930 992 995 dixit
1014 927 1194 993 clamando:
1210 927 1281 992 Non

32 1026 274 1093 admittatur
304 1028 345 1092 ad
374 1029 625 1107 revocationem,
653 1030 727 1110 qnia
759 1030 819 1094 etsi
841 1030 1019 1107 revocabit,
1050 1046 1114 1094 non
1148 1027 1281 1106 tenebit,
1347 1112 1352 1121 ῃ

30 1127 159 1208 quia
191 1127 278 1192 misit
299 1126 423 1192 literam
444 1130 477 1192 in
510 1147 638 1194 recessu
668 1148 725 1195 suo
759 1131 824 1194 suis
846 1129 1023 1195 fautoribus
1047 1136 1081 1194 et
1102 1129 1279 1193 adhaeren-

32 1227 189 1306 tibuS,
219 1227 333 1307 quibus
362 1229 487 1309 publice
510 1229 593 1294 lecta
626 1236 685 1308 est,
719 1230 780 1294 etsi
804 1238 973 1310 cogeretur
995 1230 1035 1294 ad
1059 1228 1282 1309 revocandum,

32 1326 159 1408 quia
186 1328 290 1391 solnm
319 1344 375 1392 oro
396 1329 464 1392 vult
484 1329 545 1393 hoc
574 1328 697 1404 facere,
728 1329 785 1393 sed
816 1349 878 1393 non
901 1330 1009 1408 corde,
1040 1336 1074 1394 et
1096 1347 1172 1408 ergo
1194 1328 1281 1394 nullo

35 1426 177 1492 modo
200 1427 261 1492 sibi
276 1427 424 1518 credatis,
446 1429 597 1509 quianon
618 1428 750 1494 tenebit.
779 1429 822 1494 Et
836 1430 988 1509 magister
1009 1429 1103 1495 dixit:
1127 1428 1193 1492 Imo
1210 1429 1280 1494 volo

37 1527 251 1594 humiliter
271 1526 495 1606 informationi,
518 1529 709 1594 correctioni
731 1534 765 1592 et
789 1528 941 1593 decisioni
958 1528 1083 1593 concilii
1105 1528 1280 1608 subjacere,

51 1635 117 1692 et
147 1627 213 1692 feci
233 1626 378 1708 publicas
399 1631 648 1709 protestationes
670 1631 703 1692 in
718 1634 854 1693 tractatu
878 1636 989 1694 contra
1009 1629 1195 1709 magistrum
1211 1629 1281 1693 Sta·

44 1727 231 1806 nislaum,
255 1726 339 1808 quod
360 1728 432 1791 volo
455 1736 542 1793 stare
564 1729 725 1793 humiliter
748 1728 1005 1794 determinationi
1027 1732 1155 1793 sanctae
1170 1728 1281 1792 matris

45 1827 254 1906 ecclesiae,
277 1828 359 1894 sicut
381 1828 515 1908 quilibet
529 1828 631 1894 fidelis
654 1828 854 1894 Christianus
876 1828 973 1893 debet
993 1835 1090 1892 stare.
1112 1828 1154 1892 Et
1168 1828 1281 1892 Palecz

44 1944 220 2009 surgens
245 1927 340 1992 dixit:
364 1927 404 1992 Et
419 1929 446 1991 si
467 1947 527 2008 ego
542 1929 675 1994 multum
689 1934 897 2008 protestarer,
921 1926 1006 2007 qnod
1028 1928 1079 1994 hic
1094 1928 1280 2009 magistrum
1311 1961 1313 1965 ν

47 2027 252 2095 Albertnm
274 2046 375 2108 penes
396 2047 446 2093 me
469 2027 634 2093 sedentem
657 2028 772 2092 nollem
794 2029 970 2110 alapisare,
994 2034 1155 2093 ettamen
1177 2029 1281 2108 ipsum

46 2127 273 2208 alapisarem
302 2128 352 2192 vel
384 2130 488 2210 ipsum
523 2128 720 2209 alapisando,
751 2129 855 2208 qualis
878 2135 965 2194 esset
987 2128 1050 2194 ista
1071 2127 1282 2209 protestatio?

48 2228 137 2292 Sic
158 2235 193 2294 et
224 2234 260 2291 tu
283 2229 484 2310 protestaris,
518 2229 602 2308 quod
624 2229 745 2293 nullum
778 2228 826 2291 vis
856 2246 998 2293 errorem
1032 2233 1065 2292 et
1098 2227 1282 2309 specialiter

51 2327 186 2407 ipsius
203 2327 332 2393 'lliclef
355 2334 467 2393 tenere
495 2336 529 2393 et
550 2321 736 2408 defendere,
765 2328 882 2393 ctillos
911 2328 1096 2393 defendens.
1118 2328 1161 2392 Et
1183 2326 1281 2393 dixit:

56 2427 170 2492 Ecce
196 2428 456 2493 reverendissimi
485 2429 609 2510 patres!
640 2427 701 2492 Hic
723 2436 797 2493 sunt
818 2428 865 2492 ΙΧ
886 2428 1012 2493 articuli
1034 2428 1136 2509 ipsius
1158 2427 1281 2504 Wiclef,

59 2533 124 2592 et
141 2528 220 2608 legit
240 2544 296 2593 eos
311 2547 370 2610 per
392 2529 535 2593 ordinem
550 2529 589 2593 de
613 2535 709 2606 carta,
733 2535 845 2593 contra
861 2547 995 2610 qnorum
1009 2529 1149 2609 quinque
1164 2527 1282 2592 dudum

58 2626 305 2695 dampnorum
336 2629 527 2693 sententiam
555 2629 708 2710 magister
735 2629 912 2692 Stanislans
934 2629 974 2693 de
997 2629 1135 2709 Znoyma
1156 2628 1281 2703 praedi·

59 2727 170 2794 cavit
185 2726 222 2792 in
245 2727 381 2793 ecclesia
395 2727 506 2793 beatae
528 2728 661 2808 virginis
677 2736 751 2793 ante
772 2728 888 2793 laetam
904 2729 1024 2793 curiam
1045 2726 1173 2810 publice
1188 2746 1282 2808 prae·

59 2832 175 2893 senta
195 2827 401 2893 multitudine
416 2829 501 2892 cleri.
524 2828 567 2893 Et
582 2828 645 2892 dux
665 2829 832 2907 Arnestus,
856 2826 919 2891 dux
941 2818 1100 2907 'Arrstriaq
1117 2835 1193 2893 tnnc
1209 2834 1280 2894 erat

64 2925 126 2988 in
143 2926 259 3008 Ptaga,
281 2934 315 2992 et
336 2944 396 3007 ego
419 2927 566 2991 similiter
583 2928 706 2993 xibidem
726 2933 801 3009 post
822 2931 934 2991 contra
948 2928 1020 2992 illos
1041 2926 1231 3007 praedicavi,
1248 2934 1281 2992 et

66 3023 156 3104 ipse
169 3026 237 3091 Hus
259 3045 330 3092 cum
342 3027 549 3108 complicibus
572 3028 638 3091 suis
650 3027 721 3091 illos
735 3026 945 3106 pertinaciter
961 3026 1102 3091 defendit
1116 3028 1147 3089 in
1164 3026 1281 3091 scholis

69 3131 127 3188 et
146 3127 276 3208 publice.
293 3127 352 3199 ‚Et
380 3127 493 3206 fecisti,
523 3128 626 3208 inquit
654 3126 695 3192 ad
720 3126 908 3205 magistrum
930 3127 1104 3206 loannem,
1126 3125 1281 3206 quaedam

74 3227 203 3308 scripta
229 3247 289 3311 pro
311 3228 436 3291 illorum
459 3226 658 3305 defensione,
688 3245 769 3307 qnae
792 3226 844 3290 hio
865 3226 1032 3304 habentur,
1055 3225 1137 3290 etsi
1160 3231 1195 3288 tn
1218 3241 1280 3286 non

78 3320 239 3392 ‹labistua
254 3328 384 3408 scripta,
407 3344 465 3391 nos
488 3328 642 3393 dabimus
665 3328 707 3391 Et
729 3328 798 3407 ipse
814 3325 908 3390 dixit:
930 3326 1033 3390 Dotis.
1055 3324 1097 3389 Et
1112 3343 1168 3388 rex
1184 3324 1279 3387 dixit:

10 3506 12 3521 Ι
82 3418 129 3485 Si
145 3423 234 3493 babes
256 3427 334 3491 talia
366 3428 502 3508 scripta,
531 3428 647 3491 bonum
668 3434 769 3504 esset,
792 3426 877 3507 quod
899 3444 939 3489 ea
959 3425 1052 3489 dares
1074 3424 1126 3489 bio
1147 3423 1280 3489 concilio

85 3519 135 3584 ad
159 3527 396 3593 examinandum
424 3527 491 3605 illa;
525 3532 556 3592 et
578 3527 606 3592 si
628 3535 663 3592 tu
692 3525 882 3599 nonnanis,
911 3525 966 3590 alii
987 3524 1115 3589 nabunt
1147 3524 1189 3590 lit
1210 3522 1281 3606 ipse

89 3615 180 3691 dixit:
204 3628 300 3693 Dent.
410 3710 412 3714 k

182 3727 314 3793 Interim
336 3727 549 3793 exhibuerunt
572 3746 667 3791 unum
689 3727 868 3806 articulum,
892 3726 1030 3809 qualiter
1050 3725 1120 3808 ipse
1141 3727 1279 3808 glossas·

93 3826 143 3922 §ef
159 3828 311 3909 quandam
332 3828 522 3893 sententiam
538 3846 655 3909 papae:
679 3835 711 3893 et
732 3829 802 3910 ipsc
818 3828 907 3907 dixit,
931 3827 1015 3908 quod
1037 3846 1101 3892 non
1127 3828 1279 3906 glossavit

10 4006 13 4018 y
95 3913 180 4007 ffllm,
198 3947 257 3994 nec
271 3948 421 4010 nmquam
435 3930 524 4010 prius
538 3930 669 3994 vidisset
686 3931 764 3993 istas
780 3928 902 4009 glossas
918 3947 990 3994 omn
1005 3928 1090 3994 dicta
1111 3929 1277 4004 sententia,

10 4078 18 4122 :
95 4014 152 4085 uisi
169 4027 197 4094 in
218 4047 347 4095 carcere
368 4029 452 4111 apud
475 4029 725 4108 Praedicatores,
749 4047 819 4093 cum
835 4028 896 4093 sibi
919 4028 1032 4094 fuisset
1055 4047 1113 4110 per
1135 4028 1277 4092 commis-

13 4202 22 4218 !
99 4121 185 4219 §arim
213 4135 424 4212 praesentata.
459 4129 502 4195 Et
531 4131 577 4195 illi
607 4131 769 4196 dixerunt:
800 4129 863 4194 Sed
889 4130 969 4208 scis,
999 4128 1069 4209 quis
1091 4128 1279 4207 glossaverit

100 4209 190 4290 lllun‘?
209 4230 297 4295 dicas
319 4230 378 4293 sub
397 4231 587 4311 juramento,
610 4230 693 4310 quod
708 4229 820 4308 fecisti,
843 4229 948 4294 dicere
970 4229 1143 4294 veritatem.
1167 4227 1208 4292 Et
1223 4227 1277 4292 ille

12 4366 27 4419 :5
102 4307 178 4390 flixit:
197 4330 258 4395 Pro
281 4337 369 4395 certo
392 4331 515 4409 nescio,
542 4331 613 4410 qnia
640 4330 807 4410 glossavit,
830 4329 887 4393 sed
908 4329 1032 4404 audivi,
1055 4329 1138 4408 qnod
1160 4328 1201 4391 M.
1222 4328 1277 4393 Je-

10 4460 30 4515 v3
104 4421 189 4491 sellice
207 4429 293 4494 illam
313 4430 514 4509 glossaverit.
543 4431 585 4495 Et
607 4431 651 4494 illi
675 4431 841 4494 dixerunt:
864 4430 981 4493 Tamen
1005 4429 1035 4492 in
1061 4446 1187 4493 caruero
1203 4444 1277 4493 con·

10 4569 26 4618 ,3
107 4506 233 4608 boans,
255 4529 341 4611 qnod
362 4530 432 4610 ipsc
453 4530 636 4609 glossasset
660 4531 703 4594 lit
725 4530 788 4593 ille:
816 4529 886 4594 Non
910 4527 1091 4607 confitebar,
1115 4527 1217 4592 solnm
1239 4545 1278 4593 ex

107 4619 200 4691 illitu
221 4630 263 4695 Et
284 4630 393 4695 illi:ll
431 4638 537 4695 utrum
560 4630 716 4713 approbas
738 4630 876 4709 glossam
906 4628 1005 4709 illam,
1038 4629 1087 4693 vel
1109 4628 1136 4691 si
1157 4627 1276 4710 placuit
