2992 5258
152 429 214 492 536
247 398 251 411 '
407 426 611 480 consonano
628 425 662 480 ue
678 426 809 494 respons
826 427 855 481 m
873 424 1016 482 bohemia:
1036 427 1110 480 uns.

30 677 35 688 ,
151 626 197 695 qui
220 642 270 682 rex
296 629 332 681 sis
357 635 384 679 et
407 626 531 681 dominus
555 632 582 680 et
604 627 684 681 heres
702 631 777 695 regni
798 628 956 694 Bohemiae‚
973 627 1025 681 lroc
1043 626 1153 684 edicere
1172 626 1307 697 dignetur,
1322 635 1350 683 nt

152 711 190 765 M.
209 712 330 766 loannes
349 711 408 764 ilus
425 712 477 764 hoc
494 710 595 779 injusto
612 725 720 765 carcere
738 711 883 778 liberatum
908 709 1008 765 deinde
1028 711 1087 765 Tua
1104 710 1240 780 Maiestas
1259 741 1287 750 -
1306 726 1350 779 per

152 794 235 848 deum
259 810 367 849 oramus
385 794 569 862 -publicam
591 811 623 848 ac
641 794 753 848 liberam
771 794 937 848 audientiam
958 794 982 848 oi
1000 793 1128 862 dignetur
1145 809 1256 864 parare,
1273 803 1311 863 ut,
1327 795 1346 847 si

152 878 211 946 quis
239 896 299 933 eum
324 880 423 933 erroris
449 879 532 945 ullius
550 894 678 933 accusare
696 879 769 947 velit,
788 879 880 947 palam
900 895 1012 933 causam
1031 879 1111 945 dicat,
1130 880 1201 934 aiem
1217 878 1350 949 palamst

153 963 210 1016 sine
228 969 302 1015 metu
320 963 407 1031 legem
425 962 542 1017 divinam
560 962 732 1030 praedicavit.
767 964 808 1017 Ac
832 964 854 1017 si
870 963 933 1031 jure
951 970 980 1016 et
1002 962 1095 1017 ordine
1113 964 1141 1017 in
1153 977 1247 1018 errore
1258 961 1348 1030 depre-

150 1046 293 1112 hendetur,
311 1045 367 1113 liat,
385 1045 456 1114 quod
471 1047 576 1114 justum
595 1047 659 1109 erim
676 1045 751 1099 Tuae
765 1045 919 1113 Majestatis
937 1046 1025 1100 litoris
1041 1054 1133 1102 autem
1151 1062 1264 1115 semper
1275 1047 1348 1101 locus

150 1130 193 1183 sit.
228 1130 297 1182 Nam
315 1131 470 1198 ceteroquin
480 1131 538 1184 Tua
547 1129 679 1197 Majestas
697 1135 827 1183 ettotam
845 1144 959 1198 reguum
967 1131 1114 1185 Bohemiae
1133 1130 1226 1186 damni
1245 1130 1346 1199 aliquid

149 1215 308 1267 contrahere
325 1220 426 1281 posset,
444 1214 467 1267 si
482 1214 557 1281 justo
577 1214 685 1274 homini,
703 1213 803 1267 talibus
821 1213 907 1268 literis
919 1215 1058 1279 instructo,
1077 1214 1181 1284 aliquid
1208 1214 1349 1271 accideret.

151 1298 226 1350 Deus
239 1297 296 1364 soit,
319 1313 416 1365 magno
431 1297 596 1351 cumdolore
615 1311 663 1351 nos
680 1294 821 1350 audituros
838 1311 908 1365 esse,
927 1298 950 1352 si
969 1299 1084 1353 honesta
1100 1298 1177 1352 Tuae
1195 1297 1346 1366 majoram

153 1379 226 1435 fama
258 1388 367 1449 proptor
397 1381 452 1434 tale
486 1380 590 1435 lacinus
609 1380 791 1435 imminuatur.
828 1380 907 1435 Multi
926 1382 998 1435 enim
1016 1380 1142 1436 idoneam
1162 1396 1225 1436 esse
1243 1397 1347 1437 causam

157 1470 294 1533 putarent,
313 1481 362 1518 cur
375 1465 467 1518 literas
479 1465 553 1517 Tuae
565 1463 720 1532 Majestatis
732 1464 948 1534 extimescerent,
968 1465 1194 1532 quemadmodum
1210 1465 1270 1535 jnm
1286 1480 1351 1520 nuno

155 1551 256 1604 multus
279 1556 321 1604 est
344 1549 378 1604 de
401 1548 452 1603 hoc
474 1565 570 1603 sermo.
605 1548 659 1602 Sed
677 1549 738 1602 Tua
753 1548 887 1617 Majestas
913 1550 965 1604 hoc
993 1548 1073 1604 facile
1100 1550 1249 1618 prohibere
1270 1557 1299 1604 et
1317 1549 1349 1604 ad

155 1636 259 1705 justum
283 1634 364 1689 finem
387 1635 537 1704 perducere
559 1640 661 1702 potest3
681 1649 730 1702 pro
748 1649 802 1701 qua
820 1650 850 1688 re
868 1634 927 1687 Tua
943 1633 1077 1702 Majestea
1094 1649 1112 1688 a
1131 1632 1183 1688 deo
1200 1632 1348 1689 mercedem

153 1727 181 1775 et
207 1720 321 1788 gloriam
347 1719 419 1786 apud
451 1720 573 1773 homines
600 1718 769 1787 impetrabit,
797 1719 819 1771 si
837 1719 896 1772 Tua
922 1717 1056 1786 Majestaa
1084 1717 1226 1772 veritatem
1254 1716 1350 1787 injuste

156 1804 270 1873 opprimi
288 1821 340 1857 non
359 1804 485 1871 patietur.
521 1804 620 1856 Datum
639 1816 673 1858 oe.

257 1904 366 1959 Laczlro
392 1904 426 1958 de
453 1904 574 1965 Krawsa
602 1904 759 1972 capitaneus
784 1903 931 1972 Moraviae,
950 1904 1058 1958 Boczlro
1085 1903 1119 1959 da
1141 1903 1263 1959 Kanatat
1287 1904 1350 1959 alias

320 1989 354 2043 de
383 1987 544 2054 Podiebrad‚
567 1988 710 2042 Erhardus
736 1986 770 2041 de
795 1988 914 2043 Konstat
939 1988 1008 2042 alias
1035 1987 1070 2042 de
1096 1988 1172 2051 skal,
1190 1988 1348 2044 Wilhelmus

320 2072 354 2128 de
378 2073 535 2141 Perustein,
561 2074 681 2127 loannes
707 2072 741 2127 de
764 2072 892 2127 Lomnica
918 2089 992 2143 supr.
1011 2074 1177 2128 camerarius
1196 2073 1347 2140 Bruuensia,

320 2158 472 2212 llanussius
500 2157 534 2211 de
563 2157 650 2225 Lipa‚
676 2174 748 2226 supr.
773 2157 936 2213 marssalcua
963 2158 1040 2227 regni
1066 2158 1230 2225 Bohemiae,
1258 2157 1347 2213 Petrus

322 2241 355 2296 de
368 2242 479 2296 Krawar
492 2258 565 2309 supr.
586 2242 750 2297 camerarius
763 2240 958 2310 Olomuceneia,
970 2240 1092 2296 lodocus
1105 2241 1195 2295 Hecbt
1207 2239 1242 2295 de
1250 2240 1346 2306 Rosia,

320 2325 429 2383 Ulricus
447 2325 480 2380 de
490 2326 643 2380 Hlawatecz
661 2322 863 2380 marchionatus
879 2326 1017 2380 Moraviae
1036 2325 1264 2393 subcamerariua‚
1282 2332 1345 2380 oete·

321 2411 397 2480 rique
420 2411 537 2465 barones
560 2426 631 2464 nuno
653 2411 680 2464 in
699 2410 833 2464 Mezericz
858 2410 1007 2466 constituti.
1043 2411 1105 2477 (An.
1131 2411 1197 2464 1415
1215 2414 1279 2464 ante
1295 2423 1344 2464 car·

323 2494 501 2564 nisprivium.)

652 2635 848 2644 *-

732 2826 789 2898 66.

157 3014 381 3102 Conradus
417 3019 765 3128 archiepiscopus
798 3017 1029 3130 Progensis
1062 3020 1260 3104 hortatur
1296 3018 1341 3101 D.

158 3134 407 3240 denkonem
429 3155 482 3238 de
498 3152 803 3266 Wartenberg,
831 3166 879 3238 ut
900 3154 1127 3237 turbarum
1146 3156 1191 3236 in
1218 3182 1341 3268 regno

157 3289 602 3374 sedandarum‘oausa
631 3289 689 3371 ad
723 3288 1014 3372 obedientiam
1048 3300 1225 3372 revocet
1256 3314 1342 3373 suos

606 3434 901 3507 assectatores,

573 3638 687 3706 Pagae,
706 3637 813 3706 (raros)
830 3639 847 3691 a
864 3638 944 3692 Mart.

657 3815 769 3823 ——...
796 3817 805 3822 ..
834 3815 848 3821 .-

523 3908 582 3969 (ma
604 3908 675 3976 origi.
694 3907 831 3959 tabularii
853 3906 984 3965 Tradere.)

658 4060 856 4072 ——·-—.....

355 4209 461 4309 Nobili
484 4210 610 4275 domiuo
632 4211 794 4276 Czenlmni
818 4211 857 4275 de
881 4211 1015 4289 Wessel‚
1043 4211 1185 4277 aliosde
1209 4210 1344 4277 Warteu·

442 4312 529 4393 berg,
553 4312 653 4376 amico
675 4318 786 4376 nostro
809 4312 981 4378 carissimo.

257 4460 381 4525 Nobilis
404 4461 503 4527 amice
526 4462 702 4528 carissime!
740 4461 890 4545 Receptis
907 4463 1023 4529 vestris
1038 4463 1168 4546 scriptis
1184 4481 1223 4529 ae
1236 4461 1341 4537 literis,

158 4560 198 4624 de
227 4560 342 4640 quibus
373 4561 455 4626 bene
486 4562 632 4627 stetimus
661 4562 803 4626 contenti
831 4569 864 4627 et
893 4563 1057 4643 consolati,
1092 4563 1149 4630 sed
1176 4564 1252 4647 quia
1271 4563 1346 4630 inter

159 4665 267 4726 cetera
296 4661 456 4741 scribitur,
490 4661 629 4742 qualiter
649 4661 741 4727 nobis
763 4662 905 4729 fuissetis
926 4664 1024 4731 locuti
1046 4664 1262 4749 personaliter
1281 4680 1345 4733 een·
