2992 5258
402 394 444 446 81.
463 392 575 446 Consilii
594 391 684 445 Const.
702 389 797 444 literae
815 389 850 443 ad
867 389 1001 443 Bohemoo
1019 356 1107 442 datae.
1289 391 1356 452 571-

158 615 351 663 curaremus.
396 596 478 674 Quid
511 595 680 659 enimdeo
714 596 890 676 acceptius,
924 593 997 674 quid
1031 594 1148 675 populo
1177 591 1350 657 christiano

156 698 280 781 gratius
303 716 398 778 agere
414 714 591 780 possumus,
615 714 707 776 quarn
731 700 850 760 tantam
873 694 1085 760 temeritatem
1108 691 1351 771 oralignitatem-

157 817 219 882 que
250 799 452 882 opprimere?
484 796 633 861 Profecto
662 796 692 860 id
720 814 816 860 unum
851 797 1022 860 memoriae
1046 802 1173 861 vestrae
1195 812 1351 860 commen·

156 901 282 965 damus:
310 901 337 964 si
376 918 433 963 nos
471 900 620 963 haereses
649 899 881 975 sustinemus,-
899 917 1015 979 easque
1049 897 1167 979 passim
1205 914 1351 962 crescere

157 1002 379 1085 permittimus
415 1000 508 1080 longe
531 999 590 1062 deo
614 999 854 1080 hominibusque
877 999 1058 1065 infestiores
1086 999 1260 1065 existimus.
1303 996 1351 1060 Nc

156 1104 255 1184 igitur
278 1109 366 1167 tanta
387 1108 464 1165 nota
485 1100 669 1179 irrigemur,
704 1119 721 1161 n
746 1101 805 1163 viri
828 1100 954 1182 optimi!
978 1102 1023 1166 ita
1046 1109 1079 1166 ct
1101 1119 1157 1165 vos
1179 1101 1351 1173 hortamur,

154 1210 442 1286 quantumcumque
475 1201 615 1266 valemus
646 1219 703 1282 pcr
725 1203 851 1267 viscera
873 1202 1109 1267 misericordiae
1132 1202 1210 1266 Jesu
1233 1198 1352 1265 Christi
1409 1220 1414 1231 ¹

154 1303 361 1382 obtestamur,
384 1311 419 1367 nt
441 1302 584 1366 homines
608 1302 787 1382 pestiferos,
813 1303 988 1368 doctrinam
1009 1303 1125 1367 Wiclcf
1145 1308 1177 1366 et
1199 1300 1268 1365 Hos
1284 1301 1352 1381 ejus

156 1404 326 1470 sectaberis
359 1402 592 1469 baereticorum
628 1401 847 1466 damnatorum
870 1404 1079 1480 seminantes
1112 1402 1297 1485 praedicare
1320 1407 1353 1465 et

155 1505 369 1587 dogmatisare
396 1503 430 1567 in
451 1502 567 1567 vestris
590 1501 772 1567 civitatibus
795 1521 831 1567 ac
855 1503 1008 1584 partibus,
1032 1509 1184 1585 quantum
1207 1503 1239 1566 in
1262 1501 1352 1566 vobis

155 1606 263 1687 fuerit,
286 1625 349 1670 non
371 1602 557 1678 admittatis
591 1609 626 1666 ut
648 1602 735 1667 labes
758 1603 812 1666 illa
834 1604 971 1684 pessima
993 1604 1032 1668 ab
1055 1604 1155 1684 ipsius
1178 1602 1267 1682 regni
1284 1600 1352 1665 fini·

158 1706 219 1773 bus
240 1707 368 1788 penitus
393 1702 605 1784 exstirpetur3
619 1701 652 1782 *l
675 1702 828 1782 scientes
854 1702 880 1766 si
903 1704 955 1784 qni
978 1723 1055 1768 ausu
1080 1704 1250 1768 temerario
1272 1703 1353 1768 banc

155 1814 297 1873 nostram
328 1804 519 1871 sententiam
547 1804 606 1869 deo
642 1804 852 1884 gratissimam
883 1807 1005 1886 totique
1029 1805 1201 1870 christiano
1236 1803 1352 1886 populo

156 1910 328 1975 salutarem
350 1905 570 1987 quoquomodo
593 1904 779 1987 impugnare
803 1906 1006 1984 tentaverint,
1030 1907 1111 1970 acin
1135 1907 1244 1970 eadem
1267 1905 1352 1970 dam·

155 2009 321 2074 notissima
351 2007 475 2071 haeresi
505 2005 722 2087 perstiterint,
759 2014 811 2069 aut
839 2007 871 2069 in
900 2026 938 2070 oa
974 2007 1185 2087 persistentes
1213 2006 1355 2087 juverint

156 2108 396 2192 quomodolibet
429 2106 479 2170 vel
502 2105 717 2182 defenderint,
752 2105 835 2170 ultra
869 2104 1004 2169 divinam
1038 2107 1224 2183 vindictam,
1261 2124 1353 2186 quam

156 2212 277 2277 debent
300 2208 514 2272 verisimiliter
538 2213 734 2287 exspectare,
758 2224 816 2270 nos
833 2208 864 2270 in
884 2208 1012 2272 eosdem
1029 2206 1136 2271 debito
1159 2206 1252 2271 rrrodo
1265 2208 1355 2289 juxta

155 2312 324 2377 canonicas
347 2309 529 2373 sanctiones
553 2325 769 2389 processuros
795 2309 951 2373 uttalium
975 2309 1132 2373 correctio
1156 2309 1226 2372 aliis
1250 2318 1352 2372 traus-

215 2613 240 2675 *l
259 2614 288 2665 lo
308 2611 463 2679 exemplari,
482 2609 552 2677 quod
571 2609 680 2662 missum
700 2615 741 2661 cst
760 2609 1031 2677 ηυοηεναόἰίἱ,ίναῑνὶ
1048 2651 1053 2662 .
1086 2651 1091 2660 .
1120 2651 1124 2660 .
1147 2610 1355 2677 archiepiscopo

257 2707 282 2749 et
312 2697 421 2750 dilectis
445 2696 524 2746 nohis
548 2696 577 2744 fn
604 2695 710 2746 Christo
729 2694 814 2762 filiis,
839 2695 962 2762 capitulo
986 2702 1009 2744 et
1036 2694 1222 2762 suffrapnacr's
1249 2713 1283 2744 ccc
1305 2696 1355 2744 totr'

256 2782 328 2833 clero
350 2779 516 2847 propensae
545 2779 595 2831 hoc
622 2778 679 2829 loco
704 2777 797 2831 addita
821 2785 884 2830 suut
908 2779 975 2830 haec
999 2778 1094 2831 verba:
1132 2778 1208 2843 (MS.
1232 2780 1304 2832 Mus.
1328 2780 1354 2837 4,

256 2865 296 2918 D.
317 2864 359 2925 12,
373 2864 398 2933 f.
417 2863 473 2925 11.)

255 2999 336 3077 Quin
365 3000 427 3062 imo
461 3016 498 3062 ca
521 3017 583 3078 qua
604 2998 764 3077 fungimur
786 2999 977 3062 auctoritate
1001 3005 1035 3062 ct
1059 2999 1118 3064 sub
1142 3000 1252 3080 poeuis
1277 2999 1354 3077 juris

153 3102 246 3167 vobis
276 3100 467 3181 injungimus
499 3106 531 3163 et
552 3099 753 3174 mandamus,
784 3105 818 3162 ut
846 3117 902 3180 pro
926 3100 1110 3179 repellenda
1141 3110 1203 3163 tarn
1226 3099 1356 3163 sordida

154 3212 189 3268 et
210 3201 347 3281 maligna
382 3200 507 3265 haeresi
542 3200 687 3265 omnibus
711 3199 826 3280 quibus
849 3202 985 3281 potestis
1008 3200 1185 3277 laboribus³
1216 3201 1299 3265 curis
1322 3207 1356 3264 et

152 3301 321 3384 diligentia
342 3301 523 3365 intendatis.
558 3300 740 3365 Meminisse
764 3301 847 3364 cuim
870 3308 1006 3381 oportet,
1030 3301 1130 3365 frater
1153 3301 1353 3379 venerabilis

152 3402 327 3486 apostolos,
363 3401 477 3482 quibus
511 3401 542 3464 in
565 3401 833 3482 compastoralis
856 3399 950 3466 oflicii
980 3403 1147 3484 episcopos
1176 3402 1354 3466 successive

152 3503 226 3586 (cic)
243 3507 397 3580 tenemus
421 3519 479 3583 pro
495 3501 660 3567 abolendis
684 3502 869 3567 haeresibus
885 3523 904 3567 a
919 3502 1046 3567 lllvristo
1063 3504 1220 3569 salvatore
1242 3508 1354 3567 nostro

151 3602 320 3671 militantis
353 3602 507 3667 ecclesiae
537 3602 641 3682 capite
665 3602 837 3680 institutos
862 3609 895 3668 et
917 3621 975 3684 pro
1005 3603 1175 3668 eavrundern
1199 3604 1354 3683 exstirpa·

152 3705 242 3770 tione
272 3708 480 3784 spontaneam
518 3710 652 3766 mortem
683 3708 715 3766 et
748 3703 900 3783 martyria
933 3705 1120 3784 gravissima
1153 3704 1354 3768 sustinuisse.

152 3804 253 3869 Vobis
281 3803 379 3883 igitur
405 3803 437 3866 in
461 3803 635 3867 catholicae
669 3800 741 3866 fidei
765 3803 941 3880 tuitionem,
962 3805 1053 3886 juxta
1078 3805 1196 3869 tradita
1218 3825 1237 3868 a
1259 3804 1352 3868 nobis

152 3912 333 3988 praccepta
357 3920 489 3968 necesse
514 3910 619 3968 exstat
638 3904 876 3968 accuratissime
899 3905 1049 3985 vigilare,
1074 3912 1107 3969 ut
1129 3907 1176 3969 sic
1197 3905 1355 3985 subjecto·

150 4024 223 4070 rum
257 4010 436 4069 vestrorum
459 4004 563 4069 valeat
597 4003 763 4084 diligentia
786 4010 819 4068 et
841 4023 917 4070 cura
939 4006 1070 4081 salvari,
1107 4014 1142 4071 ut
1164 4006 1195 4069 in
1219 4023 1354 4084 evange-

151 4107 255 4190 gelica
278 4105 423 4170 doctrina
451 4106 598 4171 traditur.
642 4107 701 4182 Qui
726 4106 809 4170 enim
843 4125 970 4171 suorum
995 4112 1027 4171 et
1048 4107 1182 4172 nranime
1205 4106 1354 4171 domesti-

151 4225 262 4272 corum
285 4225 393 4271 curam
415 4224 477 4270 non
502 4206 608 4274 habet.
631 4207 682 4270 hic
704 4204 798 4269 tidem
821 4207 992 4287 abnegavit
1015 4216 1048 4272 et.
1070 4206 1188 4271 infideli
1212 4206 1354 4272 deterior

150 4316 211 4373 est.
257 4307 394 4388 Propter
416 4305 498 4386 uquod
523 4306 618 4370 talem
647 4324 702 4370 vos
725 4307 757 4370 in
789 4306 973 4387 praemissis
995 4326 1034 4370 ex
1058 4325 1190 4387 operum
1214 4306 1355 4374 efficacia

151 4406 306 4473 exhibere
330 4407 465 4484 curetis
501 4412 536 4471 ut
557 4407 641 4488 apud
664 4407 767 4484 deum,
798 4407 888 4487 cujus
910 4426 963 4472 res
986 4408 1107 4487 agitur,
1136 4409 1283 4473 meritum
1306 4427 1354 4473 re·

149 4506 300 4590 portetis
325 4512 358 4571 ct
379 4525 398 4570 a
421 4506 513 4571 nobis
537 4507 576 4572 dc
593 4508 677 4572 bona
699 4507 865 4587 diligentia
880 4508 1051 4573 collaudari
1075 4510 1188 4573 merito
1211 4509 1353 4577 valeatis.

148 4608 298 4675 Seicntcs
323 4608 351 4672 si
374 4608 429 4689 qui
453 4618 504 4689 (a.
526 4616 562 4673 nt
583 4620 703 4690 supra.)
