2992 5258
495 414 516 470 l.
551 416 620 469 Acta
638 420 700 469 anta
719 415 770 469 iter
788 416 1003 473 constantiense.
1283 427 1344 491 245

162 621 291 700 literam,
330 637 410 702 qaroo
446 618 591 698 sequitur
612 616 645 681 in
673 617 794 695 vulgari
824 618 864 683 de
886 620 982 683 aerbo
1005 619 1045 684 ad
1068 620 1214 699 verbum,
1251 640 1344 702 quarn

161 721 342 801 reliquerat:

249 823 339 882 Mistr
359 824 415 883 Jan
438 823 499 881 llas
515 839 549 882 sc.
571 822 676 880 Datum
693 839 768 880 anno
784 821 894 880 domini
909 818 1143 881 M⁰ccccxtv⁰
1154 829 1222 896 post
1238 823 1343 884 sestam

161 923 185 982 S.
194 922 360 982 wenceslai
374 923 405 982 in
425 940 545 982 recessa
567 921 605 981 od
627 922 836 982 Constantiam.
860 919 951 1001 (Vide
974 920 1050 980 irater
1072 921 1228 993 Epistolas
1245 942 1274 983 n.
1291 928 1343 1000 37,

155 1039 215 1097 aaa·
238 1019 304 1102 71.)
352 1067 355 1074 =

429 1203 520 1270 „Quae
538 1202 688 1269 agebantur
703 1202 732 1255 in
749 1200 897 1270 Norberga,
917 1201 1061 1269 sequitur.“

250 1322 328 1387 Cam
343 1328 449 1387 autem
464 1320 693 1400 b'ormbergana
707 1319 787 1385 feria
802 1328 893 1385 sexta
914 1327 987 1401 post
1002 1319 1083 1385 Galli
1106 1318 1160 1398 (111
1173 1320 1257 1403 Oct.)
1273 1342 1342 1387 cnm

167 1422 249 1487 lictis
264 1422 398 1487 dominis
411 1421 626 1504 applicuisset,
639 1422 721 1486 lacto
734 1420 866 1502 prandio
881 1420 970 1484 venit
984 1417 1111 1501 quidam
1125 1422 1285 1500 magister,
1309 1432 1344 1486 ut

166 1522 256 1599 eredo,
273 1523 422 1587 albertus
438 1521 592 1602 plebanus
607 1522 637 1586 S.
652 1519 788 1598 Sebaldi,
804 1524 926 1600 patena,
942 1525 978 1584 ut
994 1519 1070 1583 velit
1084 1537 1154 1583 curn
1169 1520 1248 1602 ipsis
1263 1523 1343 1586 cari·

167 1622 250 1686 tatiae
273 1621 426 1687 conierre.
464 1619 591 1685 Etcum
613 1622 681 1701 ipse
697 1625 861 1697 annueret,
877 1625 1034 1683 venerunt
1055 1619 1176 1700 aliquot
1190 1621 1343 1701 magistri,

168 1721 237 1785 inter
251 1739 330 1801 quos
346 1729 415 1784 erat
430 1738 512 1783 onus
528 1720 640 1785 doctor
656 1726 688 1784 et
699 1720 788 1784 malti
805 1718 845 1784 de
861 1719 991 1784 consilio
1008 1720 1110 1784 (lictae
1127 1721 1273 1798 civitatia
1290 1722 1343 1786 ubi

169 1838 222 1885 carm
234 1823 301 1903 ipso
313 1821 466 1899 rnagistro
479 1820 518 1883 de
534 1821 666 1900 singulis
681 1819 822 1884 materiis
835 1820 1076 1884 occurrentibus
1089 1824 1122 1883 et
1133 1820 1165 1882 in
1178 1821 1292 1899 quibus
1304 1821 1344 1884 de

169 1919 224 2000 ipso
250 1921 400 1999 magistro
423 1920 505 1984 lama
527 1922 668 1999 volabat,
691 1920 898 1986 conferebant
920 1919 1000 1983 citra
1022 1925 1157 2000 quatuor
1179 1921 1291 1997 boras;
1308 1931 1342 1986 et

171 2037 224 2082 carn
246 2019 284 2083 ‹le
305 2019 438 2100 singulis
461 2021 678 2097 contulissent,
702 2019 951 2084 dixerunt21'ro
974 2026 1071 2097 certo,
1094 2019 1254 2100 magister,
1272 2019 1344 2091 ista,

171 2137 235 2198 quae
259 2137 342 2184 iaaac
371 2120 561 2197 audivimus,
602 2118 757 2183 catholica
785 2126 872 2197 sunt,
906 2124 939 2183 et
965 2136 1023 2182 nos
1053 2118 1163 2182 cadem
1190 2138 1209 2183 a
1237 2119 1344 2193 multis

172 2206 245 2283 anais
265 2219 427 2284 docuimus
449 2226 482 2283 et
497 2219 665 2298 tenuimus,
687 2223 832 2282 tenemus
854 2224 888 2282 et
910 2218 1078 2298 credimus
1101 2223 1133 2282 et
1155 2218 1182 2282 si
1204 2217 1344 2283 alienon

173 2327 232 2383 sunt
250 2325 360 2384 contra
380 2337 445 2399 vos,
478 2335 536 2400 pro
559 2324 647 2383 certo
669 2336 725 2382 uos
749 2336 820 2382 cum
842 2318 962 2382 honore
985 2317 1024 2382 de
1058 2318 1192 2382 concilio
1216 2318 1344 2383 exibitis

173 2418 213 2481 ael
235 2418 386 2484 redibitis.
429 2418 472 2483 Et
499 2418 545 2483 sic
573 2418 613 2482 ab
645 2418 778 2482 invicem
800 2415 1016 2482 favorabiliter
1038 2417 1263 2482 discesserant.
1307 2417 1344 2481 In

173 2532 224 2594 qua
252 2519 344 2584 etiarn
374 2518 503 2584 civitate
536 2523 569 2582 et
601 2517 671 2582 aliis
704 2517 921 2599 imperialibus
951 2517 1140 2596 civitatibus,
1175 2534 1234 2598 per
1266 2534 1345 2597 quas

173 2613 257 2682 dictm
277 2620 318 2683 M.
345 2618 416 2682 Has
445 2618 621 2699 equitabat,
650 2617 731 2681 tales
764 2617 1150 2698 intimationos-patentes
1183 2617 1215 2680 in
1245 2616 1344 2682 latino

173 2719 199 2776 et
221 2718 374 2782 teutonico
401 2717 499 2781 valvis
532 2723 566 2782 et
585 2717 690 2797 januis
713 2717 919 2781 ecclesiarum
952 2718 1105 2800 applicari
1136 2718 1343 2799 procurabat:

175 2810 256 2895 „litg-
275 2817 415 2882 loannes
443 2816 512 2881 Has
542 2817 607 2898 iam
635 2819 740 2898 pergit
773 2817 813 2881 ad
848 2817 1065 2883 Constantiam
1098 2817 1139 2882 ad
1173 2818 1344 2882 ostenden·

172 2907 232 2978 duna
252 2916 352 2996 fidem,
375 2935 467 2998 quarn
492 2909 646 2981 hactenus
661 2917 773 2998 tenuit,
795 2936 882 2983 nunc
908 2925 997 2984 tenet
1023 2928 1057 2982 ct
1083 2937 1181 2998 usque
1206 2926 1343 2981 mortem

173 3022 334 3089 praestante
360 3016 485 3080 domiuo
513 3017 591 3081 lesa
619 3016 745 3081 Christo
779 3018 918 3096 tenebit3
947 3019 1031 3082 unde
1058 3019 1142 3082 sicut
1163 3037 1221 3099 per
1243 3024 1345 3081 totum

173 3124 284 3190 requam
305 3116 476 3181 Bobemiae
505 3116 680 3182 notificavit
709 3134 767 3196 per
797 3134 872 3181 suas
908 3118 1124 3183 intimationes
1157 3124 1190 3181 et
1222 3117 1341 3190 literae,

174 3211 261 3280 volens
282 3218 314 3281 in
336 3215 458 3297 synodo
480 3217 621 3295 generali
645 3218 753 3294 curiae
775 3217 1038 3298 archiepiscopali
1061 3218 1211 3296 Pragensi
1232 3216 1271 3279 de
1288 3234 1345 3279 sna

174 3305 397 3381 alentionem
426 3316 564 3380 reddere
592 3323 625 3381 et
658 3324 733 3381 ante
763 3317 881 3380 exitum
907 3335 997 3380 saian
1032 3315 1162 3381 cuilibet
1184 3316 1344 3395 objicienti

174 3414 351 3480 satisfacere:
380 3416 425 3481 ita
452 3424 486 3480 et
515 3416 546 3480 in
569 3415 628 3480 hac
650 3416 783 3481 solemni
806 3423 840 3480 et
863 3416 1019 3497 imperiali
1042 3417 1171 3480 civitate
1193 3414 1344 3490 notificat,

173 3509 194 3574 si
211 3517 271 3581 vult
291 3516 353 3580 sibi
375 3516 489 3597 aliquis
505 3534 645 3581 errorem
660 3516 711 3581 ael
733 3516 871 3597 aliquam
894 3516 1051 3580 baeresim
1073 3518 1244 3597 imponere,
1261 3513 1346 3596 quod

171 3630 198 3675 ac
215 3616 251 3680 ad
276 3616 443 3681 concilium
465 3621 645 3698 praeparet,
681 3617 755 3696 quia
775 3616 845 3697 ipsa
868 3615 909 3679 M.
933 3616 1074 3680 loannes
1096 3615 1226 3680 cuilibet
1248 3633 1346 3696 oppo-

168 3718 242 3782 nenti
262 3717 380 3798 inipso
402 3717 535 3781 concilio
550 3716 589 3781 ale
605 3735 663 3781 sua
685 3714 746 3780 fide
767 3721 899 3796 paratus
923 3721 972 3780 est
993 3714 1128 3781 reddere
1151 3717 1343 3781 rationem.“

251 3882 403 3964 Sequitur
426 3883 575 3963 epistola,
598 3901 690 3964 quam
706 3883 824 3948 ibidem
847 3883 991 3948 scribens
1012 3883 1045 3947 in
1060 3882 1257 3961 Normberga
1271 3882 1346 3944 Pra-

158 4002 224 4063 gam
253 3982 429 4048 transmisit
450 3982 516 4047 suis
538 3983 647 4047 amicis
669 3981 827 4047 fidelibus:

250 4086 333 4145 Salus
355 4103 374 4143 a
396 4085 512 4145 Christo
533 4085 605 4143 Jesa
628 4101 663 4144 tc.
685 4086 830 4155 Scriptum
852 4084 1027 4161 Normberla,
1060 4085 1183 4144 sabbato
1210 4090 1277 4141 autc
1302 4082 1345 4141 XI

151 4186 243 4245 millia
263 4186 413 4260 virginum.
436 4184 528 4265 (Vitlc
550 4185 626 4244 iatcr
646 4184 801 4256 Epistolas
821 4202 851 4244 n.
874 4188 927 4263 39,
944 4203 1016 4258 pop.
1040 4184 1104 4263 75.)

407 4383 453 4450 „ln
472 4381 654 4435 Constantiam
672 4381 780 4448 qnando
798 4382 927 4449 venimus,
946 4380 1092 4448 sequitur.“

250 4500 330 4566 Item
354 4501 486 4566 sabbato
513 4504 586 4581 post
609 4499 748 4565 omnium
773 4508 963 4578 satiatorum,
990 4499 1040 4562 alio
1067 4498 1113 4561 111
1136 4497 1253 4561 mensis
1282 4496 1347 4561 No·

144 4600 299 4681 uembris,
320 4602 403 4684 Mag.
425 4601 516 4667 Joaa.
540 4600 608 4665 llus
630 4601 718 4665 aenit
739 4598 976 4681 Constantiam,
1008 4598 1041 4662 in
1070 4599 1177 4681 platea
1203 4598 1233 4662 S.
1257 4595 1346 4662 Pauli
