2992 5258
149 405 190 467 90
474 400 614 470 Epistolac
631 403 748 472 scriptae
770 405 945 459 constantiae
965 405 1029 457 lllb

148 599 208 674 dus
230 609 338 674 veniet
358 613 516 690 tamquam
538 609 727 675 haereticus.
750 609 876 674 Literas
896 609 975 674 nulli
996 609 1080 676 detis
1096 607 1137 674 ad
1148 607 1350 690 portandum,

148 710 211 775 nisi
232 709 273 773 de
296 727 358 790 quo
381 709 538 776 confiditis
557 712 644 776 sicut
666 712 706 775 de
728 710 826 791 vobis,
849 717 882 777 ct
903 711 987 793 quod
1009 710 1132 776 silendo
1154 714 1272 792 portat.

231 810 312 875 Item
339 811 436 876 dicite
458 811 581 878 doctori
603 811 764 892 Jesenicz,
799 811 883 893 quod
904 811 1107 883 nullomodo
1129 812 1252 890 veniat,
1289 827 1350 874 nec

149 908 191 972 Μ.
213 908 436 994 Hieronymus,
460 931 519 977 nec
541 913 655 994 aliquis
677 931 717 976 ex
739 912 866 979 nostris.

248 1018 358 1111 Miror,
389 1031 473 1112 quod
492 1030 530 1093 D.
560 1031 628 1095 Rex
658 1030 774 1096 oblitus
802 1037 853 1095 est
874 1030 944 1110 mei,
967 1036 1000 1096 et
1022 1030 1106 1113 qnod
1127 1048 1187 1095 nec
1217 1030 1349 1096 verbum

150 1130 282 1196 intimat.
305 1129 347 1196 [lt
368 1128 461 1211 rorte,
484 1137 653 1213 antequam
681 1131 742 1196 sibi
764 1131 895 1196 verbnm
917 1131 1039 1213 loquar,
1062 1130 1291 1223 sententiabor.
1314 1128 1350 1195 Si

151 1229 213 1295 erit
236 1248 313 1295 suus
335 1231 446 1310 bonor,
468 1232 538 1313 ipse
561 1231 676 1297 videat.

248 1348 372 1414 Nobilis
389 1356 421 1415 et
435 1349 578 1432 gratiose
593 1350 631 1414 D.
646 1351 806 1431 Joannes,
822 1350 1007 1416 benefactor
1022 1355 1133 1415 noster
1154 1348 1295 1431 gratiose
1311 1352 1346 1412 et

150 1453 280 1513 strenue
303 1455 475 1531 protector,
496 1448 597 1516 nolite
621 1451 744 1516 turbari
767 1456 901 1533 propter
915 1469 974 1529 ma,
995 1469 1054 1516 nec
1073 1455 1208 1532 propter
1225 1447 1349 1528 damna,

66 1576 69 1580 ⁴
150 1565 231 1628 qnae
247 1549 405 1631 patimini;
423 1549 500 1616 deris
523 1550 723 1632 omnipotens
746 1550 833 1616 dabit
856 1551 945 1616 vobis
968 1551 1069 1633 plura.
1093 1550 1135 1616 Et
1156 1567 1244 1631 rogo,
1264 1550 1350 1615 salu·

149 1649 225 1714 tetis
248 1649 390 1714 dominos
413 1650 579 1716 Bobemos.
602 1651 670 1732 Ego
694 1650 735 1716 de
757 1651 843 1716 nnllo
866 1651 941 1730 scio,
963 1651 1025 1716 nisi
1048 1650 1132 1732 quod
1153 1651 1287 1716 aestimo
1309 1648 1348 1715 D.

151 1746 372 1817 wenceslaum
394 1752 434 1817 de
450 1752 543 1817 Duba
569 1769 640 1817 osse
663 1757 880 1833 praesentem,
904 1757 937 1815 et
958 1751 996 1814 D.
1018 1751 1192 1817 Henricum
1220 1752 1350 1817 Lacem·

150 1850 221 1930 boh,
251 1854 306 1934 qui
328 1854 421 1919 dixit:
449 1849 586 1936 ,Dobrp'
611 1854 704 1934 marli,
723 1849 888 1937 nebldbaj¹¹
921 1853 1024 1935 (Bone
1046 1855 1104 1935 vir,
1128 1857 1191 1921 noli
1215 1851 1350 1937 rimari)-

249 1953 282 2019 Si
304 1953 437 2034 habetiS,
461 1973 558 2036 super
580 1972 642 2035 quo
665 1960 751 2019 staro
776 1954 880 2035 vultis,
913 1952 1074 2020 intimetis.
1104 1956 1245 2021 Joannes
1267 1955 1349 2021 Bra·

150 2056 270 2131 datho,
293 2054 452 2121 oradeum
475 2073 533 2137 pro
556 2074 621 2134 mo,
653 2055 830 2128 carissime,
853 2075 925 2120 curn
946 2055 1034 2135 aliia,
1057 2060 1092 2121 et
1112 2054 1270 2135 effice‚ut
1292 2075 1348 2121 rex

150 2161 240 2239 petat
260 2155 486 2237 responsiones
508 2173 604 2235 meas,
627 2175 708 2238 quiae
730 2163 805 2220 sunt
827 2174 919 2221 manu
942 2175 1012 2220 mea
1034 2157 1192 2237 signatae,
1216 2160 1280 2222 tam
1298 2176 1350 2223 ar-

151 2255 320 2321 ticulorum
343 2255 470 2322 Wicleff
488 2254 731 2339 adscriptorum,
755 2274 848 2337 quarn
869 2255 955 2320 mihi.

250 2371 480 2438 Rescribantur
491 2374 717 2456 responsiones
738 2374 829 2455 istae,
852 2373 909 2438 sed
931 2374 1008 2439 nulli
1021 2380 1112 2440 extra
1129 2372 1349 2454 ostendantur,

151 2479 184 2539 et
205 2472 440 2552 rescribantur,
475 2482 511 2539 ut
532 2475 659 2541 articuli
680 2480 768 2540 stent
789 2474 871 2540 bene
894 2475 1044 2557 separati.
1067 2474 1100 2540 Si
1122 2473 1349 2557 pronunciabi·

151 2581 204 2639 tur
224 2592 295 2639 mea
316 2573 516 2656 supplicatio,
532 2594 625 2656 quarn
638 2575 711 2641 dedi
733 2574 935 2658 patriarchae
956 2575 997 2641 ad
1015 2575 1182 2642 concihum
1197 2591 1350 2657 praesen-

151 2675 287 2755 tandem,
305 2674 432 2754 nescio;
453 2676 596 2757 aestimo,
620 2677 704 2760 quod
726 2696 790 2742 non
811 2676 1039 2759 praesentabit.
1061 2674 1095 2741 Si
1106 2674 1267 2758 placuerit
1279 2675 1349 2755 deo,

150 2793 207 2840 rex
228 2795 287 2858 per
308 2795 405 2842 unum
427 2777 477 2842 vel
499 2794 557 2859 per
579 2777 659 2842 duos
688 2777 924 2843 conclusionem
952 2776 1118 2843 doctorum
1139 2776 1349 2857 Pragsnsiom

150 2877 335 2959 disrumpet,
368 2879 536 2961 perillum
569 2878 608 2944 de
631 2879 799 2958 ablatione,
835 2885 868 2944 et
889 2896 948 2960 per
969 2877 1057 2942 illum
1078 2878 1118 2942 de
1147 2874 1350 2943 Constantini

150 2979 327 3061 dotatione,
357 2987 391 3047 et
412 2999 471 3063 per
492 2980 579 3045 illum
606 2979 646 3044 d'e
675 2979 901 3061 eleemosynis,
932 2998 1011 3061 quos
1040 2979 1127 3044 nolui
1154 2995 1287 3059 negare,
1322 2977 1350 3042 si

150 3081 285 3147 baberet
296 3081 414 3146 motiva
434 3081 548 3162 aliqua.
572 3080 634 3146 Sed
657 3086 831 3162 oporteret,
856 3079 939 3161 quod
962 3080 1116 3145 darentur
1136 3079 1197 3145 sibi
1215 3099 1273 3161 per
1293 3081 1349 3147 nli·

151 3200 243 3262 quem
265 3180 305 3245 de
327 3200 390 3248 non
413 3182 541 3247 nostris.

249 3298 282 3363 Si
305 3317 364 3379 ego
387 3317 490 3364 essem
512 3298 602 3376 liber,
625 3299 775 3379 loquerer
797 3297 857 3363 sibi
873 3297 973 3363 solus:
997 3297 1113 3362 Videte
1134 3316 1205 3377 rex,
1236 3317 1275 3363 ne
1295 3296 1351 3365 fiat

151 3400 317 3464 translatio
340 3401 388 3464 rei
409 3405 545 3474 vestrae,
568 3418 661 3480 quarn
684 3397 825 3478 diligitis,
849 3398 981 3478 occulta,
1005 3406 1040 3463 ut
1062 3399 1350 3479 nonpossitiseam

151 3500 284 3582 amplius
307 3499 423 3565 videre.

249 3618 348 3698 Roga
370 3626 406 3683 ut
427 3618 469 3682 M.
491 3619 633 3683 loannes
656 3617 833 3682 Cardinalis
845 3618 887 3683 sit
909 3617 1115 3699 cautus,quia
1131 3634 1240 3683 omnes
1258 3624 1352 3684 erant

151 3725 339 3791 tentatores
362 3719 414 3798 qni
428 3719 488 3782 sibi
511 3718 702 3784 videbantur
722 3718 823 3783 amici.
845 3718 888 3785 Et
909 3717 1015 3784 audivi
1037 3736 1076 3781 ex
1098 3719 1177 3783 meis
1191 3717 1350 3783 examina·

151 3818 288 3896 toribus,
318 3819 371 3898 qui
405 3819 565 3883 dixerunt:
598 3819 686 3884 Unus
719 3821 859 3884 doannes
883 3819 1059 3884 Cardinalis
1088 3819 1158 3900 ipse
1186 3816 1353 3883 contundit

152 3938 264 4002 papam
298 3939 367 3984 curn
400 3920 622 3999 cardinalibus,
655 3920 778 3999 dicens,
813 3921 896 4000 quod
925 3926 999 3984 suunt
1032 3936 1140 3984 omnes
1178 3919 1352 3985 simoniaci.

151 4020 332 4085 adhaereat
354 4020 461 4085 curiae
483 4020 577 4101 regis,
592 4026 743 4101 quantum
767 4029 883 4101 potest,
907 4020 949 4084 Μ.
972 4019 1158 4090 Cardinahs,
1186 4038 1227 4084 ne
1248 4020 1353 4101 ipsum

151 4123 234 4186 siout
249 4127 283 4185 et
296 4138 347 4185 me
362 4120 641 4203 comprehendant.
664 4120 777 4186 Nullus
799 4120 875 4186 mihi
898 4122 969 4202 plus
992 4125 1095 4200 nocet,
1113 4138 1208 4200 quam
1221 4119 1353 4199 Poleam

152 4228 262 4304 parcat
290 4222 349 4287 sibi
379 4224 579 4304 omnipotens
610 4222 707 4286 Deus.
740 4222 812 4304 lpse
839 4223 951 4288 Palecz
981 4221 1119 4285 omnium
1141 4220 1274 4299 ductor,
1296 4219 1353 4286 na·

152 4322 276 4387 slednlk
298 4322 544 4405 (investigator).
568 4321 610 4386 Et
631 4322 787 4400 instabat,
821 4322 906 4403 quod
933 4338 1044 4386 omnes
1065 4321 1279 4387 adhaerentes
1309 4322 1353 4387 ci·

152 4428 262 4488 tantur
282 4430 316 4488 et
327 4423 483 4506 abjurent.
507 4423 588 4501 Quia
609 4422 688 4488 dixit
709 4424 743 4488 in
767 4442 905 4499 carcere,
929 4424 1013 4505 quod
1035 4441 1154 4503 omnes,
1177 4422 1231 4503 qui
1249 4440 1353 4488 meum

152 4540 330 4587 sermonem
351 4523 494 4604 visitant,
517 4528 637 4601 tenent
660 4531 734 4605 post
755 4525 1029 4590 consecrationem
1051 4542 1218 4589 remanere
1239 4541 1353 4605 panem

152 4623 357 4689 materialem.
