2992 5258
374 412 544 481 Responsum
562 410 600 465 bl.
617 411 643 464 J.
661 411 720 465 Hus
738 410 772 465 ad
790 411 917 466 articulos
935 412 1022 467 Paled
1058 394 1134 469 trid.
1303 418 1365 482 209

174 618 372 680 necessarium
393 619 430 677 de
452 618 575 676 veritate
599 616 761 688 sermonis,
792 630 827 673 eo
850 615 927 688 quod
948 633 1007 675 nou
1033 624 1079 677 est
1105 616 1246 691 possibile
1269 617 1364 675 salva·

173 726 266 778 torem
295 718 451 792 quidquam
479 717 593 776 solvere
625 715 671 773 vel
697 715 803 787 ligare,
836 715 893 773 nisi
914 716 966 775 illa
994 717 1101 776 solutio
1128 718 1175 777 nel
1203 718 1304 791 ligatio
1327 718 1366 777 sit

166 819 201 876 in
223 818 327 881 coelis.

271 919 318 977 Er
351 915 467 976 deiectu
488 914 703 988 intelligentiae
731 913 888 972 verborum
916 915 1033 974 illorum
1071 915 1180 975 Christi
1216 923 1365 976 terrentur

160 1017 254 1075 rnulti
277 1017 425 1088 simplices
448 1015 600 1075 christiani
622 1019 774 1085 putantes,
808 1014 885 1086 quod
908 1015 969 1071 sive
992 1015 1050 1073 sint
1068 1017 1141 1088 justi
1163 1016 1224 1074 sine
1253 1017 1363 1088 injusti,

160 1117 251 1188 quod
265 1117 444 1184 sacerdotes,
461 1115 698 1188 quandocumque
711 1113 858 1172 voluerint
871 1130 922 1172 eos
939 1114 1042 1186 ligare,
1065 1116 1142 1187 quod
1158 1123 1226 1175 tuuc
1241 1124 1365 1187 possunt

153 1214 264 1289 ligare
288 1221 318 1274 et
340 1216 474 1274 similiter
488 1220 609 1286 peccata
632 1229 732 1271 eorum
753 1213 890 1271 retinere.
913 1214 954 1271 Et
976 1214 1144 1273 sacerdotes
1166 1215 1261 1287 ignari
1282 1217 1366 1275 deci·

155 1317 303 1389 piantur,
329 1320 550 1386 praesumentes
567 1313 603 1371 de
621 1318 776 1384 potestate,
799 1313 933 1371 volentes
956 1313 1048 1385 ligare
1070 1312 1116 1372 vel
1139 1314 1261 1385 solvere,
1293 1317 1369 1375 sieut

151 1417 212 1473 eis
237 1416 337 1487 placet
357 1421 387 1473 et
408 1414 522 1486 quando
545 1414 658 1484 piacet;
680 1412 761 1470 multi
776 1414 851 1471 enim
868 1413 981 1485 dyscoli
998 1421 1028 1471 et
1047 1414 1143 1486 ignari
1158 1415 1266 1485 dicunt,
1288 1416 1366 1488 quod

152 1517 231 1587 ipsi
268 1520 393 1587 pessunt
424 1512 577 1572 absolvere
608 1528 815 1585 quemcumque
841 1512 985 1572 hominem
1006 1514 1079 1583 ipsis
1112 1512 1298 1574 confitentem
1330 1516 1368 1573 de

148 1616 401 1689 quibuscumque
423 1614 560 1685 peccatis,
584 1613 645 1670 sive
667 1615 817 1683 poeniteat
839 1612 899 1670 sive
921 1629 998 1682 nou,
1020 1615 1206 1686 ignorantes,
1237 1616 1365 1688 quadiu

148 1714 272 1773 multis
300 1720 347 1772 est
375 1714 417 1772 eis
447 1714 577 1786 peccatis
611 1713 779 1770 exercitium
810 1713 985 1781 restrictum,
1018 1721 1048 1770 et
1075 1713 1153 1785 quod
1182 1722 1281 1786 petest
1309 1717 1367 1774 sibi

147 1812 305 1873 confiteri
326 1807 481 1886 hypocrita
494 1813 675 1871 mendaciter
696 1812 741 1870 vel
764 1828 822 1869 non
845 1813 987 1870 contritus
1010 1812 1047 1870 de
1069 1820 1209 1887 peccat03
1231 1820 1261 1874 et
1280 1815 1366 1874 istius

149 1913 242 1973 facti
265 1929 356 1985 saepe
378 1919 497 1985 reperta
518 1919 564 1971 est
585 1913 730 1984 probatio.
773 1912 813 1970 Et
833 1918 915 1983 patet
942 1913 1088 1970 sententia
1114 1913 1255 1984 apostoli,
1289 1915 1367 1988 quod

151 2013 261 2073 litera
282 2013 398 2082 occidit,
421 2012 541 2084 spiritus
565 2018 662 2071 autem
683 2009 818 2070 vivificat.

275 2114 321 2173 15.
347 2110 398 2185 ,Si
419 2128 501 2184 pepo
528 2113 575 2170 vel
597 2112 676 2169 alitia
698 2107 867 2183 praetendit
887 2127 918 2168 se
938 2111 1042 2184 quovis
1070 2112 1155 2184 signo
1184 2112 1295 2172 solvere
1321 2114 1369 2172 eei

152 2211 275 2286 ligore,
304 2214 373 2271 tnnc
393 2230 426 2270 eo
454 2193 522 2282 ipso
547 2212 673 2270 solvitur
696 2212 743 2269 oei
769 2211 888 2283 ligetur.
930 2211 1010 2269 Nom
1029 2211 1083 2269 boc
1104 2212 1262 2272 concedens
1281 2213 1368 2271 babet

154 2315 380 2386 consequenter
406 2313 569 2380 concedere,
595 2328 711 2385 popam
732 2328 792 2370 esse
812 2311 1027 2384 impeccabilem
1047 2314 1075 2369 et
1094 2313 1137 2371 sic
1158 2313 1263 2384 dcnm‚·
1282 2314 1369 2372 aliter

155 2414 251 2470 enirn
265 2415 368 2484 posset
391 2429 490 2470 errore
511 2415 539 2470 ct
556 2414 656 2484 facere
678 2410 852 2484 difformiter
872 2412 950 2470 clani
975 2410 1112 2470 &tristis

274 2508 520 2586 Capitu102⁰in
550 2511 621 2570 folio
649 2509 685 2568 4⁰
707 2512 812 2570 dieitur
840 2528 894 2584 pro
917 2507 989 2571 XV⁰
1010 2513 1149 2594 articulos
1176 2513 1291 2585 Ligatie
1320 2513 1368 2572 vel

165 2616 284 2675 solutio
308 2615 357 2673 dei
378 2620 424 2673 est
445 2614 617 2685 simpliciter
631 2614 731 2685 prima,
754 2619 785 2672 et
805 2619 893 2685 patet,
916 2612 994 2685 quod
1007 2613 1179 2686 blasphema
1192 2612 1268 2672 soret
1282 2629 1367 2685 prae·

162 2716 280 2773 sumdo
296 2730 442 2782 asserere,
465 2712 543 2785 quod
569 2713 654 2771 bomo
676 2714 806 2771 remittat
825 2712 1051 2772 malivolentiam
1082 2714 1293 2773 coenantem
1314 2713 1367 2772 do-

164 2816 282 2873 minum
308 2812 414 2872 iactam
441 2813 508 2884 ipso
535 2812 652 2871 domino
681 2829 740 2871 nou
762 2814 954 2885 approbante,
986 2829 1022 2871 ex
1042 2814 1262 2872 universalitate
1290 2815 1367 2872 euim

162 2913 260 2988 liuius
283 2914 393 2973 domini
415 2918 549 2986 oportet,
570 2913 648 2985 quod
669 2913 850 2984 ipse,prim0
872 2913 1007 2972 absolvat
1027 2914 1075 2971 vel
1096 2913 1185 2985 liget,
1214 2913 1239 2973 si
1261 2914 1367 2986 aliquis

162 3015 300 3073 vicomes
321 3014 364 3071 ito
384 3012 463 3083 facit,-
485 3028 540 3071 nec
561 3012 666 3084 aliquis
689 3013 829 3070 articulus
850 3009 920 3071 fidei
940 3011 1030 3071 debet
1051 3028 1119 3071 esse
1140 3013 1225 3071 uobis
1241 3030 1368 3072 corninu-

169 3115 250 3186 nior,
283 3129 369 3187 quarn
398 3113 475 3185 quod
496 3111 679 3183 impossibile
701 3109 778 3169 ioret
806 3126 977 3183 quemquam
1006 3112 1042 3170 de
1072 3111 1214 3170 militante
1241 3113 1369 3171 ecclesia

170 3214 329 3273 absolvere
361 3212 407 3270 nel
440 3212 542 3284 ligare,
578 3211 637 3269 nisi
670 3210 707 3269 de
735 3216 842 3282 quanto
875 3209 1071 3269 conformatur
1102 3212 1191 3282 capiti
1224 3213 1368 3271 ecclesiae

171 3314 293 3372 domine
322 3319 425 3371 nostro
454 3313 526 3372 Jesu
549 3310 675 3370 Christo.
718 3311 804 3370 Unde
840 3315 957 3382 eportet
984 3309 1099 3370 fidelem
1126 3327 1229 3371 canere
1250 3313 1288 3371 ab
1309 3312 1367 3371 isto

175 3414 267 3473 dicto:
301 3411 341 3473 Si.
354 3428 433 3485 papa
453 3411 500 3469 vel
521 3411 596 3469 alius
618 3411 784 3482 praetendit
805 3426 838 3469 se
861 3411 962 3483 quovis
977 3410 1060 3482 siguo
1077 3410 1191 3469 solvere
1206 3412 1252 3471 rel
1266 3413 1368 3487 ligare,

173 3519 244 3571 tunc
266 3529 303 3571 eo
326 3513 394 3591 ipso
418 3512 540 3569 solvitur
560 3511 608 3570 nel
628 3510 744 3583 ligatur.
795 3509 870 3569 Nam
892 3510 947 3569 hoc
969 3510 1132 3570 concedens
1155 3510 1243 3571 babet
1263 3529 1367 3572 couse-

176 3618 300 3684 quenter
313 3611 486 3680 concedere,
509 3626 615 3682 papam
636 3626 703 3668 esse
724 3609 943 3682 inpeccabilem,
965 3615 996 3669 et
1012 3610 1055 3669 sie
1069 3610 1169 3684 deum;
1190 3611 1277 3671 aliter
1291 3613 1369 3671 enirn

175 3718 278 3784 posset
298 3728 398 3770 errare
422 3718 453 3769 et
473 3709 571 3768 iacere
593 3709 765 3769 difformiter
786 3710 860 3768 clavi
883 3709 1000 3768 Christi.
1043 3706 1090 3791 [Si
1111 3710 1167 3769 hoc
1188 3712 1369 3786 intelligatur

176 3829 229 3884 per
256 3813 459 3872 exclusionem
490 3811 690 3882 poenitentiae
723 3817 753 3869 et
791 3811 918 3882 partium
943 3812 1144 3895 poeniteutiae
1177 3813 1210 3871 in
1237 3829 1307 3872 cesa
1337 3819 1369 3871 ut

176 3911 252 3973 iufra
272 3913 449 3972 describitur
470 3911 500 3969 in
521 3905 771 3991 probationibus]
1069 3898 1072 3903 ’

271 4012 356 4071 Istud
389 4012 497 4070 dictum
530 4011 637 4082 prebat
671 4009 777 4068 factum
808 4010 844 4069 D.
867 4010 974 4083 Papae,
1007 4013 1055 4085 qui
1089 4029 1205 4086 semper
1226 4013 1256 4071 in
1278 4012 1365 4070 abso-

177 4109 286 4172 lutione
308 4100 521 4184 praesupponit
534 4111 739 4169 contritionem
755 4115 785 4169 et
805 4109 1027 4182 consessionem,
1047 4113 1106 4171 imo
1122 4115 1147 4172 si
1161 4112 1248 4171 alicui
1263 4112 1363 4170 crimi-

178 4227 247 4271 noso
268 4213 354 4273 datur
376 4211 569 4270 absolutionis
591 4210 685 4279 litera,
708 4210 757 4282 qui
778 4211 1010 4271 circumstantias
1032 4213 1220 4284 explicandas
1236 4212 1365 4271 criminis

180 4310 322 4385 subticuit,
354 4312 460 4371 dicitur
486 4327 521 4369 eo
551 4309 628 4370 iacto
659 4309 852 4369 absolutionis
874 4310 1040 4385 hujusmodi
1068 4312 1156 4371 litera
1176 4328 1234 4370 uon
1255 4311 1365 4375 valere.

179 4408 261 4471 Pana
288 4411 376 4471 etiam
397 4427 433 4469 ex
454 4411 518 4480 hoc,
548 4410 624 4484 quod
647 4410 729 4469 multi
756 4410 925 4470 sacerdotes
946 4427 1005 4468 uon
1027 4411 1183 4470 absolvunt
1203 4410 1365 4482 confessos,

180 4509 241 4569 dum
272 4508 402 4569 coniessi
434 4512 546 4584 majora
574 4511 695 4569 crimina
726 4515 849 4584 propter
869 4511 1073 4570 verecundiam
1094 4511 1285 4585 abscondunt,
1316 4512 1365 4570 nel

182 4607 240 4668 dum
269 4608 443 4670 confitentur
475 4616 506 4670 et
540 4611 744 4670 contritionem
775 4625 834 4668 uon
866 4609 983 4670 habeut.
1036 4610 1259 4669 Absolutionem
1287 4613 1365 4671 enim

1167 4726 1198 4776 14
