2992 5258
612 321 751 393 Epistulae
769 319 885 390 scriptae

717 517 777 595 26.

154 714 210 798 Μ.
235 710 493 796 Christanno
525 711 579 795 de
599 711 835 817 Prachatic,
865 713 1020 796 rectori
1053 704 1342 798 universitatis

543 846 672 931 studii
702 844 943 958 Pragensis.

154 1045 314 1100 Obrietam'
331 1046 545 1100 consolationem
563 1047 635 1098 laeto
652 1052 678 1096 et
686 1053 768 1114 prato
785 1045 880 1117 ocimo
896 1061 925 1098 ae
935 1046 1074 1114 accepisse
1090 1045 1188 1099 eeribit
1202 1043 1341 1116 affirmat·

153 1147 212 1198 que,
229 1147 258 1183 ee
275 1130 377 1186 omnia.
394 1146 465 1197 quae
483 1129 603 1182 lomim
619 1130 715 1198 mopsi
726 1127 849 1197 saciant,
867 1137 1078 1184 contemnentem
1089 1130 1189 1184 dirim
1206 1131 1345 1197 ananelo.

154 1213 289 1281 quidquid
305 1213 419 1268 adversi
436 1222 594 1266 evmturum
610 1213 655 1274 ait,
679 1213 795 1267 libenter
811 1214 993 1267 toleraturum
1010 1232 1081 1277 uae.-
1106 1213 1206 1267 deinde
1222 1215 1344 1267 amicum

151 1298 288 1359 babetur,
305 1306 334 1350 at
352 1299 411 1365 ipse
428 1313 532 1364 quoque
553 1313 615 1349 eum
630 1298 713 1349 sociis
728 1298 840 1349 resistat
854 1313 952 1365 papae
971 1301 1080 1368 ejeesque
1099 1299 1214 1352 asseclis
1238 1300 1343 1367 ‚apiri-

589 1382 681 1435 tualr'a
697 1381 901 1434 vmdeatibue.“

698 1531 793 1597 (1413.)

735 1697 921 1767 „Rescriptum
938 1701 975 1754 bl.
993 1701 1106 1755 loannis
1123 1701 1166 1756 M⁰
1183 1699 1243 1755 Cr.“

252 1838 449 1917 Venerabilis
464 1851 590 1918 domine
606 1856 722 1932 rector,
742 1851 894 1932 magister
909 1856 942 1918 et
955 1858 1048 1935 pater
1064 1851 1216 1934 gratiose!
1241 1852 1341 1921 Valde

153 1952 333 2021 consolatus
356 1971 425 2019 sum
446 1972 485 2020 ex
507 1960 615 2019 vestra
642 1953 745 2035 litera,
778 1955 810 2020 in
842 1973 904 2036 qua
934 1954 1019 2020 inter
1051 1966 1158 2021 cetera
1186 1951 1343 2021 scribitis:

149 2057 270 2140 justum
285 2072 346 2119 non
374 2052 583 2134 contristabit,
605 2054 757 2137 quidquid
778 2056 806 2121 ei
832 2054 996 2134 acciderit;
1019 2055 1196 2121 etiterum:
1219 2072 1339 2136 omncs,

152 2156 205 2239 qui
227 2156 278 2238 pie
301 2153 410 2220 volunt
431 2155 537 2220 vivere
560 2155 591 2219 in
613 2152 740 2231 Christo
760 2156 847 2236 lesu,
883 2156 1137 2238 persecutionem
1167 2155 1340 2239 patientur.

152 2258 200 2323 Ex
222 2255 336 2338 quibus
358 2255 492 2336 infertis,
529 2254 612 2337 quod
633 2274 683 2321 mc
706 2274 768 2323 non
791 2257 925 2339 frangat,
958 2256 1086 2340 dejiciat
1106 2260 1140 2324 et
1161 2254 1339 2339 conhistet,

153 2358 209 2426 sed
223 2356 335 2438 firmet,
358 2354 503 2422 sublevet
517 2361 550 2423 et
562 2355 714 2424 laetificet
727 2357 890 2424 tribulatio
906 2358 1088 2442 temporalis
1119 2357 1340 2440 sociorumque

152 2458 304 2526 absentia.
349 2457 466 2523 Gratus
506 2458 597 2524 valde
629 2457 721 2524 istam
754 2458 999 2526 consolationem
1034 2458 1164 2542 accipio,
1201 2476 1339 2544 pensans

153 2559 329 2643 scripturae
351 2558 581 2626 antecedentia.
625 2561 705 2639 Quia
726 2561 753 2626 si
772 2561 877 2644 J'ustus
900 2578 977 2642 sum,
1010 2578 1153 2641 nonme,
1186 2558 1343 2643 quidquid·

152 2662 202 2743 sit,
225 2658 435 2740 contristabit
459 2665 494 2725 ut
515 2681 534 2727 a
555 2661 690 2727 veritate
712 2660 855 2744 dejiciar;
887 2667 920 2726 et
942 2661 968 2725 si
990 2661 1042 2744 pie
1064 2661 1096 2726 in
1119 2660 1245 2727 Christo
1268 2661 1339 2726 vivo

153 2768 187 2828 et
206 2759 278 2827 volo
301 2759 416 2842 vivere,
439 2778 569 2828 necesse
592 2766 642 2827 est
663 2780 711 2826 me
734 2762 987 2851 persecutionem
1019 2762 1051 2826 in
1073 2761 1198 2828 nomine
1220 2759 1342 2826 Christi

152 2862 227 2945 pati.
272 2859 352 2940 Quia
372 2861 400 2926 si
421 2860 588 2945 oportebat
611 2861 771 2929 Christum
792 2863 857 2946 pati
890 2867 923 2928 ct
944 2861 989 2927 sic
1010 2862 1130 2928 intrare
1152 2862 1184 2927 in
1207 2861 1341 2943 gloriam

153 2981 250 3044 suam,
283 2979 413 3028 neccsse
436 2969 483 3028 est
506 2980 564 3027 nos
585 2963 718 3029 miseros
740 2980 865 3029 crucem
888 2962 999 3029 tollere
1031 2970 1064 3029 et
1095 2963 1140 3029 sic
1170 2962 1276 3045 ipsum
1308 2962 1341 3027 in

152 3062 352 3147 passionibus
366 3062 492 3129 imitari.
516 3061 608 3130 Unde
623 3061 762 3131 certifico
779 3081 844 3144 vos,
866 3063 1055 3130 venerabilis
1077 3061 1201 3129 dominc
1223 3070 1350 3143 rector„

152 3164 236 3246 quod
267 3182 436 3245 numquam
473 3164 653 3248 persecutio
689 3182 739 3229 me
776 3164 879 3231 taedio
915 3162 1033 3244 adicit,
1066 3164 1092 3230 si
1124 3182 1173 3228 me
1209 3168 1347 3246 peccam·

152 3285 223 3332 mea
244 3271 276 3331 et
297 3263 495 3331 deordinatio
518 3265 688 3332 Christiani
715 3265 823 3349 populi
846 3262 1099 3332 condicerent.
1143 3263 1225 3342 Quid
1257 3261 1342 3329 enim

153 3366 228 3432 mihi
250 3365 379 3433 divitiae
401 3365 509 3448 seculi,
543 3385 623 3449 quae
649 3372 724 3432 sunt
745 3373 895 3445 stercora,
929 3367 955 3431 si
978 3364 1174 3446 tollerentur,
1206 3368 1343 3446 possunt

153 3466 317 3533 molestiae
352 3465 507 3549 injicere?
552 3466 627 3548 qnid
662 3464 779 3533 ablatio
815 3465 930 3532 favoris
952 3466 1059 3546 seculi,
1095 3464 1149 3548 qni
1169 3462 1232 3530 scit
1251 3483 1273 3529 a
1292 3463 1346 3530 via

154 3565 271 3632 Christi
294 3564 455 3648 dejicere?
497 3568 571 3650 quid
592 3565 719 3632 infamia
740 3566 835 3648 illata
869 3583 950 3649 quac
981 3571 1096 3648 purgat
1128 3571 1161 3632 et
1191 3562 1346 3631 clarificat

152 3667 204 3734 dei
236 3665 326 3747 filios,
362 3667 498 3734 tolerata
533 3667 702 3748 humiliter,
736 3673 772 3733 ut
802 3667 946 3750 hilgcant
975 3666 1057 3732 sicut
1092 3664 1139 3731 sol
1174 3664 1207 3730 in
1242 3681 1344 3750 regno

153 3768 254 3854 patris
296 3766 366 3832 sui?
409 3767 482 3849 quid
518 3768 545 3834 si
580 3767 656 3833 mihi
703 3767 871 3834 tolleretur
905 3767 970 3832 vita
1003 3764 1133 3847 misera,
1175 3783 1257 3847 quae
1293 3771 1344 3832 est

152 3887 247 3950 mors,
283 3886 375 3949 quam
398 3869 450 3951 qui
473 3868 524 3936 hic
546 3869 660 3953 perdit,
696 3874 830 3936 mortem
861 3866 999 3951 deponit,
1036 3873 1070 3934 et
1104 3883 1210 3934 veram
1245 3867 1344 3935 vitam

85 3987 88 3996 ·
153 3968 297 4036 invenit?
339 3967 401 4033 Sed
433 3969 495 4037 ista
515 3988 579 4036 non
601 3971 783 4054 concipiunt
815 3968 958 4035 homines
989 3966 1081 4050 fastu,
1116 3966 1207 4047 lama,
1243 3966 1343 4035 ambi·

153 4070 240 4136 done
263 4072 297 4134 et
330 4069 463 4136 avaritia
495 4072 663 4153 excaecati,
707 4077 740 4138 et
775 4071 901 4153 qnidam
929 4070 1053 4149 timore,
1088 4066 1142 4133 ubi
1176 4084 1240 4134 uon
1273 4075 1345 4136 erat

153 4171 256 4251 timor,
291 4170 467 4238 averitate
497 4174 617 4254 aversi3
650 4173 703 4256 qui
725 4171 886 4256 patientia,
919 4176 952 4236 et
981 4169 1027 4236 sic
1047 4167 1181 4235 canate
1201 4173 1236 4235 et
1256 4169 1344 4237 omni

153 4271 271 4336 virtute
303 4270 418 4354 privati
450 4272 625 4356 tabcscunt,
668 4275 701 4339 in
735 4274 839 4339 animo
874 4268 1017 4354 perplexi
1059 4266 1256 4350 mirabiliter,
1303 4287 1343 4337 eo

153 4369 236 4454 qnod
258 4388 313 4439 eos
336 4379 429 4457 urget
451 4393 489 4440 er
511 4393 574 4440 una
594 4380 685 4458 parte
707 4371 851 4439 veritatis
874 4370 1027 4452 cognitio,
1048 4375 1082 4436 et
1104 4388 1142 4435 ex
1163 4367 1226 4435 alia
1246 4374 1342 4453 parte

153 4473 255 4554 timor,
288 4491 350 4555 quo
373 4474 484 4541 timent
505 4474 619 4543 hmam
639 4472 774 4557 perdere
796 4479 830 4540 et
851 4489 966 4555 corpus
997 4471 1147 4538 miserum
1179 4486 1343 4553 exponere

153 4591 252 4656 usque
274 4579 416 4641 mortem.
458 4573 540 4641 lllud
564 4591 624 4656 ego
656 4591 751 4657 spero
783 4573 823 4639 de
855 4572 980 4639 domino
1001 4573 1079 4640 Jesu
1099 4587 1277 4653 exponam,
1313 4571 1342 4637 si

149 4675 366 4745 misericordia
386 4675 599 4760 praestiterim
642 4674 715 4756 quia
736 4692 799 4741 non
830 4677 906 4756 opto
934 4673 968 4739 in
989 4672 1049 4740 hcc
1069 4688 1205 4754 nequam
1226 4670 1336 4739 seculo
