2992 5258
429 424 445 464 e
462 423 570 464 amoene
588 408 660 477 apud
678 407 777 463 iratres
795 409 924 463 Minores.
958 412 998 463 87.
1016 409 1058 463 88.
1276 420 1335 486 143

148 611 344 696 prehendere
360 611 393 676 in
407 610 534 676 illorum
549 609 752 675 articulorum
767 609 881 690 aliquo,
912 608 995 690 quod
1016 610 1104 675 illum
1125 612 1336 699 detestemini,

148 714 203 780 sed
218 713 364 793 veritate,
387 729 467 792 quae
487 709 672 790 intenditur,
690 726 815 792 semper
836 709 930 775 salva
954 708 1061 775 Oretis
1075 711 1176 779 Deum
1197 734 1256 797 pro
1277 737 1336 799 me,

149 824 179 880 et
200 814 337 879 salutate
359 811 494 876 invicem
520 811 553 875 in
574 815 685 875 sancta
713 828 800 891 pace.

245 911 400 993 Magister
420 911 560 976 loannes
583 911 652 976 Hus
673 911 705 974 in
727 910 861 975 vinculis
883 915 917 975 et
936 911 968 976 iu
992 929 1136 992 carcere,
1161 914 1226 996 iam
1248 924 1336 984 stans

148 1014 179 1078 in
210 1011 390 1096 praesentis
417 1012 500 1076 vitae
522 1011 625 1091 litore,
648 1018 836 1093 exspectans
857 1012 890 1076 in
912 1011 1051 1077 crastino
1073 1011 1173 1078 diram
1194 1022 1337 1098 mortem,

151 1133 237 1195 quae,
272 1128 375 1194 spero,
398 1110 548 1193 purgabit
574 1129 645 1176 mea
666 1117 820 1192 peccata,
855 1111 974 1175 nullam
995 1111 1151 1177 haeresim
1171 1113 1204 1180 in
1225 1133 1276 1181 me
1296 1116 1338 1181 de

151 1213 251 1287 mutia
276 1211 328 1277 dei
357 1211 538 1288 invenienS,
568 1229 637 1274 cum
659 1216 727 1275 toto
750 1209 846 1276 corde
867 1211 1023 1292 profiteor
1044 1213 1215 1292 quamlibet
1236 1216 1338 1281 credi-

152 1312 242 1378 bilem
263 1310 440 1377 veritatem.
462 1309 620 1391 Scriptum
641 1309 698 1375 ler.
721 1309 749 1375 V
770 1317 845 1375 ante
865 1310 1004 1390 vigiliam
1025 1312 1128 1379 sancti
1149 1313 1247 1379 Petri.
1357 1304 1359 1308 '

246 1410 356 1490 Rogo,
389 1409 529 1490 diligatis
560 1408 734 1489 Bethleem,
769 1415 803 1475 et
830 1409 955 1475 Gallum
975 1410 1160 1478 constituite
1180 1414 1214 1478 in
1234 1413 1338 1481 locum

154 1509 219 1590 nei,
249 1511 323 1591 quia
344 1527 458 1592 spero,
490 1507 576 1590 quod
596 1506 741 1573 dominus
762 1526 833 1574 cum
853 1510 923 1591 ipso
945 1515 1004 1575 est.
1036 1509 1146 1575 Amen.
1188 1513 1338 1581 Reccom-

155 1609 263 1675 mendo
290 1608 379 1675 vobis
399 1610 530 1674 Petrum
551 1606 592 1672 da
614 1606 861 1689 Mladoniowicz,
894 1606 1115 1674 fidelissimum
1138 1616 1170 1677 et
1192 1618 1338 1680 constan·

156 1709 302 1774 tissimum
322 1727 427 1773 meum
448 1707 680 1774 consolatorem
703 1715 737 1771 et
763 1709 1018 1774 confortatorem.

246 1825 276 1877 E
290 1823 353 1880 Ma.
372 1823 497 1878 Mladert
520 1839 548 1892 p.
566 1821 612 1876 80.
647 1821 729 1875 MSS
754 1820 850 1874 viena.
868 1821 955 1884 4524,
973 1823 998 1892 s.
1018 1821 1060 1877 79.
1078 1851 1109 1863 -
1127 1823 1213 1889 4557,
1232 1827 1257 1897 s.
1276 1828 1337 1884 147.

157 1906 422 1989 M8.eapu.1’rap.
434 1906 460 1977 s.
481 1905 523 1959 72.
1240 1934 1243 1939 ·

247 2007 323 2060 aare.
342 2009 371 2059 a
389 2007 444 2076 asp.
460 2008 540 2075 pros.
560 2007 594 2059 n.
612 2005 639 2058 a.
678 1990 749 2074 opp.
768 2005 875 2067 Hora
896 2004 935 2059 ⁶¹3
952 2016 976 2059 a
994 2006 1039 2060 aa.

720 2352 780 2426 88.

162 2540 346 2626 Dominis
367 2540 624 2626 Weneeslao
643 2542 696 2624 de
716 2542 846 2626 Duba
862 2553 905 2626 et
920 2541 952 2628 J
954 2547 1081 2628 oanni
1097 2544 1151 2629 de
1167 2543 1335 2632 Ohlum.

162 2754 293 2812 Hortatur
310 2773 368 2817 eoa,
395 2765 426 2808 ut
449 2757 628 2824 „postpositis
650 2755 824 2808 vanitatibus
848 2755 930 2825 hujus
953 2759 1056 2811 secate
1075 2757 1182 2814 Christo
1206 2763 1338 2825 emieat,

162 2854 233 2904 paam
248 2858 327 2909 repes
350 2840 465 2892 humani
482 2839 609 2910 fallaces
623 2841 693 2900 sint,
721 2839 790 2892 deus
806 2849 898 2892 autem
919 2843 1056 2908 promisso
1078 2851 1129 2895 stet
1145 2859 1231 2911 aeque
1247 2861 1337 2913 quern·

276 2940 360 2992 quam
377 2925 513 2994 decipiat·
531 2922 737 2991 Siyismuadam
755 2925 850 2976 omnio
866 2924 958 2978 dolose
975 2927 1060 2993 epiasc
1077 2927 1210 2980 declarat

695 3088 733 3156 (S-
751 3088 789 3158 d.)

350 3289 496 3356 „Hortatur
507 3288 628 3343 dominos
636 3288 829 3343 wenceslaum
840 3294 868 3342 et
878 3287 1019 3356 Joannem,
1029 3293 1060 3343 ut
1071 3291 1226 3359 postpositis
1243 3306 1338 3359 regum

416 3381 585 3428 terrenorum
606 3372 728 3433 servitiis,
751 3373 808 3439 regi
826 3372 936 3427 coelesti
953 3373 1069 3428 militare
1086 3373 1221 3442 studeant,
1248 3381 1338 3429 osten·

415 3456 638 3513 densefficaciam
656 3455 756 3510 servitii
766 3462 794 3510 et
805 3456 976 3510 securitatem
985 3456 1097 3525 praemii
1112 3456 1236 3512 coelestis
1253 3459 1338 3527 regni,

415 3541 484 3595 citra
500 3539 620 3608 praemia
637 3545 665 3592 et
682 3539 791 3593 servitia
807 3553 900 3606 regum
917 3538 1111 3595 terrenorum!

250 3707 453 3776 Gratiossimi
462 3707 680 3773 benefactores
691 3706 753 3772 mei
769 3711 803 3772 et
819 3706 964 3771 veritatis
975 3708 1193 3789 protectoresl
1216 3708 1338 3775 Hortor

159 3827 207 3875 vos
238 3829 298 3893 per
328 3809 453 3872 viscera
483 3808 562 3872 Jesu
597 3805 735 3886 Christi,
766 3812 803 3870 ut
828 3806 895 3888 jam
927 3808 1113 3888 postpositis
1145 3807 1339 3874 vanitatibus

160 3908 245 3992 hujus
273 3909 373 3975 seculi
393 3914 524 3974 aeterno
545 3906 615 3987 regi
637 3905 763 3971 Christo
785 3906 911 3971 domino
933 3906 1085 3971 militetis.
1115 3906 1220 3972 Nolite
1243 3907 1338 3972 confi-

158 4009 228 4076 dere
253 4011 288 4075 in
316 4008 527 4090 principibuS,
557 4007 590 4072 in
611 4004 683 4071 filiis
705 4006 873 4086 hominum,
895 4007 928 4070 in
950 4007 1064 4087 quihus
1085 4024 1148 4073 non
1172 4013 1222 4071 est
1243 4008 1338 4087 salus,

158 4112 225 4191 quia
250 4109 421 4176 mendaces
449 4116 483 4174 et
503 4108 634 4173 iahaees
661 4103 717 4170 filii
749 4107 908 4171 hominum
931 4106 1024 4172 hodie
1045 4112 1135 4186 sunt,
1163 4123 1234 4170 cras
1254 4106 1339 4187 peri·

158 4208 240 4291 bunt,
265 4208 345 4274 deus
367 4213 473 4274 autem
482 4213 590 4273 manet
610 4207 828 4286 inaeternum,
851 4207 981 4288 quinon
1003 4205 1044 4270 ad
1059 4206 1109 4270 sui
1122 4204 1338 4285 indigentiam,

160 4309 209 4374 sed
236 4308 279 4375 ad
305 4327 434 4373 suorum
455 4306 630 4390 proiectum
652 4306 748 4372 habet
775 4323 902 4384 servos,
929 4306 1044 4387 quibus
1065 4303 1150 4386 quod
1170 4304 1337 4387 promittit,

160 4412 252 4488 tenet,
274 4408 358 4490 quod
378 4407 454 4474 dare
477 4406 620 4490 spondet,
643 4406 763 4488 implet,
791 4404 911 4469 nullum
931 4423 990 4486 per
1011 4403 1131 4475 salvum
1152 4403 1339 4470 conductum

160 4505 292 4591 decipit,
319 4508 439 4573 nullum
460 4526 479 4573 a
501 4525 535 4573 se
556 4505 681 4573 fidelem
703 4523 830 4570 servum
851 4511 1008 4586 removet,
1035 4503 1108 4584 quia
1129 4502 1221 4568 dicit:
1256 4502 1339 4580 ,Ubi

161 4623 215 4691 ego
236 4627 316 4685 sum,
336 4608 402 4674 illic
422 4614 455 4674 et
476 4625 587 4673 servus
607 4624 696 4671 meus
718 4605 808 4672 erit.“
833 4605 1012 4683 Quemlihct
1033 4621 1158 4668 servum
1180 4622 1270 4668 suum
1284 4603 1338 4668 ille
