2992 5258
77 393 85 413 ’
151 420 213 485 464
323 374 332 509 Ἰ
392 416 596 471 controuersiae
614 415 648 469 ue
667 415 796 484 religione
815 416 842 469 iu
860 416 1002 471 Bohemia:
1023 418 1095 470 1111.

152 619 485 685 excommunicationis
518 636 622 701 poena
654 626 868 701 procurentur
902 620 1084 700 exhumari,
1116 619 1350 687 absolutionem

151 721 290 785 omnium
312 721 349 784 D.
372 720 549 786 Cardinalis
571 739 629 802 pro
655 738 690 786 se
713 728 746 786 et
768 738 826 785 suo
849 721 1007 802 superiori
1030 722 1216 787 reservarit.

252 822 304 892 tlt.
334 822 504 886 hortentur
533 820 667 886 domini«
684 821 810 903 plebani
834 828 867 886 et
888 820 1141 903 viceplebaniin
1163 840 1276 888 eorum
1297 842 1350 887 en·

152 922 385 987 hortationibus
405 922 524 987 Christi
546 920 656 987 tideles
679 940 773 987 sextas
796 922 973 1003 utriusque,
997 927 1033 986 ut
1054 923 1354 1005 seaparticipatio·

153 1024 244 1087 nibus
270 1023 346 1087 dicti
372 1023 505 1088 Joannis
529 1023 597 1087 Hus
611 1023 809 1101 abstrahant,
833 1028 899 1087 eta
922 1022 1091 1088 sententiis
1114 1029 1227 1089 contra
1248 1024 1352 1105 ipsum

152 1126 183 1190 in
214 1124 416 1206 processibus
446 1124 523 1189 dicti
547 1124 584 1188 D.
611 1123 789 1188 Cardinalis
813 1124 886 1188 latis
909 1129 1058 1203 caveant,
1082 1124 1157 1203 quia
1179 1143 1238 1205 per
1259 1123 1353 1188 alium

152 1243 214 1288 non
239 1231 375 1306 possunt
396 1224 528 1298 absolvi,
551 1223 613 1288 nisi
635 1243 693 1305 per
715 1223 817 1288 solum
840 1223 980 1306 papam.)

743 1427 852 1435 .—-.0.—.

724 1603 786 1676 49.

151 1754 403 1906 Appellatio
425 1795 481 1878 M.
498 1795 682 1880 ,loannis
710 1792 804 1877 Hus
832 1824 858 1876 a
883 1796 1105 1876 sententiis
1133 1794 1349 1903 pontificis

150 1931 334 2016 Romani
362 1931 418 2014 ad
445 1931 476 2015 J
479 1961 598 2014 esum
625 1927 845 2013 Christum
872 1958 1121 2038 supremum
1141 1929 1346 2040 judicem.

583 2145 610 2201 S.
629 2145 655 2200 d.
675 2148 746 2210 (111.
765 2144 906 2213 1412111.)

254 2400 299 2463 (E
317 2399 382 2453 MS.
409 2398 504 2451 Virmn.
525 2396 713 2467 4902159.
733 2429 765 2436 —
783 2399 846 2452 MS.
869 2399 982 2451 mecon.
1004 2400 1038 2451 Α.
1059 2395 1171 2466 1111.
1191 2393 1255 2457 93.)

654 2538 751 2546 ——n-—a

486 2701 647 2768 ,Revocatio
673 2701 788 2754 Joaunis
806 2700 864 2754 Ilus
881 2699 1074 2754 irrationabilis
1091 2698 1127 2753 ad
1145 2698 1253 2755 deum.“

250 2839 331 2917 Quia
353 2838 431 2902 dens
453 2838 664 2918 omnipotens,
687 2854 769 2900 unus
793 2837 824 2900 iu
847 2836 996 2915 essentia,
1019 2835 1123 2900 trinus
1138 2836 1173 2900 in
1193 2837 1344 2918 personis,

150 2957 376 3022 oppressorum
398 2943 449 3003 est
470 2939 605 3019 primum
627 2942 660 3002 et
682 2937 826 3002 ultimum
849 2935 1015 3017 refugium,
1040 2943 1073 3002 11
1084 2936 1233 3003 dominus
1245 2942 1344 3003 custo·

149 3041 239 3106 diens
262 3040 430 3105 veritatem
444 3040 476 3104 in
498 3038 648 3117 seculum,
666 3037 785 3102 faciens
798 3034 951 3116 judicium
974 3037 1121 3119 iujuriam
1143 3038 1344 3120 patientibus,

150 3160 251 3223 prope
281 3141 422 3205 existens
450 3140 594 3205 omnibus
628 3139 848 3204 invocantibus
878 3156 948 3202 cum
979 3138 1011 3202 in
1041 3139 1194 3219 veritate,
1225 3140 1349 3205 solvent

151 3239 358 3323 compeditos,
381 3241 578 3307 voluntatem
592 3239 773 3306 timentium
789 3257 824 3304 se
846 3240 966 3305 faciens
981 3245 1015 3305 11
1036 3239 1221 3305 custodiens
1244 3256 1348 3307 omncs

151 3342 320 3422 diligentes
341 3360 377 3406 sc
401 3349 434 3406 et
448 3340 586 3423 perdens
610 3359 719 3406 omnes
735 3340 970 3421 incorrigibiles
985 3348 1182 3424 peccatores,
1208 3347 1242 3407 11
1263 3339 1349 3407 Chri·

149 3450 218 3508 stus
240 3443 336 3507 lesus
359 3459 454 3506 verus
476 3441 554 3506 deus
579 3447 611 3506 11
642 3459 736 3505 verus
758 3442 852 3507 homo
874 3443 907 3505 in
929 3441 1077 3523 augustia
1097 3460 1117 3508 a
1138 3441 1348 3524 pontificibus,

149 3543 262 3608 scribis
291 3550 325 3609 11
356 3543 533 3625 pharisaeis
573 3542 792 3607 sacerdotibus
820 3543 937 3624 iniquis
962 3542 1123 3623 judicibus
1154 3549 1188 3609 11
1220 3543 1352 3610 testibus

149 3643 364 3709 circumdatus
387 3661 445 3725 per
468 3649 600 3708 mortem
625 3643 842 3723 gravissimam
867 3649 900 3708 ct
922 3643 1137 3725 turpissimam
1171 3663 1191 3709 a
1227 3644 1350 3710 damm-

149 3745 237 3810 tione
248 3750 406 3826 perpetua
420 3744 537 3809 electus
560 3752 635 3810 aute
657 3744 764 3811 mundi
781 3745 1041 3811 constitutionem
1063 3745 1116 3810 dei
1137 3744 1222 3811 filius
1245 3746 1350 3812 rolens

150 3845 315 3924 redimere,
341 3846 401 3911 hoc
430 3847 737 3926 praestantissimum
761 3847 938 3928 exemplum
961 3847 1090 3928 reliquit
1111 3845 1145 3911 iu
1167 3847 1348 3912 memoriam

149 3947 214 4011 suis
248 3946 454 4027 sequacibus,
488 3952 523 4009 ut
556 3966 682 4013 causam
715 3966 804 4012 suum
821 3940 1062 4029 omnipotenti,
1096 3947 1299 4014 omniscienti
1318 3952 1347 4012 ot

148 4047 352 4113 omnivolcnti
374 4047 500 4112 domiuo
524 4049 768 4125 committerent,
792 4048 838 4113 ita
858 4048 984 4112 dicens:
1008 4048 1080 4113 vide
1104 4048 1232 4114 domiue
1253 4045 1345 4115 amic

148 4149 284 4228 tionem,
303 4147 451 4229 quoniam
474 4156 601 4213 erectus
624 4158 674 4213 est
696 4148 851 4227 iuimicus,
876 4152 949 4230 qrria
971 4155 1006 4214 tu
1029 4166 1063 4213 es
1086 4147 1216 4230 adjutor
1236 4158 1270 4216 et
1284 4164 1347 4215 aus·

149 4258 260 4331 ceptor
282 4268 386 4325 meus;
410 4256 444 4315 tu
468 4249 594 4315 domine
616 4248 843 4315 deruonstrasti
866 4251 942 4314 mihi
964 4257 997 4315 et
1019 4252 1162 4332 cognovi,
1186 4248 1347 4334 tussosten·

59 4368 62 4373 ·
150 4345 226 4415 (listi
249 4350 324 4415 mihi
348 4350 454 4414 stridia
477 4369 595 4429 corum,
619 4359 651 4416 et
669 4369 729 4430 ego
752 4350 843 4432 qrrusi
864 4370 965 4432 agnus
987 4358 1183 4434 mansuetus,
1206 4357 1260 4436 qui
1279 4369 1346 4436 por·

152 4458 238 4516 tatur
269 4451 310 4516 ad
341 4452 512 4531 victimam,
540 4460 573 4517 ct
595 4472 657 4518 uon
681 4453 813 4541 cognovi
836 4453 911 4532 qrria
937 4472 1034 4534 super
1055 4471 1106 4518 me
1128 4456 1346 4535 cogitaverunt

148 4552 289 4631 consilia,
313 4551 475 4618 dicentes:
500 4553 660 4618 mittamus
682 4554 804 4633 liguum
827 4553 859 4617 in
883 4572 996 4635 panem
1018 4554 1106 4635 eJus,
1129 4562 1163 4621 11
1186 4555 1346 4622 eradamus

149 4669 221 4716 eum
245 4651 286 4717 de
310 4659 397 4719 terra
421 4653 602 4733 viventium,
626 4662 659 4719 ct
674 4672 787 4718 nonnm
813 4654 880 4735 ejus
904 4672 965 4719 nnn
988 4656 1348 4741 memoreturampliue:
