2992 5258
388 404 465 459 anuis
484 407 649 461 1408-1412
664 410 728 461 ante
746 404 863 460 exilium.
898 407 937 458 14.
958 394 997 458 1'5.

663 637 719 712 15.

156 826 374 941 Magistris
405 825 589 911 Martino
622 838 664 910 et
695 825 876 912 Nicolao
905 800 977 909 de
992 826 1166 910 Militia.
1190 828 1228 939 ἢ

101 1044 190 1109 Qum
207 1044 421 1113 praedieatione
437 1046 493 1098 etot
510 1045 685 1099 interdictum
702 1021 752 1105 sit}
778 1042 906 1097 dubitare
923 1060 951 1095 ae
969 1045 1093 1112 exponit,
1119 1051 1210 1095 urrann
1227 1043 1290 1095 hnic

100 1129 245 1182 interdicto
261 1129 373 1198 otuqui
389 1131 500 1191 motu,
523 1130 685 1197 quaeritque
702 1145 734 1181 ee
751 1129 799 1188 eie,
822 1144 888 1180 num
905 1129 936 1180 in
953 1128 1076 1189 enuntio,
1100 1127 1174 1195 picoti
1191 1127 1288 1196 Arten-

271 1215 361 1268 atinus
376 1216 463 1269 simili
480 1215 511 1268 in
527 1231 615 1268 cauea
632 1213 747 1276 dederit,
766 1213 992 1281 acquiescentium
1009 1221 1115 1282 putent.

648 1383 743 1448 (1412.)

197 1566 262 1633 Pax
286 1568 384 1650 vobis,
406 1588 498 1651 quam
521 1568 573 1650 qui
596 1568 729 1651 quaerit,
753 1586 822 1633 cum
845 1585 949 1646 carne,
971 1566 1088 1631 mundo
1111 1572 1143 1632 et
1165 1566 1289 1633 diaholo

100 1686 208 1749 pacem
230 1686 294 1733 non
317 1668 454 1734 habebit.
498 1670 702 1747 Pressuram.
723 1668 826 1750 inquit
847 1666 1008 1746 Salvator,
1037 1668 1070 1732 in
1089 1667 1206 1732 mundo
1236 1668 1290 1733 ha·

99 1767 233 1834 habitis:
255 1769 312 1834 sed
334 1769 360 1834 si
382 1767 456 1835 boni
479 1769 691 1835 aemulatores
713 1768 854 1848 tuleritis,
884 1769 954 1849 qtris
977 1775 1027 1833 est
1049 1768 1101 1849 qui
1123 1768 1212 1833 vobis
1235 1787 1290 1834 no·

100 1868 190 1935 cest?
211 1868 305 1935 Unde
321 1871 601 1952 evangelizationis
623 1870 743 1936 habens
758 1869 1010 1950 aemulationem,
1034 1869 1139 1935 taedio
1158 1868 1288 1941 afficior,

99 1970 171 2051 quia
194 1969 270 2051 quid
291 1988 360 2035 sum
382 1969 532 2050 tacturus,
554 1971 676 2052 ignoro.
968 1970 972 1979 '

197 2071 327 2136 Revolvi
337 2071 367 2135 in
379 2072 483 2137 animo
494 2070 571 2137 illud
585 2071 800 2152 evangelicum
814 2070 985 2143 Salvatoris
995 2072 1125 2136 verbnm
1135 2071 1153 2137 J
1157 2089 1226 2136 narr.
1237 2076 1288 2136 lo:

99 2171 204 2237 Bonus
233 2178 343 2254 pastor
371 2170 426 2236 dat
454 2171 588 2237 animam
617 2190 705 2237 suam
734 2191 792 2254 pro
820 2171 931 2236 nvibus
960 2172 1042 2253 suis,
1075 2172 1290 2238 mercenarius

96 2279 213 2353 autem
236 2278 270 2337 et
291 2272 423 2353 quinon
446 2278 496 2338 est
516 2279 636 2354 pastor,
659 2272 747 2354 cujus
764 2291 826 2338 non
841 2278 917 2337 sunt
931 2290 1007 2338 oves
1022 2273 1180 2356 propriae,
1203 2272 1289 2337 videt

98 2371 205 2454 lupum
229 2373 409 2438 venientem
432 2379 465 2438 et
492 2372 622 2438 dimittit
651 2390 740 2453 oves,
774 2378 807 2437 ct
835 2372 929 2454 sugit,
965 2380 997 2439 et
1026 2373 1119 2456 lupus
1146 2373 1230 2456 rapit
1258 2380 1290 2437 et

97 2472 255 2555 dispergit
278 2490 365 2539 oves.
386 2472 517 2538 Revolvi
540 2473 635 2538 etiam
658 2478 749 2555 parte
771 2472 833 2538 alia
854 2472 933 2538 illud
954 2473 1108 2538 Matthaei
1133 2476 1185 2537 10:
1212 2473 1288 2537 Cum

98 2579 334 2655 persequuntur
356 2591 411 2638 vos
432 2573 465 2639 in
494 2593 556 2639 uua
585 2573 728 2655 civitate,
756 2573 856 2655 sugite
885 2574 916 2638 in
947 2575 1048 2639 aliam.
1092 2574 1176 2639 Ecce
1198 2593 1288 2656 prae-

99 2680 224 2758 ceptum
247 2674 366 2740 Christi
389 2674 635 2757 velpromissi03
657 2674 733 2756 quid
756 2673 917 2739 interduo
934 2675 1081 2757 opposita
1103 2674 1208 2740 iacere
1231 2674 1285 2739 ‹lc-

98 2775 195 2856 heam,
218 2775 341 2856 ignoro.
1206 2820 1218 2851 :

195 2874 328 2940 Revolvi
352 2875 517 2958 epistolam
539 2875 624 2941 beati
640 2875 809 2956 Augustini
825 2875 865 2941 ad
880 2875 1079 2941 Honoratum
1095 2877 1287 2957 episcopum,

98 2981 304 3054 quaerentem
325 2975 359 3039 in
380 2992 455 3039 casu
478 2975 581 3057 simili,
604 2976 657 3058 qui
680 2975 876 3058 respondens
907 2976 966 3041 sibi
989 2974 1126 3041 finaliter
1147 2977 1192 3041 sic
1216 2995 1286 3040 con-

96 3073 209 3140 cludit:
233 3075 427 3156 Quicumque
450 3074 547 3157 igitur
576 3076 638 3142 isto
660 3076 753 3142 modo
775 3076 871 3159 legit,
905 3084 940 3141 ut
967 3076 1119 3141 ecclcsiae
1143 3096 1288 3142 necessa·

96 3175 173 3240 rium
197 3175 408 3241 ministerium
423 3175 478 3241 illo
494 3175 634 3259 fugiente
650 3195 712 3244 non
728 3177 820 3257 desit,
843 3178 918 3243 lacit
933 3176 1016 3258 (pund
1037 3176 1181 3241 dominns
1197 3196 1287 3260 prae·

97 3276 179 3358 cepit
202 3276 254 3340 vel
276 3277 431 3358 promisit.
475 3278 534 3355 Qui
556 3284 661 3344 alitem
685 3279 729 3344 sic
751 3278 841 3359 fugit,
871 3285 907 3342 ut
928 3278 1018 3359 gregi
1041 3275 1159 3342 Christi
1181 3296 1235 3354 ea,
1269 3298 1287 3342 a

95 3376 209 3456 quibus
232 3376 444 3460 spiritualiter
467 3378 553 3457 vivit,
574 3379 725 3446 alimenta
740 3379 977 3460 subtrahantur,
994 3377 1210 3443 mercenarius
1232 3379 1285 3443 illc

96 3481 157 3556 est,
190 3477 246 3558 qui
269 3477 356 3542 videt
377 3478 484 3561 lupum
507 3481 685 3546 venientem
715 3487 747 3546 et
769 3480 865 3561 legit,
898 3481 1046 3562 quoniam
1073 3478 1148 3544 non’
1165 3486 1214 3544 est
1244 3480 1289 3544 illi

97 3594 173 3643 cura
186 3577 228 3643 de
244 3578 367 3644 ovibus.
389 3578 477 3645 llaec
492 3579 560 3659 tini,
583 3582 656 3662 quia
676 3600 725 3646 me
741 3580 937 3662 consuluisti,
960 3581 1059 3646 irater
1074 3579 1287 3655 dilectissime,

97 3695 177 3758 quae
197 3677 364 3744 aestimavi
386 3679 531 3760 veritate,
554 3686 643 3746 recta
664 3681 796 3747 caritate
819 3681 979 3764 rescripsi,
1012 3681 1069 3746 sel
1091 3701 1147 3760 ne,
1180 3681 1287 3745 melin·

97 3795 161 3842 rem
185 3778 214 3843 si
236 3778 412 3861 inveneris,
442 3780 586 3861 sequaris
607 3782 808 3861 seutentiam,
838 3800 901 3847 non
930 3782 1131 3864 praescripsi.
1175 3781 1288 3845 hlclins
1335 3809 1338 3813 ·

98 3884 200 3944 tamen
223 3879 308 3960 quod
337 3879 369 3944 in
391 3879 441 3943 his
470 3880 620 3961 periculis
650 3880 815 3961 faciamus,
850 3881 992 3946 invenire
1021 3899 1082 3946 non
1112 3899 1288 3963 possumus,

97 3996 188 4059 quarn
211 3980 374 4045 orationes
396 3980 436 4045 ad
458 3980 618 4045 dominum
634 3980 726 4046 deum
748 3987 901 4060 nostrum,
924 3986 960 4046 ut
975 3982 1163 4046 miserentur
1178 3981 1288 4049 nostri.

97 4080 147 4160 eui
180 4079 356 4163 idipsum,
390 4087 426 4146 ut
456 4081 578 4146 scilicet
600 4081 751 4146 ccclesias
780 4100 842 4147 non
865 4081 1052 4147 desererent
1073 4080 1124 4143 dci
1148 4079 1289 4144 nonnulli

97 4178 270 4260 pmdentes
294 4185 327 4246 et
350 4179 452 4247 sancti
474 4180 549 4260 viri,
576 4187 610 4247 ct
631 4181 711 4247 velle
734 4186 767 4247 et
788 4181 893 4248 facere
916 4188 1115 4259 meruerunt,
1153 4187 1185 4243 et
1207 4180 1290 4244 inter

99 4368 296 4379 n---——-n

136 4466 298 4529 ⁶)liicoiaue
316 4467 345 4515 de
363 4452 462 4527 milit-tn,
487 4467 655 4517 baccalaureus
680 4469 709 4516 nh
727 4484 787 4518 anno
808 4472 877 4526 1401,
897 4470 1010 4529 magister
1027 4471 1057 4517 nh
1074 4483 1127 4520 ann.
1150 4471 1225 4526 lton,
1248 4468 1290 4539 hqc

177 4560 286 4616 tempore
311 4552 359 4600 fult
382 4553 442 4600 alter
460 4555 608 4615 praedicator
631 4555 711 4602 sacelli
735 4556 882 4603 Bethlehem.
901 4554 973 4600 linesi
998 4554 1096 4615 collega.
1120 4555 1156 4601 Do
1174 4554 1207 4602 hl.
1227 4552 1288 4600 hiar-

178 4640 229 4688 tino
246 4637 317 4687 nobie
328 4645 382 4686 'uon
393 4643 496 4688 comtut.

1127 4737 1142 4785 3
