2992 5258
404 395 461 451 119.
479 391 665 463 Sigismundus
683 392 794 451 fratrem
812 395 907 452 Wenc.
925 394 1091 451 adhortatur.
1280 397 1342 464 685

149 599 240 649 scatnr
256 595 355 653 bonum
371 606 505 653 terrarum
523 603 675 653 nostrarum
692 598 821 667 regnique
839 598 983 654 Bohemiae
1001 606 1093 654 noetm
1111 598 1190 666 culpa
1209 613 1261 652 non
1274 612 1335 652 esse

148 682 308 749 periturum.
341 683 403 737 Jarn
420 697 499 749 vero,
525 680 610 736 irater
627 680 736 737 dilecte!
759 683 829 737 sicut
844 689 925 739 antea
941 683 1032 738 nuncii
1049 683 1134 737 nostri
1153 682 1228 735 vobis
1249 681 1339 735 decla·

149 774 291 835 naverunt,
321 768 429 835 saepius
446 766 575 821 admoniti
593 783 700 834 sumus,
724 782 785 834 ros,
812 768 835 822 si
856 768 1059 823 conveniremus
1082 769 1110 820 et
1135 782 1185 820 nos
1202 764 1279 820 vobis
1298 781 1342 819 res

151 857 259 903 nostras
271 849 451 919 crederemus,
469 851 561 905 aeditis
578 851 676 904 nostris
694 848 864 911 adversariis,
880 849 908 904 in
926 864 1009 918 regno
1027 856 1056 903 et
1072 848 1152 903 terris
1169 850 1269 904 nostris
1283 864 1344 903 esse

152 932 350 1002 dominaturos,
380 934 407 989 id
424 934 496 1003 qnod
514 934 591 988 nobis
614 935 704 989 invitis
727 933 814 989 lieret.
848 933 956 988 Etenim
974 940 1016 988 est
1033 933 1110 988 nobie
1127 933 1155 987 in
1172 934 1275 1002 animo,
1293 932 1345 987 deo

148 1017 278 1086 juvante,
304 1018 367 1073 dum
385 1019 515 1080 vivamus,
541 1019 615 1087 ipsos
643 1033 757 1087 regnare
780 1024 808 1071 et
830 1023 917 1071 terras
941 1023 1046 1072 nostras
1063 1017 1137 1086 ipsos
1155 1016 1342 1073 administrae

152 1100 236 1169 velle3
264 1101 298 1157 de
316 1103 391 1158 vobis
408 1109 498 1158 autem
515 1118 654 1172 speremus
672 1103 731 1157 lore
747 1109 778 1158 ut
795 1117 844 1157 nos
861 1101 900 1156 ita
917 1100 1066 1170 adjuvetis,
1093 1102 1163 1156 sicut
1186 1100 1265 1155 decet
1290 1100 1344 1154 lra-

151 1191 219 1240 trem
237 1192 358 1241 nostrum
387 1187 526 1248 dilectum,
545 1187 587 1240 cui
615 1186 773 1241 confidimus
791 1193 819 1240 et
844 1184 979 1240 confidere
1003 1185 1138 1253 volumus,
1155 1185 1232 1240 vobis
1250 1191 1341 1238 autem

152 1267 270 1323 libenter
287 1269 359 1323 omni
376 1275 497 1337 tempore
515 1268 586 1323 idem
604 1267 707 1322 referre
724 1268 854 1323 volumus.
872 1268 973 1322 Verum
986 1269 1091 1323 consilii
1108 1270 1193 1323 nostri
1212 1269 1346 1337 copiosius

154 1366 201 1405 vos
220 1353 306 1406 nuntii
323 1353 408 1407 nostri
426 1352 522 1408 fideles
539 1352 630 1406 dilecti
653 1352 781 1406 certiores
799 1351 924 1406 lacient.“

254 1435 339 1502 Quam
358 1436 499 1504 epistolam
516 1452 598 1505 quum
616 1435 788 1505 cupidissime
806 1436 1088 1505 perlnsuavissemus,
1109 1436 1286 1492 admiratione
1303 1435 1346 1490 al·

152 1517 217 1573 lecti
228 1535 328 1589 sumus,
346 1519 417 1588 quod
435 1521 551 1575 Dilectio
569 1521 667 1575 Vestra
684 1520 787 1588 maiora
805 1526 833 1574 et
850 1519 1014 1590 difficiliora,
1033 1520 1066 1576 de
1085 1521 1181 1590 quibus
1198 1537 1270 1576 nnnc
1290 1522 1345 1590 agi·

153 1611 208 1670 tnr,
225 1603 335 1659 minoris
352 1604 426 1674 lacit,
445 1620 527 1673 quum
539 1604 613 1659 vobis
630 1604 658 1659 in
670 1605 758 1659 animo
777 1604 820 1671 sit,
838 1605 972 1674 corrigere
985 1605 1168 1661 tantummodo
1185 1605 1346 1660 clericorum

155 1685 365 1742 dissensionem:
383 1702 470 1756 neque
488 1691 559 1743 enim
576 1688 685 1742 levioris
702 1689 830 1743 momenti
848 1694 890 1742 est
907 1687 1038 1743 dissensio
1055 1688 1184 1744 laicorum
1202 1689 1237 1743 sb
1255 1695 1348 1743 sancta

155 1769 285 1839 ecclesia,
315 1771 373 1825 sine
397 1788 511 1839 quorum
529 1771 620 1826 levore
644 1778 672 1826 et
689 1771 790 1827 auxilio
812 1771 903 1827 clerici
929 1788 1099 1842 nequequam
1117 1773 1178 1829 illas
1196 1773 1347 1827 inimicitias

154 1869 283 1909 exercere
300 1863 419 1923 possent,
438 1871 505 1925 quas
523 1861 616 1911 contra
633 1854 782 1911 doctrinam
800 1856 974 1911 christianam
992 1863 1127 1912 exercent.
1145 1857 1212 1911 Item
1231 1856 1348 1911 Dilectio

154 1937 254 1992 Vestra
271 1939 448 2010 nonignorat,
465 1941 607 1996 concilium
625 1940 743 1998 omnium
761 1940 973 1996 Christianorum
991 1940 1163 1996 constantiae
1181 1938 1282 1996 bullam
1301 1955 1349 1994 ex·

155 2022 403 2080 communicationis
420 2032 515 2079 contra
526 2041 573 2080 vos
585 2032 756 2095 vestrumque
768 2041 880 2094 regnum
898 2032 1025 2081 accurata
1036 2026 1207 2095 inquisitione
1225 2026 1349 2080 instituta

157 2105 328 2174 promulgare
346 2107 475 2177 voluisse;
494 2107 564 2178 qnod
577 2109 678 2164 lactum
690 2115 771 2179 esset,
789 2109 841 2164 nisi
853 2125 901 2164 nos
919 2109 1111 2164 restitissemus
1128 2108 1231 2176 labore,
1249 2109 1347 2177 studio,

155 2189 291 2257 precibus,
308 2191 488 2259 orationibus,
512 2208 547 2247 ex
564 2193 660 2248 vestris
677 2192 799 2261 epistolis
817 2199 844 2246 et
861 2193 965 2247 nunciis
981 2192 1210 2255 demonstrantes,
1228 2192 1348 2247 dicentes

156 2277 184 2326 et
201 2271 377 2344 affirmantes,
395 2291 451 2342 vos,
470 2282 500 2330 ut
517 2277 727 2332 existimavimus
744 2284 773 2331 et
789 2277 878 2331 adhuc
890 2277 1086 2345 existimamus,
1104 2276 1152 2331 illa
1169 2291 1199 2331 re
1217 2292 1270 2330 non
1287 2291 1347 2330 esse

155 2355 279 2425 iniectos,
298 2365 326 2413 et
341 2358 419 2428 alios,
438 2360 483 2428 qui
501 2367 593 2415 essent
610 2360 716 2429 inlecti,
735 2360 815 2416 facile
832 2376 882 2429 per
898 2377 945 2415 vos
962 2360 1049 2415 ordini
1072 2361 1279 2415 christianorum
1304 2375 1347 2413 re·

156 2441 232 2495 stitui
249 2458 338 2511 posse.
357 2443 411 2498 Sed
428 2445 455 2498 ni
473 2444 547 2498 brevi
564 2445 685 2500 haeresis
703 2446 857 2513 cessaverit,
875 2445 902 2499 ni
920 2446 1011 2500 stadm
1027 2444 1156 2514 nullaque
1173 2458 1249 2499 mora
1265 2445 1346 2498 inter·

155 2525 245 2592 posita
262 2525 419 2595 effeceritis,
441 2533 471 2581 ut
488 2528 610 2583 haeresis
627 2530 680 2583 ista
696 2530 859 2598 reprimatur
876 2536 904 2584 et
920 2529 1049 2597 tolletur,
1073 2529 1146 2584 haud
1164 2529 1220 2585 scio
1237 2544 1271 2583 an
1289 2527 1348 2582 lieri

156 2606 257 2677 possit',
280 2615 311 2663 ut
328 2610 444 2665 ecclesia
469 2617 497 2665 et
522 2627 615 2668 omnes
641 2612 781 2667 christiani
812 2613 994 2681 suspicentur,
1022 2626 1071 2669 nos
1097 2613 1171 2668 vobis
1199 2613 1283 2680 magis
1309 2611 1348 2666 le-

156 2705 220 2746 vere
238 2696 266 2745 et
282 2691 401 2760 studere,
419 2697 512 2762 utpote
529 2695 727 2763 consanguineo
740 2701 840 2764 nostro,
858 2710 938 2765 quam
956 2697 1080 2765 religioni
1098 2697 1279 2764 christianam
1296 2710 1349 2765 quo

157 2774 217 2830 lieri
235 2784 340 2846 posset,
368 2785 398 2833 nt
415 2794 508 2833 omnes
530 2780 646 2834 honores
669 2779 746 2833 nobis
763 2779 956 2835 adimerentur.
991 2780 1077 2847 Quam
1096 2780 1204 2835 obrem
1222 2795 1271 2834 nos
1289 2778 1348 2846 deo,

157 2858 248 2927 vobis,
279 2860 403 2915 omnibns
420 2862 572 2917 hominibus
595 2878 770 2930 excusamus,
796 2862 868 2932 qnod
890 2861 987 2917 deinde
1006 2879 1059 2917 non
1076 2862 1192 2932 amplius
1209 2879 1258 2932 pro
1276 2863 1351 2916 volvis

157 2940 298 3011 deprecari
316 2957 405 3013 neque
422 2952 512 3001 tentes
529 2961 573 3000 res
591 2954 743 3002 sustentare
755 2948 910 3016 poterimus.
929 2947 997 3001 ltem
1007 2946 1122 3003 Dilectio
1134 2947 1234 3002 Vestra
1250 2946 1284 3001 de
1298 2946 1352 3000 lre·

157 3026 303 3094 quentibns
320 3029 421 3083 nuntiis
431 3022 544 3093 'scubia
562 3047 628 3100 quos
645 3046 727 3100 saepe
745 3031 881 3085 internos
899 3031 1060 3097 miserimus,
1079 3037 1160 3100 atque
1177 3046 1225 3085 vos
1241 3028 1350 3099 quidem

158 3125 208 3165 nos
226 3109 272 3165 diu
291 3120 480 3183 exspectasse,
499 3131 547 3169 nos
565 3121 655 3170 entem
675 3130 708 3169 ea
725 3115 824 3169 morari
841 3115 950 3183 putatis
969 3115 1022 3170 Sed
1040 3115 1131 3185 verba,
1149 3129 1219 3183 quae
1236 3111 1270 3168 de
1288 3129 1350 3168 con·

159 3199 241 3249 ventu
260 3202 351 3251 nostro
368 3197 462 3252 habita
479 3204 557 3267 sunt,
576 3198 610 3253 de
629 3199 704 3253 nulla
722 3199 776 3253 alia
792 3213 823 3253 re
841 3206 932 3267 erant,
950 3199 1001 3253 nisi
1019 3199 1053 3254 de
1071 3214 1120 3266 ea,
1145 3198 1220 3252 utin
1238 3195 1352 3253 confinio

158 3276 307 3335 Bohemiae
325 3282 534 3337 conveniremus.
569 3283 613 3337 Ad
630 3281 702 3351 qnod
714 3281 867 3339 laciendum
885 3298 991 3352 semper
1007 3283 1123 3352 prompti
1141 3282 1282 3351 paratique
1300 3280 1351 3335 lui-

159 3376 228 3430 mus,
247 3369 275 3417 et
291 3362 380 3419 adhuc
389 3367 504 3434 prompti
516 3368 659 3437 paratique
671 3382 772 3436 sumus,
790 3382 877 3436 neque
896 3367 929 3422 de
948 3367 1001 3422 alia
1019 3383 1048 3422 re
1066 3367 1209 3422 convenire
1227 3372 1255 3420 et
1271 3379 1352 3432 agere

158 3445 344 3515 cogitabamus
362 3465 448 3519 neque
467 3452 632 3520 cogitamus,
659 3452 711 3506 nisi
738 3453 853 3521 primum
876 3451 910 3506 de
933 3451 1063 3520 religione
1089 3450 1168 3506 etde
1186 3449 1352 3505 dissensione

158 3525 236 3597 fidei,
263 3546 317 3599 qua
334 3547 447 3601 regnum
468 3541 587 3589 vestrum
610 3535 731 3602 laborat,
757 3550 811 3604 qus
834 3535 862 3588 in
885 3551 915 3590 re
932 3534 1054 3589 omnibus
1072 3533 1169 3602 opibus
1186 3533 1287 3589 nostris
1306 3547 1353 3588 vos

161 3612 293 3682 adjuvare
310 3616 442 3673 volumus.
476 3618 553 3686 Quod
572 3620 594 3673 si
612 3618 662 3673 deo
679 3618 826 3687 adjuvante
843 3618 1050 3687 perfecerimus,
1068 3617 1191 3673 omnibus
1209 3617 1311 3685 opibus,
1330 3616 1353 3670 si

162 3697 238 3752 vobis
255 3700 367 3754 oonsilio
385 3707 413 3756 et
429 3701 531 3756 auxilio
553 3709 645 3756 nostro
668 3701 696 3756 in
719 3700 782 3757 aliis
806 3703 887 3757 rebus
911 3717 978 3770 opus
1000 3701 1064 3770 erit,
1091 3716 1138 3756 vos
1155 3700 1353 3769 adjuvabimus,

163 3788 194 3836 nt
211 3780 324 3838 fratrem
342 3792 463 3840 nostrum
481 3786 617 3840 dilectum.
635 3787 731 3855 Neque
749 3801 812 3840 vero
830 3800 876 3840 vos
894 3785 986 3840 fratris
1003 3785 1062 3840 loco
1079 3785 1180 3840 habere
1197 3784 1352 3853 poterimus,

162 3863 216 3919 nisi
233 3866 261 3920 in
279 3867 374 3924 eadem
391 3869 520 3938 religione
533 3871 743 3939 permanseritis,
761 3871 789 3923 in
806 3886 860 3939 qua
876 3870 1019 3931 clarissimi
1036 3868 1153 3938 majores
1166 3870 1250 3926 nostri
1268 3876 1353 3936 erant,

162 3955 191 4004 et
202 3964 318 4021 errores,
335 3955 381 4023 qui
397 3954 426 4008 in
437 3961 526 4010 vestro
544 3971 627 4024 regno
640 3962 710 4024 sunt,
729 3955 900 4010 sustuleritis.
918 3956 1004 4022 Quam
1022 3954 1132 4021 obrem,
1146 3953 1244 4007 dilecte
1255 3952 1353 4006 lrsterl

162 4033 215 4090 nisi
232 4034 261 4089 id
277 4039 477 4106 praecaveritis,
495 4055 582 4108 neque
599 4040 747 4108 periculum
766 4040 885 4094 luturum
898 4046 926 4093 et
943 4037 1061 4094 dedecus
1077 4039 1154 4107 regni
1171 4037 1253 4092 vestri
1270 4035 1354 4090 vitare

162 4119 318 4191 volueritis,
345 4123 393 4178 sed
411 4125 434 4177 si
451 4123 628 4194 admiseritis,
656 4132 687 4178 ut
704 4131 798 4179 sancta
825 4124 940 4179 ecclesia
965 4124 1095 4179 adversus
1118 4139 1166 4177 vos
1188 4134 1353 4189 regnumque

165 4210 284 4260 vestrum
302 4215 460 4276 consurgat,
489 4216 625 4277 tamquam
648 4208 777 4263 adversus
801 4209 901 4264 amicos
918 4209 1017 4263 erroris
1033 4205 1176 4267 haeretici,
1203 4205 1225 4258 si
1244 4219 1353 4271 regnum

164 4289 326 4344 anctoritate
344 4289 396 4343 erit
413 4288 559 4359 nudatum,
583 4291 604 4344 si
623 4291 753 4358 haeretici
770 4290 916 4359 cnjuslibet
933 4290 1034 4345 ordinis
1051 4289 1198 4344 honoribus
1224 4295 1252 4343 et
1269 4285 1354 4355 digui-

164 4372 268 4427 tatibus
284 4373 396 4441 privati,
423 4387 515 4429 omnes
531 4375 659 4442 clientes,
684 4375 813 4444 subjecti,
828 4376 912 4444 jurati
931 4377 1106 4430 sacramentis
1124 4380 1152 4429 et
1168 4372 1222 4427 fide
1239 4372 1354 4438 liberati,

164 4457 275 4513 euobis
293 4464 321 4512 et
337 4474 420 4526 regno
437 4467 526 4513 vestro
544 4462 661 4528 separati
680 4467 767 4527 erunt,
785 4459 900 4530 deniqne
918 4461 940 4514 si
959 4458 1088 4513 adsersus
1106 4458 1242 4525 vosipsos
1260 4465 1288 4511 et
1299 4471 1355 4522 eos,

165 4542 277 4611 quivos
301 4540 468 4612 adjuverint,
495 4544 534 4597 vis
560 4544 690 4598 secularis
716 4544 833 4598 excitate
851 4551 879 4598 et
901 4543 1002 4598 bellum
1021 4557 1126 4597 sacrum
1143 4540 1271 4595 indictum
1290 4538 1354 4593 erit:

164 4633 222 4682 turn
240 4640 328 4695 neque
345 4626 374 4681 id
397 4627 534 4696 negligere
556 4643 642 4695 neque
673 4634 775 4683 tanum
792 4628 981 4683 contumeliam
999 4633 1027 4682 et
1044 4625 1202 4681 foeditatem
1220 4622 1292 4678 ierne
1308 4637 1355 4691 po«
