2992 5258
428 433 474 489 lv.
492 433 533 487 De
551 432 589 487 M.
606 432 631 486 J.
649 429 708 487 Has
725 429 862 487 audientia
881 428 925 483 die
941 434 960 486 8
975 429 1059 486 Junii.
1275 433 1335 498 291

244 639 286 698 Et
306 639 449 712 probatur
471 639 509 695 96
526 634 721 706 distinctione,
743 634 794 692 ubi
816 635 859 694 sic
880 634 1009 709 loquitur
1021 633 1250 695 Constantinus:
1272 632 1338 694 Tri·

150 741 261 800 buimus
285 740 313 798 ei
338 744 514 811 potestatem
544 742 631 808 atque
659 735 789 808 vigorem
808 742 839 793 et
866 733 1116 795 honorificentiam
1146 735 1338 807 imperialem,

151 841 352 908 decernentes,
374 844 407 896 nt
427 837 621 909 principatum
642 839 742 892 teneat
754 839 812 892 tam
825 851 915 907 super
938 843 1062 908 quatuor
1082 835 1187 894 sedes:
1209 834 1339 894 Alexan·

149 944 278 1010 drinam,
306 938 533 1005 Antiochenam,
566 935 919 1006 Constantinopolitanam
948 952 984 996 sc.
1014 937 1122 995 celsior
1152 942 1181 994 et
1202 937 1341 1008 princeps

149 1042 260 1101 cunctis
282 1037 488 1099 sacerdotibus
511 1036 611 1094 mnndi
633 1036 750 1094 existet
792 1036 889 1106 Ecce,
911 1037 989 1110 qnod
1011 1052 1106 1110 papae
1127 1035 1289 1113 praefectio
1312 1045 1344 1097 et

148 1139 293 1199 institutio
315 1138 486 1198 aCaesaris
509 1135 642 1209 potentia
664 1137 822 1194 emanavit!
845 1135 925 1197 Infra
946 1138 1050 1196 codem
1073 1139 1144 1209 cap⁰
1167 1136 1205 1195 G:
1233 1138 1343 1196 Verum

151 1256 223 1313 ergo
245 1239 443 1308 concluditur,
477 1237 554 1311 quod
577 1236 672 1295 adeo
694 1236 860 1309 immediate,
882 1244 913 1296 et
932 1255 991 1296 non
1007 1239 1043 1297 ab
1063 1238 1179 1296 homine
1201 1254 1261 1296 non
1277 1239 1343 1310 deo,

152 1340 213 1399 sivo
235 1355 254 1397 a
274 1355 349 1412 puro
372 1338 497 1407 homine,
519 1353 597 1409 papa
612 1336 707 1413 ,habet
729 1336 932 1396 excellentiam
954 1338 1120 1412 dignitatis:
1142 1338 1196 1397 sed
1216 1346 1344 1412 oportet,

152 1440 228 1513 qnod
250 1439 333 1498 illam
353 1444 500 1496 mereatur
521 1438 668 1495 humiliter
692 1436 754 1494 sine
775 1453 891 1509 pompa.

250 1536 329 1601 Cum
350 1534 452 1602 lectus
475 1541 563 1600 esset
584 1534 750 1613 articulus
773 1534 815 1598 M.
837 1535 977 1600 loannes
1001 1553 1136 1616 surgens
1158 1537 1256 1603 dixit:

249 1637 300 1702 Ita
314 1655 374 1719 ego
388 1636 468 1715 dico,
491 1634 575 1716 quod
590 1634 694 1715 quoad
712 1642 858 1699 ornatum
873 1636 1086 1701 extrinsecum
1109 1645 1141 1702 et
1161 1638 1245 1704 bona
1266 1646 1346 1706 tem·

149 1740 276 1822 poralia
304 1740 419 1804 collata
448 1737 618 1815 ecclesiae,
651 1744 688 1800 ut
713 1736 756 1800 sit
783 1735 920 1816 dignitas
949 1737 1086 1817 papalis,
1120 1737 1217 1804 habet
1242 1746 1347 1805 ortum

146 1858 172 1904 a
192 1837 331 1904 Caesare
353 1838 571 1917 Constantino,
610 1837 695 1919 quod
722 1843 835 1919 postea
863 1842 896 1901 et
916 1836 970 1901 alii
1002 1836 1211 1918 imperatores
1234 1839 1347 1905 confir-

148 1945 328 2018 maverunt,
356 1947 391 2004 ut
417 1940 557 2005 ostendit
577 1939 740 2005 decretum
768 1941 808 2004 96
823 1939 1041 2005 distinctione:
1064 1940 1120 2006 sed
1137 1947 1290 2022 quantum
1305 1940 1346 2006 ad

152 2039 353 2121 spiritualem
389 2039 695 2105 administrationem
732 2045 766 2104 et
801 2039 938 2104 officium
970 2039 1182 2120 spiritualiter
1216 2036 1348 2121 regendi

158 2140 340 2218 ecclesiam,
374 2145 450 2204 lunc
475 2140 549 2205 talis
576 2140 714 2220 dignitas
742 2139 840 2204 habet
861 2146 967 2203 ortum
988 2139 1160 2204 inmediate
1182 2158 1201 2204 a
1222 2130 1349 2206 dornino

150 2241 233 2305 lesu
256 2239 394 2305 Christo.
438 2239 481 2303 Et
502 2240 671 2305 cardinalis
687 2239 925 2304 Cameracensis
948 2239 1042 2303 dixit:
1065 2240 1183 2305 Tamen
1206 2248 1349 2323 tempore

157 2339 360 2407 Constantini
380 2339 440 2403 luit
462 2340 628 2404 concilium
651 2347 875 2419 congregatum
897 2340 1058 2418 generale,
1080 2345 1114 2403 et
1128 2340 1172 2404 ibi
1187 2339 1351 2407 decretum

161 2440 239 2505 illud
260 2447 395 2522 propter
415 2440 629 2522 praesentiam
652 2447 684 2504 et
706 2439 919 2503 reverentiam
935 2437 1143 2504 Constantino
1165 2440 1349 2520 ascribitur:

155 2558 255 2620 quare
285 2557 362 2620 ergo
392 2558 454 2605 non
482 2541 588 2620 potius
618 2540 724 2604 dicitis
754 2557 855 2620 papae
883 2539 1129 2619 praelectionem
1162 2541 1351 2617 aconcilio,

154 2658 250 2721 quam
271 2659 291 2704 a
312 2645 472 2721 potestate
485 2638 632 2704 Caesaris
655 2656 820 2703 emanasse
830 2641 846 2699 ἱ)
873 2638 916 2702 Et
931 2639 1083 2719 magister
1097 2639 1194 2704 dixit:
1216 2641 1351 2706 Ratione

156 2737 340 2820 dotationis,
364 2745 400 2804 ut
422 2738 495 2820 dixi,
518 2738 708 2820 quemfecit
731 2736 857 2803 Caesar.

257 2893 305 2952 13.
332 2887 468 2969 „illidius
481 2889 549 2950 sinc
562 2889 747 2951 revelatione
767 2896 919 2950 mereret
940 2887 1177 2951 rationabiliter
1197 2889 1236 2950 de
1256 2911 1289 2952 oc
1309 2888 1355 2952 uel

159 2987 284 3068 cirelio,
300 2989 382 3070 quod
396 2997 472 3051 esaei
487 2997 579 3070 caput
589 2990 732 3052 ecclesiae
743 2989 950 3069 particularis
964 2990 1121 3052 sanctcc.“
1140 2987 1237 3071 (Cap⁰
1249 2995 1287 3054 13
1300 2990 1354 3073 G.)

259 3090 312 3155 Sic
333 3095 397 3154 stat
418 3092 451 3155 in
473 3090 563 3165 libro,
586 3096 623 3153 ut
643 3089 840 3153 articulatur.

259 3208 301 3269 Et
322 3210 453 3282 sequitur
473 3208 590 3267 ibidem:
613 3208 749 3279 Quamvis
765 3208 841 3266 bene
857 3206 980 3265 vivendo
1000 3206 1107 3264 debeat
1122 3223 1250 3278 sperare,
1276 3209 1354 3280 quod

168 3309 203 3368 sit
221 3309 381 3369 membrum
404 3317 524 3368 sanctae
546 3308 689 3367 ecclesiae
712 3308 873 3367 catholicae
896 3322 1031 3378 sponsae,
1050 3308 1135 3378 juxta
1156 3306 1228 3365 illnd
1250 3308 1355 3367 Eccle-

159 3410 289 3470 siastici:
328 3407 422 3468 Nemo
455 3407 524 3477 scit,
553 3424 589 3464 an
622 3409 717 3481 gratia
738 3407 785 3466 rel
809 3407 875 3466 odio
900 3407 1004 3479 dignus
1027 3405 1073 3464 sit.
1115 3406 1156 3466 Et
1176 3407 1274 3467 Lucae
1300 3411 1356 3467 17:

168 3509 234 3568 Cum
257 3510 354 3569 omnia
367 3508 512 3578 ieceritiS,
535 3524 608 3580 quae
631 3515 790 3581 praecepta
812 3513 880 3568 sunt
900 3506 993 3576 vobis,
1015 3506 1112 3576 dicite,
1135 3507 1213 3565 servi
1234 3507 1356 3567 inutiles

170 3629 273 3670 sumus.

266 3762 315 3820 14.
341 3757 434 3838 „Nora
450 3762 566 3838 oportet
580 3757 711 3836 credere,
728 3755 809 3837 qood
823 3757 882 3819 iste
904 3756 1082 3835 puteumque
1093 3756 1263 3818 Romanus
1275 3776 1357 3836 poo-

170 3859 245 3940 tisec
271 3859 315 3922 sit
343 3864 437 3939 caput
465 3857 680 3938 cujuscumque
695 3854 907 3936 particularis
929 3854 1080 3933 ecclcsiae,
1107 3856 1171 3918 aiei
1193 3855 1269 3918 deam
1290 3876 1360 3917 eum

166 3958 470 4040 mordeatinooeril.“
495 3955 552 4036 (0⁰
577 3962 623 4021 13.
647 3957 698 4036 G.)

266 4059 337 4125 Stat
358 4058 390 4122 in
411 4058 493 4122 libro
516 4057 548 4121 in
570 4056 682 4123 forma.

265 4179 306 4237 Et
332 4177 487 4249 probatur,
517 4177 584 4249 quia
610 4177 698 4235 aliter
724 4181 875 4248 oporteret
904 4175 991 4236 fidem
1020 4176 1215 4236 Christianam
1243 4175 1309 4235 falli
1330 4179 1362 4234 et

170 4278 362 4337 Christianum
373 4276 460 4336 lateri
471 4278 665 4347 mendacium,
689 4295 753 4335 cum
774 4277 900 4337 ccclesia
923 4278 1047 4349 decepta
1067 4276 1156 4335 suerit
1184 4276 1215 4334 in
1236 4279 1359 4348 agnete.

169 4379 206 4437 Et
225 4386 308 4452 patet
328 4378 384 4436 hoc
407 4395 461 4450 por
482 4378 598 4436 beatum
628 4378 822 4450 Augustinum
843 4378 875 4436 in
907 4377 983 4436 libro
1006 4376 1042 4435 de
1066 4376 1166 4435 decem
1188 4375 1318 4434 chordis.

268 4546 314 4604 15.
339 4541 507 4621 „Potestas
527 4560 629 4622 popae
650 4541 771 4604 vicaria
786 4540 980 4621 frustratur,
1008 4540 1074 4602 nisi
1095 4540 1161 4621 ipsc
1179 4560 1269 4620 popo
1290 4559 1362 4603 con-

162 4644 322 4726 formetur
334 4642 460 4707 Christo
481 4642 529 4707 oet
537 4641 636 4705 Petro
656 4642 693 4706 in
712 4642 854 4706 moratos
874 4648 904 4705 et
925 4644 961 4703 ia
980 4641 1058 4722 crito,
1086 4660 1141 4705 aec
1161 4638 1257 4703 aliter
1270 4659 1293 4702 c
1306 4639 1363 4702 oleo

1167 4756 1214 4811 la*
