2992 5258
218 388 279 452 168
452 374 649 436 Accusationis
666 379 704 433 M.
722 378 747 433 l.
765 378 825 432 Huc
843 377 956 447 ejusque
974 393 1112 448 responsa.
1148 381 1173 434 2.

217 586 265 648 Et
287 585 331 647 eie
370 584 439 646 disci
467 584 502 644 ia
523 603 675 646 ammone:
707 583 750 645 W
765 582 873 664 nodly'i
895 581 977 643 cnoel
995 583 1095 663 byei,
1124 585 1187 664 aby
1208 590 1243 645 ta
1269 584 1324 647 ma
1346 584 1425 646 daie

221 685 301 765 bola,
324 685 399 746 toea
419 685 479 761 ieet
494 685 657 746 mietnowa
677 684 814 745 Jonacoa
845 680 1019 764 Wilcleff.*)
1050 683 1140 747 Unde
1163 691 1192 744 et
1213 684 1307 746 bodie
1320 705 1422 764 opero.

220 786 360 868 picamcia
382 807 444 847 non
466 805 591 858 assero,
622 784 702 865 qnod
727 784 770 846 eit
793 783 1023 855 decalvandis,
1047 786 1119 864 quia
1142 782 1215 845 nolo
1237 804 1423 865 qcoemqimm

218 887 433 959 condemnare,
463 886 500 946 de
522 905 579 966 quo
601 906 666 946 non
688 886 819 947 habeam
847 884 1043 964 aciipturam
1072 883 1120 946 vel
1139 884 1354 947 revelationem
1374 884 1425 947 oel

217 987 394 1051 seminalem
420 987 578 1063 notitiam,
623 986 704 1066 qnod
736 986 778 1047 eit
808 985 987 1046 damnatae.
1027 985 1120 1047 Dicit
1152 985 1235 1047 enim
1257 986 1424 1049 salvalor:

223 1088 331 1152 Nobile
353 1088 560 1150 condemnare
581 1093 609 1147 et
630 1106 693 1147 non
716 1086 1010 1149 condemnabimini.

320 1190 359 1253 It.
377 1188 515 1270 ponitur,
538 1188 623 1268 quod
644 1186 856 1269 praedicando
879 1186 1047 1267 epistolam
1063 1186 1261 1266 beatiPetri,
1288 1189 1423 1267 ¹‚Estote

220 1289 358 1355 subditi“
384 1289 494 1353 habuit
516 1288 732 1352 dicerezlsta
755 1294 805 1352 est
827 1287 1118 1366 excommunicatio,
1142 1287 1194 1353 hia
1222 1289 1421 1355 estveritae!

221 1389 303 1470 Quid
326 1388 630 1456 excommunicatio?
651 1389 721 1452 Non
734 1396 843 1470 potest
858 1388 1020 1469 praelatus
1043 1388 1180 1470 aliquem
1204 1391 1420 1455 excommuni-

221 1510 304 1567 care,
328 1492 388 1556 nisi
411 1490 489 1556 deus
513 1490 602 1572 prius
624 1490 873 1554 excommunicet
896 1509 976 1554 eum.
1321 1572 1327 1579 .

320 1592 446 1654 Diuiet
460 1591 538 1669 dico,
561 1590 643 1671 meod
664 1611 728 1652 non
745 1597 848 1671 pateat
865 1589 1032 1671 praelatos
1055 1590 1188 1672 alimtem
1209 1592 1422 1654 encommuni·

219 1713 290 1755 care
303 1693 392 1774 joele
412 1694 466 1771 eie,
490 1692 571 1773 purat
585 1691 644 1753 illa
666 1693 709 1752 eit
728 1691 816 1772 jocata
831 1692 1123 1763 encommunicatia
1146 1692 1211 1754 nisi
1234 1691 1311 1753 dene
1329 1693 1425 1772 prices

219 1797 465 1855 cacommnnlcet.
506 1791 602 1855 Alios
629 1812 691 1853 noia
721 1792 833 1854 diceret
856 1793 1031 1872 propbeta:
1051 1791 1246 1854 Maledioent
1272 1794 1352 1873 ipei,
1387 1802 1422 1854 ta

218 1902 323 1956 antem
338 1895 492 1956 benedices
500 1914 510 1967 ;
524 1914 578 1954 uec
593 1893 667 1954 deuo
683 1895 809 1954 diceret:
821 1893 998 1955 benedicam
1012 1891 1284 1956 maledictionibus
1298 1896 1422 1956 vecti-ie.

319 1995 356 2059 It.
381 1995 518 2076 ponitur,
542 1995 625 2075 ipiiod
648 1994 728 2057 dixit
752 1995 986 2075 subsequenter
1004 1994 1035 2057 in
1059 1993 1313 2075 praedicatione:
1328 1994 1422 2060 Illum

219 2096 320 2160 virum
352 2096 564 2160 venerabilem
586 2097 740 2160 loannem
765 2093 895 2159 Wiuleff
915 2096 1123 2171 haereticam,
1151 2093 1203 2175 qui
1225 2112 1302 2160 vera
1324 2093 1418 2161 dixitz

217 2197 370 2262 neuomuc
393 2197 492 2262 hlau'u
518 2197 637 2261 zuikle.
655 2197 707 2278 **)

328 2298 539 2361 Venerabilem
562 2319 625 2358 non
647 2299 797 2376 aestimo,
830 2298 912 2377 qum
933 2298 1082 2374 ainaim,
1116 2297 1189 2377 qnia
1215 2297 1250 2357 in
1271 2296 1421 2358 Boemico

221 2418 284 2458 non
307 2401 379 2460 benc
400 2399 646 2479 appropriatur,
673 2398 728 2459 ced
750 2397 820 2459 dini
840 2417 942 2478 saepe,
971 2397 1052 2477 meod
1073 2397 1266 2461 laci-eneam
1298 2394 1425 2479 Wilcbeff

221 2497 314 2560 niulti
329 2518 366 2560 en
381 2499 452 2560 cilio
459 2507 591 2579 propter
605 2499 669 2571 boc,
693 2499 767 2578 qnia
780 2499 941 2560 ceritatem
956 2497 1129 2571 ostendenti,
1153 2496 1305 2576 quomodo
1321 2497 1421 2560 clerae

220 2599 305 2660 debet
319 2601 415 2660 eiicere
436 2601 605 2662 secundnm
620 2601 715 2681 lapan
731 2600 861 2664 Christi.
878 2599 925 2661 Et
948 2600 1017 2660 <ttici
1031 2606 1061 2658 et
1074 2599 1206 2679 aeripei:
1227 2597 1255 2659 O
1286 2595 1420 2680 Wilclcff‚

227 2699 363 2783 Wikleff,
391 2702 577 2785 nejednomu
606 2709 641 2782 tp
662 2699 768 2762 lilawu
788 2701 932 2763 eioilclei'!
951 2720 994 2762 an
1008 2701 1060 2783 jin*
1079 2696 1243 2782 mnobgimi
1263 2698 1371 2777 wibba,
1399 2720 1421 2762 a

219 2800 344 2864 ewloeee
364 2803 497 2865 lcneiimi
520 2801 702 2883 lalompimi.
726 2800 799 2883 ***)

318 2905 357 2969 lt.
380 2904 527 2985 ponitur,
562 2903 646 2984 quod
668 2921 726 2984 per
759 2920 848 2966 suain
878 2901 1147 2983 praedicationem
1177 2902 1314 2968 suscitat
1335 2903 1419 2967 iuter

219 3005 410 3070 Teutonicos
435 3012 468 3070 et
490 3006 646 3068 Bohcmos
669 3004 916 3068 contentionem.

319 3106 415 3186 Nepa
439 3107 502 3167 nisi
525 3107 688 3168 Teutonici
709 3112 738 3166 et
751 3105 885 3166 Bolani
905 3104 1029 3165 inimici
1040 3105 1169 3184 capiunt
1182 3104 1421 3167 occationemaa

220 3205 340 3286 injusto
353 3227 459 3282 cansa,
482 3208 646 3287 tuncsorte
668 3227 774 3266 omnm
795 3213 857 3284 θείς
881 3205 1027 3269 Obiciat-ue
1040 3205 1124 3266 enim
1138 3206 1311 3286 soitpetra
1328 3226 1420 3267 ema·

221 3304 310 3381 dal',
348 3306 431 3385 topia
459 3308 640 3388 offenaionia
660 3329 724 3368 non
746 3306 941 3367 credentibus
949 3326 961 3379 ,·
982 3306 1034 3385 oui
1057 3305 1203 3368 etenim
1223 3305 1303 3384 ecit,
1339 3305 1420 3387 quod

219 3404 292 3484 pbue
314 3404 412 3486 dilipo
434 3410 547 3469 bonum
574 3408 786 3480 Teutonicum,
811 3427 906 3486 quam
927 3406 1048 3468 malum
1063 3407 1250 3480 Batonem,
1272 3407 1371 3469 mam
1392 3407 1420 3469 ei

219 3505 263 3566 eit
277 3506 388 3586 frater
409 3527 494 3567 meua
514 3528 684 3587 peimanne
705 3524 741 3572 tc.

320 3606 357 3670 It.
381 3608 519 3687 ponitur,
550 3609 635 3689 quod
657 3628 714 3690 per
743 3626 832 3673 suam
859 3607 1126 3688 praedicationem
1158 3608 1337 3674 concitaret
1357 3627 1415 3692 po·

221 3706 327 3787 pulum
357 3714 468 3771 contra
496 3709 530 3772 D.
563 3709 845 3791 Arcliicpiseopum
875 3715 971 3789 atque
1001 3708 1119 3772 clerum
1141 3708 1238 3786 adeo,
1272 3709 1419 3790 quotide

220 3824 277 3870 sua
305 3806 542 3887 piratedicatiune
576 3814 734 3872 acuerunt
768 3828 838 3871 cum
876 3825 989 3888 magno
1018 3806 1154 3873 tumultu
1189 3816 1265 3873 ante
1286 3810 1419 3874 ‘citriam

218 3905 520 3987 archiepiscopalem
543 3928 613 3972 cum
636 3908 797 3972 seditiosis
820 3908 936 3985 verbis,
960 3916 993 3973 et
1016 3909 1075 3972 uisi
1098 3907 1283 3990 praedictus
1309 3909 1346 3972 l).
1360 3910 1418 3975 ltr-

218 4006 439 4088 chiepiscopus
470 4007 663 4072 industriose
687 4009 775 4090 ipsos
797 4008 976 4085 amovisset,
1011 4010 1092 4073 lecte
1115 4009 1221 4090 aliqua
1242 4010 1326 4075 mala
1348 4008 1417 4074 lieri

218 4114 433 4189 procurasset.

275 4368 296 4425 *l
317 4369 360 4430 „ln
378 4384 419 4429 spe
438 4371 524 4415 vollem
543 4371 574 4415 ibi
594 4381 654 4415 exuet
674 4373 754 4417 unimu
773 4387 831 4427 meix,
852 4373 891 4418 ubi
910 4380 945 4418 est
964 4373 1073 4431 inagistci
1090 4371 1190 4418 oomnis
1208 4371 1332 4420 witlam*

258 4450 293 4511 *Ἴ
315 4452 425 4511 Alicujua
443 4461 515 4512 caput
536 4451 671 4502 curatiore
689 4453 769 4499 saciet.

245 4533 292 4593 *Ἣ
312 4536 333 4581 O
352 4536 458 4597 willel,
472 4537 577 4585 Wiklelt'.
597 4539 755 4597 complurium
773 4544 800 4584 tu
812 4540 892 4598 capita
903 4535 1039 4587 vacillare
1050 4539 1131 4595 iacies,
1150 4553 1204 4585 cum
1213 4540 1263 4600 jam
1277 4555 1320 4601 per
1331 4542 1417 4588 mutim

309 4620 423 4666 vacilleut
440 4627 464 4666 et
482 4622 589 4681 inprimis
608 4636 650 4682 pec
668 4623 801 4668 sacerdotes
819 4637 912 4674 avaros.
