2992 5258
132 454 135 461 .
151 409 211 475 106
387 406 527 474 Epistolae
544 407 664 476 scriptae
680 407 853 462 Consentiae
870 421 962 463 manae
978 405 1062 463 lunio
1079 408 1145 462 141⁶

149 609 234 691 quod
258 608 401 690 abjurem
429 616 462 675 et
492 608 673 691 praedicem
703 609 899 691 oppositum;
935 607 1091 689 secundo,
1119 627 1160 674 an
1181 608 1276 675 uelim
1296 629 1349 675 me

149 707 295 776 confiteri
317 710 519 792 praedicasse
542 709 614 775 illos
635 708 803 786 articulos,
827 709 881 790 qui
903 726 961 791 per
978 714 1086 774 testes
1106 715 1182 774 sunt
1204 710 1347 795 probati3

151 810 257 891 tertio,
279 811 363 892 quod
384 811 457 877 illos
489 810 641 892 abJurem.
683 809 718 876 si
739 810 818 875 deus
839 809 880 874 de
908 827 966 876 sua
987 811 1091 890 gratia
1112 827 1222 890 regem
1243 810 1343 877 addu-

151 917 240 976 ceret
260 910 301 977 ad
321 910 530 990 audientiam,
560 909 698 975 libenter
720 909 878 991 viderem,
913 910 1111 990 ut-audiret,
1144 926 1225 992 quoe
1247 912 1348 977 rerba

150 1011 311 1092 piissimus
333 1013 473 1077 advntu
494 1015 593 1093 ponet
613 1009 647 1075 in
668 1024 705 1075 os
726 1028 838 1082 meum.
883 1010 917 1077 Si
938 1010 1053 1078 darent
1074 1028 1212 1092 pennam
1234 1018 1269 1079 et
1289 1032 1345 1097 pa-

151 1130 281 1194 pyrum,
310 1112 356 1177 sic
377 1130 472 1194 spero
494 1112 534 1177 de
555 1112 608 1178 dei
630 1112 747 1178 auxilio
773 1111 1005 1193 responderem
1026 1112 1060 1176 in
1082 1111 1220 1194 scripto:
1254 1113 1343 1195 ,ugo

149 1212 291 1279 loannes
312 1212 398 1292 Hus,
419 1213 453 1279 in
474 1231 534 1296 spe
554 1231 666 1280 servus
687 1211 822 1292 Christi,
846 1213 918 1279 nolo
942 1212 1049 1279 dicere
1072 1212 1249 1293 quemlibet
1269 1214 1346 1280 arti-

151 1313 254 1378 culum
277 1319 454 1379 extractum
476 1313 517 1381 de
538 1314 654 1381 libellis
676 1331 748 1380 esse
771 1320 949 1394 erroneum,
972 1332 1013 1381 ue
1034 1319 1217 1379 sanctornm
1236 1311 1345 1379 docto·

150 1431 221 1479 rum
253 1414 460 1494 sententiam,
498 1421 532 1479 et
563 1414 755 1496 praesertim
787 1413 874 1480 beati
906 1413 1092 1496 Augustini,
1130 1412 1345 1481 condemnem.

151 1511 306 1591 Secundo,
329 1513 402 1579 nolo
417 1513 569 1581 articulos
591 1532 650 1596 per
671 1513 769 1581 falsos
791 1520 892 1581 testes
914 1515 991 1580 mibi
1011 1514 1178 1596 impositos
1199 1512 1346 1581 confiteri

150 1632 200 1679 me
221 1612 408 1695 asseruisse,
431 1615 634 1696 praedicasse
656 1622 689 1681 et
711 1616 863 1681 tenuisse.
895 1615 1015 1695 Tertio,
1037 1615 1111 1681 nolo
1124 1615 1284 1697 abjurare,
1306 1633 1347 1682 ne

152 1714 341 1798 perjurem!
1351 1710 1356 1716 ’

249 1816 388 1898 Propter
411 1816 514 1898 deum,
536 1819 672 1884 servetis
686 1818 797 1884 literas
820 1825 923 1897 caute,
947 1826 981 1884 et
1001 1819 1042 1884 ad
1058 1818 1243 1884 Bobemiam
1261 1817 1346 1885 simi·

151 1917 225 1982 liter
257 1922 350 1983 caute
382 1917 555 2000 deportare
585 1918 724 1998 faciatis,
753 1937 795 1984 ne
824 1918 967 2002 pericula
995 1936 1110 2000 magna
1137 1936 1346 2000 personarum

152 2022 337 2098 sequantur.
380 2017 414 2083 Si
436 2018 506 2100 plus
529 2036 591 2084 nou
613 2019 749 2085 scribam
772 2020 908 2086 Vestrae
924 2018 1058 2085 Cariati
1080 2037 1120 2084 ex
1142 2019 1251 2101 aliquo
1273 2035 1348 2086 oon·

152 2117 298 2200 tingenti,
321 2118 469 2199 obsecro,
492 2118 609 2185 habeto
630 2119 692 2185 mei
714 2137 784 2185 cum
807 2120 953 2186 omnibus
975 2120 1084 2186 amicis
1107 2121 1292 2187 memoriam
1312 2127 1347 2185 et

151 2224 252 2299 orate,
275 2223 310 2283 ut
330 2217 387 2284 det
399 2218 475 2283 mihi
498 2236 632 2286 unacum
645 2218 746 2286 statne
759 2238 830 2287 meo
844 2221 878 2286 in
892 2219 1021 2286 Christo
1042 2220 1169 2299 dilecto,
1190 2219 1345 2300 magistro

150 2318 345 2401 Hieronymo
360 2321 661 2402 constantiamquia
675 2320 818 2401 aestimo,
840 2323 924 2402 quod
938 2330 1073 2388 mortem
1088 2322 1184 2388 etiam
1195 2321 1347 2404 patietur,

151 2425 187 2485 ut
208 2419 340 2501 concepi
361 2438 381 2486 a
401 2419 563 2502 deputatis
585 2422 719 2489 concidi.

251 2535 281 2589 Ε
293 2535 355 2589 MS.
375 2535 501 2592 nucea
526 2536 621 2606 1288.
655 2537 739 2592 MSS.
767 2538 862 2593 Vienna.
880 2538 966 2601 4624,
983 2540 1009 2608 s.
1027 2538 1073 2592 83.
1092 2567 1114 2577 —
1141 2536 1227 2599 4667,
1240 2537 1266 2607 s.
1284 2534 1349 2591 153.

151 2617 214 2672 MS.
233 2619 350 2672 urticae.
370 2619 460 2689 Pray.
476 2615 538 2682 XI,
560 2622 595 2675 D.
613 2618 642 2684 9,
654 2621 679 2692 j.
698 2621 768 2676 205.
803 2621 865 2676 MS.
884 2640 946 2692 cap.
965 2622 1057 2691 Pra9.
1076 2621 1129 2674 Nr.
1149 2620 1195 2683 48,
1206 2620 1233 2694 s.
1253 2620 1298 2675 76.

251 2720 329 2775 Balla
347 2722 379 2775 in
395 2722 450 2793 lap.
466 2725 545 2795 piiss.
567 2723 596 2779 F.
615 2722 642 2781 2.
679 2723 749 2792 Opta
767 2723 840 2785 Has,
858 2724 884 2786 I,
903 2721 942 2777 65
960 2734 985 2775 rt
1003 2722 1047 2781 84.

648 2899 803 2910 r-——n-ssw
816 2902 841 2907 -..

720 3075 778 3151 65.

252 3264 414 3351 Amicis
445 3270 530 3352 suis
564 3265 843 3353 Constantios
875 3268 1250 3353 commorantibus.

156 3478 292 3541 Nunciat,
309 3498 338 3532 ac
355 3483 385 3533 in
399 3483 515 3550 practica
535 3484 645 3537 concilii
662 3484 809 3537 aridiratio
828 3484 1006 3536 adversarios
1023 3483 1180 3552 confutasse
1197 3492 1223 3535 ct
1239 3485 1273 3536 dc
1290 3484 1353 3536 risu

155 3565 326 3632 clamoreque
343 3564 477 3617 edomans
493 3583 521 3618 se
539 3567 648 3620 sublato
668 3577 842 3636 conquestum
861 3585 924 3628 eece,
949 3568 989 3622 ad
1006 3577 1155 3621 ereremum
1172 3567 1240 3634 quid
1257 3564 1353 3622 cardi·

229 3648 305 3701 radlia
323 3648 438 3705 concilio
454 3650 620 3718 praesidens
638 3651 883 3722 ‚,insormationia“
902 3652 961 3704 loco
979 3644 1032 3702 sibi
1049 3651 1163 3712 dixerit,
1180 3649 1275 3720 refert.

643 3820 731 3885 (1415,
751 3823 764 3868 7
782 3818 856 3885 lon.)

359 3986 508 4055 ,Epistola
526 4001 607 4054 qnam
625 3986 718 4041 scribit
735 3987 863 4053 magister
870 3986 991 4040 doarrnes
1000 3986 1067 4049 llus,
1086 3984 1228 4040 declarans
1245 3986 1354 4041 modum

420 4072 617 4129 audientiarum
636 4073 707 4127 circa
725 4087 754 4126 se
774 4073 938 4128 tumultuose
956 4069 1184 4125 observatorum.“

255 4241 323 4322 ligo
339 4242 491 4324 magister
510 4242 539 4308 J.
555 4241 635 4322 Hus,
657 4240 692 4305 in
713 4258 771 4323 spe
793 4256 904 4305 servus
919 4239 998 4305 Jesu
1015 4237 1145 4317 Christi,
1168 4236 1354 4305 cordialiter

156 4343 357 4425 desiderans,
387 4361 428 4408 ne
451 4342 570 4408 Christi
598 4342 710 4407 fideles
744 4349 818 4424 post
844 4340 906 4406 mei
937 4341 1058 4405 obitum
1087 4339 1287 4405 occasionem
1315 4358 1354 4406 ex

155 4452 258 4512 morte
283 4462 354 4512 moa
381 4452 533 4528 caperent
562 4442 717 4524 scandali,
747 4460 797 4507 me
821 4442 910 4524 quasi
937 4440 1132 4524 pertinacem
1157 4440 1353 4507 haereticum

151 4545 343 4628 judicantes,
366 4545 527 4612 Christum
548 4546 659 4611 lesum
683 4561 848 4610 assumens
869 4543 904 4608 in
925 4541 1150 4621 testimouium,
1178 4557 1237 4623 pro
1263 4542 1355 4624 cujus

154 4647 226 4737 lege
247 4647 395 4732 optabam
415 4647 512 4728 mori,
541 4646 575 4716 in
596 4643 779 4714 memoriam
807 4643 916 4712 amicis
946 4641 1091 4727 veritatis
1116 4641 1197 4711 baec
1224 4640 1346 4713 scribo:
