2992 5258
157 406 218 468 382
409 397 613 453 Controversiae
631 397 665 451 de
683 397 813 465 religione
831 399 857 452 iu
876 398 1018 454 Bohemia:
1040 401 1113 454 1410.

157 623 280 685 cunque
303 609 415 681 status,
437 600 564 683 gradus
594 599 716 665 ordinis
738 607 772 667 et
793 601 984 666 conditionis
1007 603 1155 680 existant,
1181 603 1235 684 qni
1258 603 1354 668 libros

157 711 190 769 et
212 705 297 768 dicta
319 701 453 785 praefati
475 700 609 767 Joanois
633 699 748 766 Wiclef
767 701 1011 766 haeresiarchae
1034 703 1153 767 habeut
1188 707 1221 768 et
1243 703 1276 767 in
1299 722 1355 768 sua

156 804 302 869 detinent
324 808 494 885 potestate,
517 801 634 883 primo,
660 802 816 882 secundo,
849 801 946 868 tertio
970 808 1003 865 et
1024 803 1238 884 peremtoria,
1273 822 1354 870 com·

156 904 296 969 maniter
318 909 351 968 et
372 902 497 967 divisim
519 902 621 968 adhuc
644 922 682 967 ex
705 901 977 984 superabundanti
1000 890 1224 985 praesentibus
1248 898 1351 985 r'eqni·

155 1005 254 1069 rirnus
276 1011 310 1069 et
332 1021 514 1082 monemuS,
538 1010 571 1068 et
593 1022 651 1086 per
672 1022 728 1068 vos
752 1004 894 1069 dominos
918 1022 1015 1085 supra
1037 1003 1139 1068 dictos
1161 1003 1355 1069 anctoritate

155 1104 331 1188 apostolica
362 1102 488 1185 publice
521 1103 552 1166 in
589 1104 721 1169 ambone
744 1105 865 1187 requiri
887 1111 920 1169 et
942 1104 1063 1169 moneri
1086 1103 1288 1183 mandamus,
1321 1114 1356 1169 ut

155 1224 211 1271 vos
234 1205 386 1285 magister
408 1203 525 1283 Marce,
549 1205 711 1285 Przibico,
735 1205 879 1285 Hrocho,
903 1203 1054 1284 Michael,
1078 1205 1190 1279 Petne,
1212 1205 1354 1270 ioannes

157 1313 189 1370 et
222 1304 312 1371 vobis
344 1303 557 1369 adhaerentes
579 1311 613 1370 et
636 1305 770 1386 quilibet
792 1311 933 1369 vostrum
956 1304 1039 1370 infra
1060 1322 1116 1368 sex
1139 1304 1210 1369 dies
1231 1324 1251 1370 a
1271 1305 1353 1369 noti-

155 1405 302 1471 ficatione
325 1422 383 1469 seu
406 1404 621 1487 publicatione
646 1406 863 1486 praesentium
886 1425 920 1470 se
943 1394 1094 1470 continue
1117 1411 1150 1468 et
1172 1404 1354 1471 immediate
1382 1431 1413 1471 ε

155 1512 336 1588 sequentes,
360 1523 492 1585 quorum
516 1504 638 1570 dierum
661 1504 740 1570 duos
757 1523 815 1587 pro
838 1507 950 1587 primo,
973 1505 1054 1570 duos
1076 1523 1134 1587 pro
1159 1503 1301 1569 secundo
1324 1511 1413 1571 et]

155 1607 294 1689 reliquos
310 1606 390 1671 duos
407 1605 474 1670 dies
497 1605 586 1670 vobis
602 1606 759 1670 universis
772 1612 805 1670 et
820 1606 952 1688 singulis
976 1623 1034 1687 pro
1061 1604 1157 1670 tertio
1180 1610 1214 1668 et
1232 1620 1413 1686 perem—

155 1707 238 1773 torio
266 1707 402 1771 termino
433 1726 469 1770 ac
492 1707 665 1771 rrronitlone
688 1708 839 1772 canonica
865 1706 1068 1789 praefigimus
1091 1713 1124 1772 et
1145 1704 1413 1787 assignanda..

154 1808 263 1889 libroS,
285 1813 442 1871 tractatus
465 1814 498 1872 et
521 1814 692 1887 quaternos
720 1826 815 1890 saepe
839 1808 915 1873 dicti
936 1799 1200 1873 JoaunisWiclef
1212 1804 1413 1871 haeresi—

153 1908 285 1985 archae,
309 1908 394 1972 dicta
416 1907 558 1989 ejusdem
580 1909 613 1972 in
636 1928 670 1973 se
693 1911 910 1985 continentes,
945 1909 974 1972 in
998 1909 1086 1973 curia
1113 1913 1226 1972 nostra
1251 1905 1413 1971 archi—

154 2008 327 2090 episcopali
350 2009 503 2088 Prageusi
525 2008 556 2072 in
573 2027 699 2073 camera
714 2009 932 2074 thesaurariae
959 2009 1128 2092 deponatis
1144 2007 1413 2090 etdeponerae

153 2108 324 2186 studeatis,
352 2107 419 2171 sive
441 2108 591 2173 studeant
618 2127 689 2174 curn
712 2108 836 2189 effectu,
860 2129 918 2192 pro
955 2112 1097 2192 ipsorum
1120 2107 1412 2173 examinatione

154 2227 223 2272 curn
255 2207 375 2272 eisdenr
402 2208 492 2290 juxta
521 2209 669 2275 mandata
697 2210 872 2292 apostolica
894 2209 1045 2275 facienda.
1081 2208 1123 2273 Et
1147 2207 1402 2274 nibilominuS

155 2327 219 2388 vos,
242 2308 296 2389 qni
312 2308 400 2373 scitis
424 2310 472 2372 vel
499 2308 531 2371 in
557 2309 697 2374 futurum
713 2310 881 2389 sciveritis,
909 2311 1027 2375 habere
1044 2318 1076 2374 ct
1097 2309 1245 2374 detinere
1260 2326 1385 2390 prae-

152 2408 255 2473 dictos
277 2408 389 2487 libroS,
421 2414 593 2489 tractatus,
616 2417 790 2491 quaternos
819 2411 951 2476 Joamris
974 2409 1091 2475 Wiclef
1108 2408 1399 2474 haeresiarchae

153 2519 186 2574 et
219 2526 254 2572 se
287 2527 358 2572 curn
393 2509 513 2572 eisdem
544 2511 758 2588 occultantes
791 2511 919 2577 eosdem
943 2510 1034 2575 uobis
1057 2509 1139 2574 infra
1161 2527 1218 2573 sex
1242 2508 1315 2574 dies
1337 2524 1396 2573 a

151 2608 367 2676 notificatione
399 2611 646 2692 praemissorum
683 2612 894 2678 manifestetis
927 2619 961 2678 ct
992 2610 1198 2675 manifestare
1232 2606 1386 2673 curetis

153 2730 222 2775 curn
246 2710 361 2775 effectu
387 2710 447 2774 sub
472 2711 583 2792 poenis
606 2713 689 2776 infra
710 2714 847 2795 scriptis.

252 2811 387 2893 Insuper
402 2812 593 2876 auctoritate
615 2813 790 2894 apostolica
815 2814 1043 2895 suprascripta,
1066 2811 1151 2876 dicta
1172 2810 1372 2876 monitione

152 2913 303 2977 canonica
325 2930 380 2976 sex
403 2912 525 2977 dierum
540 2912 726 2993 praemissa,
749 2913 972 2995 praesentibus
987 2912 1194 2995 prohibemus
1218 2917 1253 2975 et
1270 2909 1370 2975 inhi-

152 3015 271 3094 beruuS,
295 3020 330 3078 ut
351 3013 457 3078 nullos
480 3020 621 3078 vestrum
644 3015 838 3096 peramplius
861 3016 892 3079 in
916 3015 1069 3092 ecclesiis,
1093 3011 1221 3091 scholis,
1243 3028 1362 3076 mona·

152 3113 269 3192 storiis,
304 3113 434 3195 capellis
468 3121 501 3178 et
534 3115 774 3198 quibuscunque
796 3116 867 3181 aliis
900 3116 977 3181 locis
1012 3114 1162 3180 articulos
1185 3127 1354 3183 erroneos,

152 3216 309 3280 haeresim
343 3234 400 3279 seu
433 3214 604 3280 scissuram
627 3215 658 3279 in
680 3214 742 3280 fide
765 3217 923 3282 catholica
944 3217 1123 3298 sapienteS,
1158 3212 1349 3296 praesertin

152 3315 236 3380 circa
268 3322 499 3381 sacramentnm
532 3315 759 3396 eucharistiae,
793 3337 851 3399 per
884 3318 1066 3382 damnatum
1093 3313 1346 3379 haeresiarcham

152 3415 270 3482 dictum
285 3417 440 3482 loannem
466 3415 584 3481 Wicles
597 3423 777 3499 conceptos
801 3425 833 3483 et
855 3419 887 3482 iu
911 3417 980 3499 ojns
1002 3417 1094 3482 libris
1116 3415 1344 3495 dogrnatisatos

152 3523 184 3581 et
199 3517 347 3594 insertos
363 3517 543 3599 dudumque
555 3535 613 3600 per
630 3518 794 3582 ecclesiam
807 3519 1005 3600 reprobatae,
1022 3517 1149 3601 publice
1161 3515 1214 3582 vel
1227 3513 1344 3581 occube

152 3624 273 3697 teneat,
302 3617 432 3697 doceat,
461 3617 611 3683 defendat
632 3637 669 3684 ac
691 3626 814 3698 tenere,
841 3619 957 3685 docere
985 3627 1018 3683 et
1040 3616 1213 3683 defendere
1236 3613 1344 3697 quovis

151 3717 243 3782 ruodo
270 3726 461 3799 praesumat.
495 3718 574 3783 Naro
600 3718 780 3801 praedictos
811 3720 962 3784 articulos
989 3719 1157 3797 docenteS,
1190 3720 1344 3792 tenentes,

151 3819 399 3900 dogmatisautes
432 3826 465 3884 et
498 3818 721 3899 defendentes,
750 3820 895 3886 foventes
924 3841 961 3886 ac
983 3838 1093 3884 eorum
1115 3824 1344 3901 receptatores,

151 3920 335 3985 defensores
363 3926 395 3984 et
428 3919 570 3985 fautores
600 3927 632 3985 et
654 3921 732 4003 ipsis
764 3922 946 4000 credentes,
977 3922 1194 4002 cujuscunque
1220 3917 1347 4001 gradus,

151 4020 271 4086 ordinis
301 4029 334 4086 et
361 4027 462 4087 status
492 4022 647 4101 existant,
676 4029 708 4087 et
730 4041 917 4104 quacunque
940 4022 1160 4105 praefulgeant
1181 4019 1345 4102 dignitate,

151 4122 259 4187 taliter
277 4121 368 4203 juxta
390 4140 553 4187 sacrorum
575 4141 728 4188 canonum
750 4125 931 4189 sanctiones
953 4126 1136 4208 puniemus,
1169 4120 1256 4204 quod
1279 4118 1345 4184 aliis

149 4222 263 4290 nerito
279 4223 394 4288 cedere
409 4223 528 4306 poterit
545 4224 577 4288 iu
593 4225 779 4306 exemplum.
806 4225 856 4290 Ita
870 4225 955 4306 quod
977 4224 1003 4288 si
1019 4224 1116 4307 aliqui
1131 4222 1173 4287 de
1189 4219 1344 4290 tenendis.

150 4323 301 4389 docendis
337 4331 371 4390 et
405 4323 613 4391 defendendis
650 4325 822 4391 antedictis
859 4326 999 4391 articulis
1033 4326 1178 4390 erroneis
1211 4319 1345 4389 convicti

57 4494 59 4500 ,
150 4425 275 4505 fuerint,
299 4426 349 4490 vel
364 4425 477 4508 aliquis
493 4446 532 4492 ex
547 4427 625 4508 ipsis
642 4426 803 4492 convictus
825 4426 938 4506 fuerit,
961 4427 1021 4492 nisi
1044 4424 1176 4492 eosdem
1189 4420 1341 4491 articulos

151 4526 334 4593 solemniter
368 4529 601 4606 revocaverint,
635 4534 791 4610 perpetue
826 4527 1042 4609 abjuraverint
1073 4534 1105 4593 et
1139 4523 1343 4609 abjuraverit,

148 4633 279 4709 praeter
290 4628 367 4694 alias
378 4647 505 4712 poenas,
520 4628 561 4695 ad
576 4628 802 4695 beneficiorum
816 4629 1104 4694 ecclesiasticorum
1120 4628 1337 4711 privationem,
