2992 5258
169 409 231 474 498
416 403 621 459 conmoversiae
638 404 673 460 de
684 405 819 502 ¹religione
837 405 864 460 in
882 406 1027 461 Bohemia:
1045 410 1118 464 1⁴13.

167 607 323 674 dissensio
350 604 436 672 inter
464 606 584 672 clerum
612 610 662 672 est
683 611 819 689 propter
839 607 1114 689 praedicationem
1135 612 1358 695 evangelicam,

167 727 340 792 perquam
361 714 541 789 arguuntur
563 708 727 774 simoniaci
750 715 784 773 et
804 710 977 791 praecipue
999 710 1152 777 baeretici
1173 713 1207 777 in
1230 714 1361 781 ecclesia

168 808 229 889 dei,
260 826 341 889 quae
367 808 400 872 in
430 808 519 874 curia
542 809 683 875 Romana
712 810 846 875 maxime
876 811 992 891 vigent,
1023 817 1057 876 et
1084 811 1269 879 diffundunt
1290 833 1361 882 suos

165 925 272 975 ramos
299 926 358 991 per
386 910 569 974 universum
591 910 711 990 orbem,
734 911 873 991 quinon
895 912 996 976 solum
1018 931 1037 977 a
1059 912 1145 978 clero
1168 917 1359 997 evangelico,

164 1011 222 1076 sed
251 1028 270 1075 a
300 1015 459 1092 potestate
488 1010 624 1075 seculari
654 1017 729 1076 sunt
756 1011 953 1094 exstirpandi
975 1010 1026 1095 (ut
1048 1019 1138 1095 patet
1159 1013 1200 1079 de
1222 1015 1360 1082 Simonis

163 1130 222 1194 per
249 1115 351 1177 totum
376 1117 403 1176 l.
426 1129 455 1192 q.
478 1112 507 1188 l,
537 1109 684 1176 similiter
713 1130 772 1193 per
799 1118 902 1178 totum
924 1131 1025 1193 usque
1049 1113 1083 1178 in
1104 1111 1200 1179 finem
1223 1116 1359 1201 causae),

162 1211 321 1278 manifesti
344 1218 377 1277 et
397 1211 516 1276 notorii
530 1210 667 1275 adulteri
683 1217 716 1275 et
732 1212 958 1292 concubinarii,
980 1230 1117 1294 quorum
1132 1214 1232 1294 etiam
1246 1217 1360 1282 missae

164 1334 228 1382 non
251 1320 326 1378 sunt
352 1311 528 1377 audiendae
552 1311 605 1391 (32
627 1310 656 1375 d.
686 1311 824 1395 Nullus),
855 1319 887 1377 et
917 1314 1013 1378 tertio
1041 1314 1128 1380 avari
1158 1321 1192 1381 et
1222 1317 1359 1399 superbi,

166 1415 354 1482 seculariter
376 1411 575 1477 dominantes
598 1411 694 1475 clero.
736 1411 920 1477 Haecenim
936 1413 999 1479 tria
1014 1414 1099 1493 vitia,
1122 1420 1203 1496 puta
1218 1416 1358 1495 simonia,

165 1517 299 1596 luxuria,
322 1512 464 1591 avaritia,
492 1529 571 1592 quae
594 1510 823 1577 estidolorum
853 1513 1000 1592 servitus,
1023 1519 1100 1578 sunt
1120 1530 1237 1583 causae
1259 1519 1356 1583 totius

164 1615 372 1682 dissensionis
403 1612 488 1676 inter
520 1611 639 1676 clerum
671 1610 704 1675 in
726 1628 825 1692 regno
846 1611 1027 1694 Bobemiae,
1056 1618 1090 1679 et
1121 1632 1186 1680 non
1221 1617 1356 1699 priores,

164 1737 235 1784 cum
260 1716 340 1783 false
366 1714 452 1779 clero
480 1711 663 1792 evangelico
692 1713 910 1792 ascribantur;
945 1712 1058 1795 quibus
1086 1714 1204 1781 ablatis
1232 1736 1296 1799 pax
1328 1725 1358 1783 et

164 1819 239 1884 unio
261 1817 346 1883 inter
368 1814 486 1879 clerum
508 1811 617 1877 statim
639 1821 725 1876 esset
746 1812 926 1880 reformata

263 1917 396 1982 Demum
428 1914 558 1979 ultimus
590 1913 744 1979 articulus
777 1922 828 1980 est
860 1913 953 1980 nimis
985 1933 1129 1997 grossus,
1160 1935 1226 1983 non
1258 1919 1355 1984 solnm

160 2021 242 2102 jure,
265 2017 322 2083 sed
344 2016 438 2081 etiam
456 2015 540 2096 juris
563 2014 669 2079 colore
684 2033 806 2095 carens,
829 2034 899 2081 cum
915 2016 1008 2081 nimis
1024 2012 1193 2099 pueriliter
1207 2026 1353 2100 arguunt,

162 2119 306 2184 dicentes
340 2115 412 2181 ideo
450 2115 653 2198 processibus
676 2121 788 2181 contra
809 2115 853 2179 M.
874 2116 965 2181 Joan.
989 2115 1059 2183 Hus
1081 2136 1154 2184 esse
1177 2119 1350 2201 parendum

162 2224 196 2285 et
228 2216 454 2295 obediendum,
488 2215 563 2296 quia
593 2232 652 2296 per
686 2217 942 2282 communitatem
975 2217 1053 2283 cleri
1075 2219 1249 2301 Pragensis
1282 2224 1352 2284 sunt

162 2321 298 2402 recepti;
321 2318 394 2407 quia
416 2317 462 2381 sic
483 2315 609 2380 diabolo
632 2323 719 2381 esset
740 2336 798 2398 per
820 2335 879 2382 nos
894 2317 1069 2401 parendum
1086 2325 1120 2384 et
1135 2319 1353 2398 obediendum,

162 2422 237 2502 quia
257 2425 408 2502 parentes
430 2416 532 2482 nostri
554 2414 654 2481 Adam
677 2424 710 2481 et
732 2417 799 2483 Eva
813 2418 874 2482 sibi
900 2424 1076 2500 paruerunt
1102 2426 1136 2484 et
1150 2419 1353 2502 obedierunt;

161 2521 308 2586 similiter
329 2519 450 2585 Pilatus
480 2517 590 2582 debuit
612 2516 774 2585 Christum
802 2518 1023 2596 condemnare,
1045 2519 1121 2599 quia
1142 2519 1352 2587 communitas

160 2637 353 2686 summorum
386 2616 569 2700 pontificum
601 2623 636 2682 et
665 2618 742 2683 cleri
774 2636 811 2684 ac
844 2610 953 2700 populi
982 2620 1015 2683 iu
1036 2618 1217 2686 Jerusalem
1251 2621 1352 2704 ipsum

160 2721 399 2798 damnaverunt,
415 2735 484 2783 cum
497 2718 650 2782 similibus
663 2718 958 2784 inconvenientibus
975 2719 1094 2784 alaicis
1106 2719 1308 2800 deridendis;
1322 2726 1352 2784 et

159 2829 269 2904 patres
294 2825 421 2902 patrum
447 2824 628 2883 nostrorum
656 2818 786 2883 luerunt
814 2816 938 2899 pagani,
968 2836 1044 2900 ergo
1067 2830 1127 2884 nos
1158 2821 1258 2886 simus
1279 2821 1351 2887 obe·

160 2921 285 2987 dientes
317 2926 351 2984 et
371 2918 604 3000 paganizemus.
648 2918 690 2982 Et
722 2919 835 2984 falsum
869 2925 1034 3000 asserunt,
1074 2919 1200 3001 quando
1234 2921 1351 2997 dicunt,

159 3023 279 3087 clerum
301 3020 494 3100 Pragensem
522 3036 586 3083 non
614 3036 708 3100 posse
734 3018 889 3099 judicare,
917 3020 945 3084 si
969 3019 1057 3100 justa
1082 3020 1132 3085 vel
1162 3021 1283 3102 injusta
1311 3021 1351 3086 sit

158 3123 200 3187 M.
223 3120 355 3187 loannis
377 3119 446 3182 Hus
470 3119 763 3198 excommunicatio,
786 3120 860 3201 quia
882 3120 1040 3185 hocesset
1054 3121 1212 3187 rationem
1227 3122 1349 3199 tollere,

158 3230 192 3289 et
213 3223 360 3287 doctores
379 3219 462 3299 juris
485 3237 548 3283 non
570 3226 679 3283 essent
700 3220 882 3298 necessarii,
913 3219 966 3301 qui
989 3220 1109 3286 debent
1129 3222 1235 3303 legem
1256 3238 1349 3304 expo·

157 3342 243 3402 nere,
277 3320 407 3399 docere,
442 3320 648 3401 interpretari
676 3327 709 3385 et
741 3322 905 3402 postillare
939 3321 1117 3388 decretales
1150 3339 1264 3405 papae.
1307 3320 1348 3386 Et

155 3422 345 3506 pracsertim
361 3425 411 3483 est
433 3426 544 3483 contra
566 3420 825 3486 constitutionem
848 3421 1004 3487 ecclesiae
1019 3421 1072 3499 (de
1088 3424 1162 3488 Boc.
1178 3421 1348 3504 siquando

157 3523 197 3588 de
218 3512 409 3604 praebendis
438 3538 507 3583 curn
535 3520 724 3603 teneamur),
747 3522 802 3585 ubi
825 3541 906 3604 papa
929 3523 1005 3601 vult,
1029 3523 1113 3603 quod
1134 3524 1250 3589 literae
1272 3540 1348 3588 snae

156 3624 324 3688 videantur
355 3628 388 3685 et
416 3620 609 3701 judicentur,
642 3627 676 3686 et
707 3639 769 3686 non
792 3624 988 3705 accipiantur
1018 3623 1069 3686 vel
1091 3630 1299 3704 exequantur,
1320 3623 1347 3687 si
1405 3670 1417 3681 .

155 3726 307 3807 injustum
329 3721 494 3787 continent
515 3721 565 3785 vel
585 3722 782 3787 mendacium
798 3722 848 3788 vel
868 3732 943 3789 sunt
960 3723 1000 3788 dc
1015 3723 1157 3788 salsitate
1170 3730 1347 3807 suspectae,
1385 3767 1417 3795 .

155 3825 206 3909 (ut
228 3823 267 3887 de
289 3823 419 3887 crimine
440 3822 511 3886 falsi
534 3840 592 3903 per
613 3824 737 3904 totum).
781 3824 946 3889 Eteonon
968 3843 1061 3904 quem
1082 3841 1142 3906 pro
1157 3841 1192 3890 se
1207 3824 1346 3907 allegant
1376 3836 1417 3883 ἑ

155 3926 215 4010 (XI
237 3944 265 4006 q.
288 3925 330 3988 ll.
352 3922 385 3987 Si
417 3922 587 4004 episcopus
621 3925 814 4004 iracundus),
838 3923 1028 3991 contradicit
1060 3924 1117 4004 eis,
1151 3924 1227 3989 dum
1255 3923 1345 4007 jubet
1367 3934 1417 3981 .:

153 4032 189 4091 ut
209 4027 361 4090 innocens
384 4040 448 4087 non
469 4022 696 4088 condemnetur
718 4031 750 4088 et
771 4043 867 4090 causa
888 4026 957 4105 ejus
979 4024 1163 4106 diligentius
1193 4043 1253 4107 per
1278 4025 1342 4109 epi·
1385 4048 1417 4063 -

152 4124 433 4219 scoposaudiatur,
449 4130 666 4204 pertractetur
689 4131 722 4189 et
744 4127 950 4191 examinetur.
995 4125 1058 4191 Sed
1079 4125 1212 4191 dimissa
1228 4125 1276 4191 eis
1289 4138 1417 4190 suaa

152 4228 231 4293 falsa
252 4225 409 4308 opinione,
433 4223 519 4287 istud
541 4232 592 4289 cst
618 4226 736 4290 veritas
758 4226 918 4306 canonica,
941 4225 1026 4307 quod
1047 4243 1219 4307 processus
1235 4232 1414 4292 contra.-

152 4329 193 4393 M.
216 4329 245 4392 J.
268 4328 336 4391 llus
359 4330 434 4388 sunt
451 4326 524 4406 jure
539 4326 617 4389 nulli
634 4343 672 4389 ex
693 4345 741 4405 eo,
757 4329 832 4408 quia
847 4335 959 4392 contra
974 4327 1228 4393 commissionem
1242 4342 1384 4409 papas

151 4434 227 4494 sunt
258 4425 392 4493 extracti
425 4432 459 4489 et
490 4425 636 4490 fabricati
673 4447 710 4493 ac
743 4429 868 4493 executi
901 4436 1013 4493 contra
1044 4427 1354 4494 determinationem

150 4535 279 4596 emotae
307 4525 418 4591 matris
447 4525 602 4592 ecclesiae
625 4528 674 4606 (ut
696 4535 786 4607 patet
807 4528 840 4592 in
862 4547 929 4610 cap.
953 4529 1021 4594 Sac.
1044 4528 1085 4593 de
1106 4528 1271 4595 sententia
1289 4545 1358 4593 ex·-

149 4626 450 4719 oommunicationis,
485 4634 518 4692 et
548 4626 581 4693 in
614 4646 680 4711 cap.
715 4629 859 4711 generali
892 4628 1174 4708 constitutionum,
1207 4634 1243 4695 et
1273 4646 1338 4711 cap
