<?xml version="1.0" encoding="UTF-8"?>
<!DOCTYPE html PUBLIC "-//W3C//DTD XHTML 1.0 Transitional//EN"
    "http://www.w3.org/TR/xhtml1/DTD/xhtml1-transitional.dtd">
<html xmlns="http://www.w3.org/1999/xhtml" xml:lang="en" lang="en">
 <head>
  <title>
</title>
<meta http-equiv="Content-Type" content="text/html;charset=utf-8" />
  <meta name='ocr-system' content='tesseract 3.04.00' />
  <meta name='ocr-capabilities' content='ocr_page ocr_carea ocr_par ocr_line ocrx_word'/>
</head>
<body>
  <div class='ocr_page' id='page_1' title='image "./documentamagjoa00palagoog_0757.png"; bbox 0 0 2992 5258; ppageno 0'>
   <div class='ocr_carea' id='block_1_1' title="bbox 439 377 1339 488">
    <p class='ocr_par' dir='ltr' id='par_1_1' title="bbox 439 377 1339 488">
     <span class='ocr_line' id='line_1_1' title="bbox 439 377 1339 488; baseline -0.004 -12"><span class='ocrx_word' id='word_1_1' title='bbox 439 377 503 476; x_wconf 90' lang='lat' dir='ltr'><strong>Loci</strong></span> <span class='ocrx_word' id='word_1_2' title='bbox 521 421 638 488; x_wconf 75' lang='lat' dir='ltr'>insignes</span> <span class='ocrx_word' id='word_1_3' title='bbox 657 436 690 474; x_wconf 85' lang='lat' dir='ltr'><strong>ex</strong></span> <span class='ocrx_word' id='word_1_4' title='bbox 714 420 861 475; x_wconf 72' lang='lat' dir='ltr'><strong>bohemicis</strong></span> <span class='ocrx_word' id='word_1_5' title='bbox 879 419 945 474; x_wconf 90' lang='lat' dir='ltr'><strong>llusi</strong></span> <span class='ocrx_word' id='word_1_6' title='bbox 965 420 1049 475; x_wconf 90' lang='lat' dir='ltr'><strong>libris.</strong></span> <span class='ocrx_word' id='word_1_7' title='bbox 1279 421 1339 484; x_wconf 73' lang='grc'><strong>729</strong></span> 
     </span>
    </p>
   </div>
   <div class='ocr_carea' id='block_1_2' title="bbox 148 619 1341 1274">
    <p class='ocr_par' dir='ltr' id='par_1_2' title="bbox 148 619 1328 773">
     <span class='ocr_line' id='line_1_2' title="bbox 148 619 1328 691; baseline -0.003 -15"><span class='ocrx_word' id='word_1_8' title='bbox 148 639 229 691; x_wconf 86' lang='lat' dir='ltr'><strong>aegre</strong></span> <span class='ocrx_word' id='word_1_9' title='bbox 248 622 332 688; x_wconf 82' lang='lat' dir='ltr'><strong>ierre3</strong></span> <span class='ocrx_word' id='word_1_10' title='bbox 355 621 420 675; x_wconf 86' lang='lat' dir='ltr'><strong>dicit</strong></span> <span class='ocrx_word' id='word_1_11' title='bbox 444 622 514 675; x_wconf 87' lang='lat' dir='ltr'><strong>enim</strong></span> <span class='ocrx_word' id='word_1_12' title='bbox 537 621 668 674; x_wconf 83' lang='lat' dir='ltr'><strong>salvator:</strong></span> <span class='ocrx_word' id='word_1_13' title='bbox 694 621 797 688; x_wconf 79' lang='lat' dir='ltr'><strong>,Quum</strong></span> <span class='ocrx_word' id='word_1_14' title='bbox 815 629 1012 689; x_wconf 82' lang='lat' dir='ltr'><strong>persequentur</strong></span> <span class='ocrx_word' id='word_1_15' title='bbox 1029 637 1076 673; x_wconf 86' lang='lat' dir='ltr'><strong>vos</strong></span> <span class='ocrx_word' id='word_1_16' title='bbox 1093 621 1120 673; x_wconf 90' lang='lat' dir='ltr'><strong>in</strong></span> <span class='ocrx_word' id='word_1_17' title='bbox 1143 619 1249 674; x_wconf 80' lang='lat' dir='ltr'><strong>civitate</strong></span> <span class='ocrx_word' id='word_1_18' title='bbox 1268 619 1328 683; x_wconf 89' lang='lat' dir='ltr'><strong>ista,</strong></span> 
     </span>
     <span class='ocr_line' id='line_1_3' title="bbox 149 702 1188 773; baseline -0.002 -14"><span class='ocrx_word' id='word_1_19' title='bbox 149 706 234 773; x_wconf 85' lang='lat' dir='ltr'><strong>fugite</strong></span> <span class='ocrx_word' id='word_1_20' title='bbox 252 706 279 758; x_wconf 93' lang='lat' dir='ltr'><strong>in</strong></span> <span class='ocrx_word' id='word_1_21' title='bbox 297 706 393 759; x_wconf 84' lang='lat' dir='ltr'><strong>aliam“</strong></span> <span class='ocrx_word' id='word_1_22' title='bbox 413 711 463 756; x_wconf 90' lang='lat' dir='ltr'><strong>etc.</strong></span> <span class='ocrx_word' id='word_1_23' title='bbox 481 702 628 767; x_wconf 83' lang='lat' dir='ltr'><strong>(Adversus</strong></span> <span class='ocrx_word' id='word_1_24' title='bbox 647 704 812 758; x_wconf 84' lang='lat' dir='ltr'><strong>sacerdotem</strong></span> <span class='ocrx_word' id='word_1_25' title='bbox 831 705 1036 769; x_wconf 77' lang='lat' dir='ltr'><strong>archimagirum</strong></span> <span class='ocrx_word' id='word_1_26' title='bbox 1055 704 1101 762; x_wconf 89' lang='grc'><strong>111,</strong></span> <span class='ocrx_word' id='word_1_27' title='bbox 1119 703 1188 766; x_wconf 79' lang='grc'><strong>241).</strong></span> 
     </span>
    </p>

    <p class='ocr_par' dir='ltr' id='par_1_3' title="bbox 149 782 1341 1274">
     <span class='ocr_line' id='line_1_4' title="bbox 250 782 1341 854; baseline -0.006 -13"><span class='ocrx_word' id='word_1_28' title='bbox 250 788 331 841; x_wconf 79' lang='lat' dir='ltr'><strong>iesus</strong></span> <span class='ocrx_word' id='word_1_29' title='bbox 348 784 463 854; x_wconf 90' lang='lat' dir='ltr'><strong>pedibus</strong></span> <span class='ocrx_word' id='word_1_30' title='bbox 486 784 543 838; x_wconf 92' lang='lat' dir='ltr'><strong>ibat</strong></span> <span class='ocrx_word' id='word_1_31' title='bbox 560 784 758 852; x_wconf 90' lang='lat' dir='ltr'><strong>praedicatum,</strong></span> <span class='ocrx_word' id='word_1_32' title='bbox 783 802 835 839; x_wconf 92' lang='lat' dir='ltr'><strong>nnn</strong></span> <span class='ocrx_word' id='word_1_33' title='bbox 853 803 933 839; x_wconf 84' lang='lat' dir='ltr'><strong>cmru</strong></span> <span class='ocrx_word' id='word_1_34' title='bbox 952 785 1099 839; x_wconf 85' lang='lat' dir='ltr'><strong>vehebatur</strong></span> <span class='ocrx_word' id='word_1_35' title='bbox 1118 782 1248 852; x_wconf 75' lang='lat' dir='ltr'><strong>superbe,</strong></span> <span class='ocrx_word' id='word_1_36' title='bbox 1272 782 1341 836; x_wconf 88' lang='lat' dir='ltr'><strong>sicut</strong></span> 
     </span>
     <span class='ocr_line' id='line_1_5' title="bbox 149 865 1341 939; baseline -0.006 -14"><span class='ocrx_word' id='word_1_37' title='bbox 149 871 194 939; x_wconf 90' lang='lat' dir='ltr'><strong>qui</strong></span> <span class='ocrx_word' id='word_1_38' title='bbox 214 886 284 925; x_wconf 90' lang='lat' dir='ltr'><strong>nnnc</strong></span> <span class='ocrx_word' id='word_1_39' title='bbox 301 877 364 924; x_wconf 88' lang='lat' dir='ltr'><strong>sunt</strong></span> <span class='ocrx_word' id='word_1_40' title='bbox 389 868 543 923; x_wconf 77' lang='lat' dir='ltr'><strong>sacerdotes</strong></span> <span class='ocrx_word' id='word_1_41' title='bbox 565 870 706 922; x_wconf 85' lang='lat' dir='ltr'><strong>vehuntur.</strong></span> <span class='ocrx_word' id='word_1_42' title='bbox 742 869 800 938; x_wconf 82' lang='lat' dir='ltr'><strong>Ego</strong></span> <span class='ocrx_word' id='word_1_43' title='bbox 823 870 1032 938; x_wconf 87' lang='lat' dir='ltr'><strong>qnoque-proh</strong></span> <span class='ocrx_word' id='word_1_44' title='bbox 1050 866 1141 922; x_wconf 89' lang='lat' dir='ltr'><strong>dolori</strong></span> <span class='ocrx_word' id='word_1_45' title='bbox 1160 883 1241 920; x_wconf 90' lang='lat' dir='ltr'><strong>curru</strong></span> <span class='ocrx_word' id='word_1_46' title='bbox 1259 865 1341 919; x_wconf 80' lang='lat' dir='ltr'><strong>vehor</strong></span> 
     </span>
     <span class='ocr_line' id='line_1_6' title="bbox 151 949 1341 1022; baseline -0.007 -14"><span class='ocrx_word' id='word_1_47' title='bbox 151 962 179 1008; x_wconf 92' lang='lat' dir='ltr'><strong>et</strong></span> <span class='ocrx_word' id='word_1_48' title='bbox 201 954 282 1022; x_wconf 92' lang='lat' dir='ltr'><strong>hujus</strong></span> <span class='ocrx_word' id='word_1_49' title='bbox 311 953 440 1007; x_wconf 85' lang='lat' dir='ltr'><strong>mollitiae</strong></span> <span class='ocrx_word' id='word_1_50' title='bbox 461 953 614 1019; x_wconf 87' lang='lat' dir='ltr'><strong>meipsum</strong></span> <span class='ocrx_word' id='word_1_51' title='bbox 638 953 744 1017; x_wconf 90' lang='lat' dir='ltr'><strong>incuso,</strong></span> <span class='ocrx_word' id='word_1_52' title='bbox 770 953 842 1021; x_wconf 90' lang='lat' dir='ltr'><strong>qnod</strong></span> <span class='ocrx_word' id='word_1_53' title='bbox 873 968 927 1006; x_wconf 92' lang='lat' dir='ltr'><strong>non</strong></span> <span class='ocrx_word' id='word_1_54' title='bbox 951 951 1064 1019; x_wconf 89' lang='lat' dir='ltr'><strong>pedibus</strong></span> <span class='ocrx_word' id='word_1_55' title='bbox 1088 966 1120 1006; x_wconf 87' lang='lat' dir='ltr'><strong>eo</strong></span> <span class='ocrx_word' id='word_1_56' title='bbox 1147 949 1341 1018; x_wconf 84' lang='lat' dir='ltr'><strong>praedicatum,</strong></span> 
     </span>
     <span class='ocr_line' id='line_1_7' title="bbox 151 1031 1341 1101; baseline -0.005 -10"><span class='ocrx_word' id='word_1_57' title='bbox 151 1039 222 1092; x_wconf 84' lang='lat' dir='ltr'><strong>sient</strong></span> <span class='ocrx_word' id='word_1_58' title='bbox 239 1052 315 1091; x_wconf 91' lang='lat' dir='ltr'><strong>meus</strong></span> <span class='ocrx_word' id='word_1_59' title='bbox 332 1035 467 1090; x_wconf 83' lang='lat' dir='ltr'><strong>redemtor</strong></span> <span class='ocrx_word' id='word_1_60' title='bbox 485 1037 524 1089; x_wconf 90' lang='lat' dir='ltr'><strong>ire</strong></span> <span class='ocrx_word' id='word_1_61' title='bbox 542 1036 636 1089; x_wconf 89' lang='lat' dir='ltr'><strong>solitus</strong></span> <span class='ocrx_word' id='word_1_62' title='bbox 656 1044 730 1098; x_wconf 79' lang='lat' dir='ltr'><strong>erat3</strong></span> <span class='ocrx_word' id='word_1_63' title='bbox 748 1052 780 1090; x_wconf 89' lang='lat' dir='ltr'><strong>ac</strong></span> <span class='ocrx_word' id='word_1_64' title='bbox 798 1037 897 1101; x_wconf 88' lang='lat' dir='ltr'><strong>nescio,</strong></span> <span class='ocrx_word' id='word_1_65' title='bbox 917 1052 979 1088; x_wconf 88' lang='lat' dir='ltr'><strong>num</strong></span> <span class='ocrx_word' id='word_1_66' title='bbox 997 1036 1065 1089; x_wconf 89' lang='lat' dir='ltr'><strong>haec</strong></span> <span class='ocrx_word' id='word_1_67' title='bbox 1083 1034 1175 1089; x_wconf 87' lang='lat' dir='ltr'><strong>lutura</strong></span> <span class='ocrx_word' id='word_1_68' title='bbox 1192 1032 1227 1084; x_wconf 93' lang='lat' dir='ltr'><strong>sit</strong></span> <span class='ocrx_word' id='word_1_69' title='bbox 1244 1031 1341 1086; x_wconf 89' lang='lat' dir='ltr'><strong>idonea</strong></span> 
     </span>
     <span class='ocr_line' id='line_1_8' title="bbox 155 1117 1340 1190; baseline -0.004 -16"><span class='ocrx_word' id='word_1_70' title='bbox 155 1127 302 1187; x_wconf 83' lang='lat' dir='ltr'><strong>excusatio,</strong></span> <span class='ocrx_word' id='word_1_71' title='bbox 320 1120 391 1188; x_wconf 92' lang='lat' dir='ltr'><strong>qnod</strong></span> <span class='ocrx_word' id='word_1_72' title='bbox 408 1120 523 1189; x_wconf 85' lang='lat' dir='ltr'><strong>pedihus</strong></span> <span class='ocrx_word' id='word_1_73' title='bbox 540 1120 567 1173; x_wconf 92' lang='lat' dir='ltr'><strong>in</strong></span> <span class='ocrx_word' id='word_1_74' title='bbox 586 1120 645 1173; x_wconf 91' lang='lat' dir='ltr'><strong>loca</strong></span> <span class='ocrx_word' id='word_1_75' title='bbox 663 1128 717 1174; x_wconf 87' lang='lat' dir='ltr'><strong>tam</strong></span> <span class='ocrx_word' id='word_1_76' title='bbox 735 1128 839 1174; x_wconf 88' lang='lat' dir='ltr'><strong>remota</strong></span> <span class='ocrx_word' id='word_1_77' title='bbox 856 1127 964 1190; x_wconf 76' lang='lat' dir='ltr'><strong>lantque</strong></span> <span class='ocrx_word' id='word_1_78' title='bbox 983 1120 1108 1173; x_wconf 84' lang='lat' dir='ltr'><strong>celeriter</strong></span> <span class='ocrx_word' id='word_1_79' title='bbox 1129 1117 1268 1187; x_wconf 78' lang='lat' dir='ltr'><strong>pervenire</strong></span> <span class='ocrx_word' id='word_1_80' title='bbox 1287 1131 1340 1171; x_wconf 89' lang='lat' dir='ltr'><strong>non</strong></span> 
     </span>
     <span class='ocr_line' id='line_1_9' title="bbox 151 1204 703 1274; baseline -0.002 -15"><span class='ocrx_word' id='word_1_81' title='bbox 151 1207 260 1274; x_wconf 89' lang='lat' dir='ltr'><strong>possim.</strong></span> <span class='ocrx_word' id='word_1_82' title='bbox 296 1204 475 1272; x_wconf 87' lang='lat' dir='ltr'><strong>(Postillarum</strong></span> <span class='ocrx_word' id='word_1_83' title='bbox 495 1205 563 1257; x_wconf 85' lang='lat' dir='ltr'><strong>liber</strong></span> <span class='ocrx_word' id='word_1_84' title='bbox 583 1204 615 1272; x_wconf 91' lang='lat' dir='ltr'><strong>ll,</strong></span> <span class='ocrx_word' id='word_1_85' title='bbox 635 1207 703 1270; x_wconf 74' lang='lat'>340.)</span> 
     </span>
    </p>
   </div>
   <div class='ocr_carea' id='block_1_3' title="bbox 725 1412 769 1473">
    <p class='ocr_par' dir='ltr' id='par_1_4' title="bbox 725 1412 769 1473">
     <span class='ocr_line' id='line_1_10' title="bbox 725 1412 769 1473; baseline -0.023 0"><span class='ocrx_word' id='word_1_86' title='bbox 725 1412 769 1473; x_wconf 79' lang='lat'><strong>19.</strong></span> 
     </span>
    </p>
   </div>
   <div class='ocr_carea' id='block_1_4' title="bbox 150 1588 1343 2414">
    <p class='ocr_par' dir='ltr' id='par_1_5' title="bbox 150 1588 1343 2414">
     <span class='ocr_line' id='line_1_11' title="bbox 251 1588 1341 1658; baseline -0.004 -13"><span class='ocrx_word' id='word_1_87' title='bbox 251 1591 435 1646; x_wconf 86' lang='lat' dir='ltr'><strong>Sacerdotes.</strong></span> <span class='ocrx_word' id='word_1_88' title='bbox 455 1631 461 1642; x_wconf 90' lang='lat'><strong>.</strong></span> <span class='ocrx_word' id='word_1_89' title='bbox 481 1629 486 1641; x_wconf 89' lang='lat'>.</span> <span class='ocrx_word' id='word_1_90' title='bbox 505 1607 554 1643; x_wconf 89' lang='lat' dir='ltr'><strong>sno</strong></span> <span class='ocrx_word' id='word_1_91' title='bbox 577 1605 686 1643; x_wconf 90' lang='lat' dir='ltr'><strong>munere</strong></span> <span class='ocrx_word' id='word_1_92' title='bbox 704 1591 837 1658; x_wconf 78' lang='lat' dir='ltr'><strong>spirituali</strong></span> <span class='ocrx_word' id='word_1_93' title='bbox 856 1607 908 1644; x_wconf 91' lang='lat' dir='ltr'><strong>non</strong></span> <span class='ocrx_word' id='word_1_94' title='bbox 932 1591 1094 1658; x_wconf 83' lang='lat' dir='ltr'><strong>iunguntur,</strong></span> <span class='ocrx_word' id='word_1_95' title='bbox 1114 1588 1162 1642; x_wconf 88' lang='lat' dir='ltr'><strong>sed</strong></span> <span class='ocrx_word' id='word_1_96' title='bbox 1187 1588 1341 1641; x_wconf 85' lang='lat' dir='ltr'><strong>omittentes</strong></span> 
     </span>
     <span class='ocr_line' id='line_1_12' title="bbox 152 1670 1341 1744; baseline -0.005 -14"><span class='ocrx_word' id='word_1_97' title='bbox 152 1675 393 1744; x_wconf 85' lang='lat' dir='ltr'><strong>praedicationem,</strong></span> <span class='ocrx_word' id='word_1_98' title='bbox 417 1689 523 1742; x_wconf 89' lang='lat' dir='ltr'><strong>preces,</strong></span> <span class='ocrx_word' id='word_1_99' title='bbox 546 1675 645 1728; x_wconf 86' lang='lat' dir='ltr'><strong>missae</strong></span> <span class='ocrx_word' id='word_1_100' title='bbox 668 1674 926 1729; x_wconf 88' lang='lat' dir='ltr'><strong>administrationem</strong></span> <span class='ocrx_word' id='word_1_101' title='bbox 949 1675 1057 1743; x_wconf 88' lang='lat' dir='ltr'><strong>aliaque</strong></span> <span class='ocrx_word' id='word_1_102' title='bbox 1078 1688 1161 1742; x_wconf 86' lang='lat' dir='ltr'><strong>opera</strong></span> <span class='ocrx_word' id='word_1_103' title='bbox 1179 1670 1341 1740; x_wconf 88' lang='lat' dir='ltr'><strong>spiritualia,</strong></span> 
     </span>
     <span class='ocr_line' id='line_1_13' title="bbox 152 1756 1343 1827; baseline -0.005 -12"><span class='ocrx_word' id='word_1_104' title='bbox 152 1766 283 1827; x_wconf 87' lang='lat' dir='ltr'><strong>usurpant</strong></span> <span class='ocrx_word' id='word_1_105' title='bbox 300 1760 427 1814; x_wconf 89' lang='lat' dir='ltr'><strong>laicorum</strong></span> <span class='ocrx_word' id='word_1_106' title='bbox 445 1772 565 1824; x_wconf 83' lang='lat' dir='ltr'><strong>munera,</strong></span> <span class='ocrx_word' id='word_1_107' title='bbox 583 1758 621 1812; x_wconf 89' lang='lat' dir='ltr'><strong>ita</strong></span> <span class='ocrx_word' id='word_1_108' title='bbox 639 1765 669 1812; x_wconf 92' lang='lat' dir='ltr'><strong>ut</strong></span> <span class='ocrx_word' id='word_1_109' title='bbox 683 1759 741 1826; x_wconf 90' lang='lat' dir='ltr'><strong>jam</strong></span> <span class='ocrx_word' id='word_1_110' title='bbox 758 1758 816 1814; x_wconf 84' lang='lat' dir='ltr'><strong>lere</strong></span> <span class='ocrx_word' id='word_1_111' title='bbox 834 1775 927 1814; x_wconf 85' lang='lat' dir='ltr'><strong>omncs</strong></span> <span class='ocrx_word' id='word_1_112' title='bbox 944 1759 1117 1827; x_wconf 80' lang='lat' dir='ltr'><strong>magistratus</strong></span> <span class='ocrx_word' id='word_1_113' title='bbox 1136 1756 1343 1826; x_wconf 64' lang='lat' dir='ltr'><strong>amplectentem,</strong></span> 
     </span>
     <span class='ocr_line' id='line_1_14' title="bbox 151 1838 1339 1912; baseline -0.005 -14"><span class='ocrx_word' id='word_1_114' title='bbox 151 1843 293 1912; x_wconf 87' lang='lat' dir='ltr'><strong>inquibus</strong></span> <span class='ocrx_word' id='word_1_115' title='bbox 316 1843 385 1898; x_wconf 89' lang='lat' dir='ltr'><strong>lucri</strong></span> <span class='ocrx_word' id='word_1_116' title='bbox 407 1841 509 1910; x_wconf 90' lang='lat' dir='ltr'><strong>aliquid</strong></span> <span class='ocrx_word' id='word_1_117' title='bbox 527 1843 616 1896; x_wconf 89' lang='lat' dir='ltr'><strong>inesse</strong></span> <span class='ocrx_word' id='word_1_118' title='bbox 638 1842 792 1897; x_wconf 88' lang='lat' dir='ltr'><strong>odorantur.</strong></span> <span class='ocrx_word' id='word_1_119' title='bbox 829 1843 899 1898; x_wconf 84' lang='lat' dir='ltr'><strong>Ecce</strong></span> <span class='ocrx_word' id='word_1_120' title='bbox 924 1844 995 1896; x_wconf 72' lang='lat' dir='ltr'><strong>sennim</strong></span> <span class='ocrx_word' id='word_1_121' title='bbox 1019 1843 1179 1910; x_wconf 77' lang='lat' dir='ltr'><strong>burgravius</strong></span> <span class='ocrx_word' id='word_1_122' title='bbox 1203 1838 1339 1905; x_wconf 85' lang='lat' dir='ltr'><strong>sacerdos,</strong></span> 
     </span>
     <span class='ocr_line' id='line_1_15' title="bbox 152 1924 1341 1995; baseline -0.003 -14"><span class='ocrx_word' id='word_1_123' title='bbox 152 1927 278 1982; x_wconf 82' lang='lat' dir='ltr'><strong>sacerdos</strong></span> <span class='ocrx_word' id='word_1_124' title='bbox 296 1928 341 1995; x_wconf 91' lang='lat' dir='ltr'><strong>qui</strong></span> <span class='ocrx_word' id='word_1_125' title='bbox 359 1942 376 1980; x_wconf 88' lang='lat' dir='ltr'><strong>a</strong></span> <span class='ocrx_word' id='word_1_126' title='bbox 393 1925 492 1980; x_wconf 86' lang='lat' dir='ltr'><strong>tabulis</strong></span> <span class='ocrx_word' id='word_1_127' title='bbox 510 1926 624 1994; x_wconf 88' lang='lat' dir='ltr'><strong>publicis</strong></span> <span class='ocrx_word' id='word_1_128' title='bbox 642 1935 692 1994; x_wconf 88' lang='lat' dir='ltr'><strong>est,</strong></span> <span class='ocrx_word' id='word_1_129' title='bbox 711 1926 837 1981; x_wconf 87' lang='lat' dir='ltr'><strong>sacerdos</strong></span> <span class='ocrx_word' id='word_1_130' title='bbox 852 1927 953 1995; x_wconf 78' lang='lat' dir='ltr'><strong>judex,</strong></span> <span class='ocrx_word' id='word_1_131' title='bbox 972 1927 1098 1982; x_wconf 86' lang='lat' dir='ltr'><strong>sacerdos</strong></span> <span class='ocrx_word' id='word_1_132' title='bbox 1117 1924 1234 1991; x_wconf 85' lang='lat' dir='ltr'><strong>villicus,</strong></span> <span class='ocrx_word' id='word_1_133' title='bbox 1253 1939 1341 1978; x_wconf 85' lang='lat' dir='ltr'><strong>sacer·</strong></span> 
     </span>
     <span class='ocr_line' id='line_1_16' title="bbox 150 2008 1341 2081; baseline -0.004 -17"><span class='ocrx_word' id='word_1_134' title='bbox 150 2010 199 2064; x_wconf 89' lang='lat' dir='ltr'><strong>dos</strong></span> <span class='ocrx_word' id='word_1_135' title='bbox 217 2011 425 2079; x_wconf 89' lang='lat' dir='ltr'><strong>archimagirus,</strong></span> <span class='ocrx_word' id='word_1_136' title='bbox 444 2009 570 2064; x_wconf 86' lang='lat' dir='ltr'><strong>sacerdos</strong></span> <span class='ocrx_word' id='word_1_137' title='bbox 588 2010 688 2077; x_wconf 88' lang='lat' dir='ltr'><strong>scriba,</strong></span> <span class='ocrx_word' id='word_1_138' title='bbox 707 2027 740 2064; x_wconf 92' lang='lat' dir='ltr'><strong>ac</strong></span> <span class='ocrx_word' id='word_1_139' title='bbox 757 2013 780 2065; x_wconf 91' lang='lat' dir='ltr'><strong>si</strong></span> <span class='ocrx_word' id='word_1_140' title='bbox 801 2012 963 2081; x_wconf 86' lang='lat' dir='ltr'><strong>apparitoris</strong></span> <span class='ocrx_word' id='word_1_141' title='bbox 980 2012 1157 2066; x_wconf 86' lang='lat' dir='ltr'><strong>ministerium</strong></span> <span class='ocrx_word' id='word_1_142' title='bbox 1175 2008 1341 2063; x_wconf 81' lang='lat' dir='ltr'><strong>fructuosum</strong></span> 
     </span>
     <span class='ocr_line' id='line_1_17' title="bbox 150 2093 1340 2163; baseline -0.005 -14"><span class='ocrx_word' id='word_1_143' title='bbox 150 2101 224 2149; x_wconf 87' lang='lat' dir='ltr'><strong>esset</strong></span> <span class='ocrx_word' id='word_1_144' title='bbox 246 2110 332 2163; x_wconf 90' lang='lat' dir='ltr'><strong>neque</strong></span> <span class='ocrx_word' id='word_1_145' title='bbox 358 2104 411 2148; x_wconf 87' lang='lat' dir='ltr'><strong>tam</strong></span> <span class='ocrx_word' id='word_1_146' title='bbox 434 2094 569 2161; x_wconf 89' lang='lat' dir='ltr'><strong>abjectum</strong></span> <span class='ocrx_word' id='word_1_147' title='bbox 594 2101 622 2146; x_wconf 84' lang='lat' dir='ltr'><strong>ei</strong></span> <span class='ocrx_word' id='word_1_148' title='bbox 643 2093 822 2162; x_wconf 85' lang='lat' dir='ltr'><strong>laboriosum,</strong></span> <span class='ocrx_word' id='word_1_149' title='bbox 845 2095 971 2148; x_wconf 83' lang='lat' dir='ltr'><strong>sacerdos</strong></span> <span class='ocrx_word' id='word_1_150' title='bbox 995 2102 1068 2147; x_wconf 88' lang='lat' dir='ltr'><strong>esset</strong></span> <span class='ocrx_word' id='word_1_151' title='bbox 1091 2095 1172 2148; x_wconf 88' lang='lat' dir='ltr'><strong>etiam</strong></span> <span class='ocrx_word' id='word_1_152' title='bbox 1195 2093 1340 2161; x_wconf 87' lang='lat' dir='ltr'><strong>apparitor.</strong></span> 
     </span>
     <span class='ocr_line' id='line_1_18' title="bbox 152 2176 1342 2247; baseline -0.003 -15"><span class='ocrx_word' id='word_1_153' title='bbox 152 2179 222 2246; x_wconf 78' lang='lat' dir='ltr'><strong>Quin</strong></span> <span class='ocrx_word' id='word_1_154' title='bbox 235 2180 316 2233; x_wconf 84' lang='lat' dir='ltr'><strong>etiam</strong></span> <span class='ocrx_word' id='word_1_155' title='bbox 329 2179 396 2246; x_wconf 90' lang='lat' dir='ltr'><strong>proh</strong></span> <span class='ocrx_word' id='word_1_156' title='bbox 410 2178 499 2232; x_wconf 87' lang='lat' dir='ltr'><strong>dolori</strong></span> <span class='ocrx_word' id='word_1_157' title='bbox 518 2192 589 2245; x_wconf 85' lang='lat' dir='ltr'><strong>papa</strong></span> <span class='ocrx_word' id='word_1_158' title='bbox 606 2178 642 2232; x_wconf 91' lang='lat' dir='ltr'><strong>ab</strong></span> <span class='ocrx_word' id='word_1_159' title='bbox 660 2178 801 2247; x_wconf 89' lang='lat' dir='ltr'><strong>impudicis</strong></span> <span class='ocrx_word' id='word_1_160' title='bbox 814 2178 980 2245; x_wconf 87' lang='lat' dir='ltr'><strong>mulieribus,</strong></span> <span class='ocrx_word' id='word_1_161' title='bbox 998 2193 1069 2246; x_wconf 86' lang='lat' dir='ltr'><strong>quae</strong></span> <span class='ocrx_word' id='word_1_162' title='bbox 1080 2185 1144 2232; x_wconf 88' lang='lat' dir='ltr'><strong>sunt</strong></span> <span class='ocrx_word' id='word_1_163' title='bbox 1161 2177 1188 2231; x_wconf 90' lang='lat' dir='ltr'><strong>in</strong></span> <span class='ocrx_word' id='word_1_164' title='bbox 1206 2176 1266 2245; x_wconf 87' lang='lat' dir='ltr'><strong>ejus</strong></span> <span class='ocrx_word' id='word_1_165' title='bbox 1276 2176 1342 2230; x_wconf 87' lang='lat' dir='ltr'><strong>urbe</strong></span> 
     </span>
     <span class='ocr_line' id='line_1_19' title="bbox 152 2259 1342 2331; baseline -0.005 -15"><span class='ocrx_word' id='word_1_166' title='bbox 152 2262 316 2330; x_wconf 88' lang='lat' dir='ltr'><strong>permultae,</strong></span> <span class='ocrx_word' id='word_1_167' title='bbox 339 2263 366 2314; x_wconf 91' lang='lat' dir='ltr'><strong>in</strong></span> <span class='ocrx_word' id='word_1_168' title='bbox 385 2262 505 2329; x_wconf 92' lang='lat' dir='ltr'><strong>singulos</strong></span> <span class='ocrx_word' id='word_1_169' title='bbox 522 2278 627 2316; x_wconf 87' lang='lat' dir='ltr'><strong>meuses</strong></span> <span class='ocrx_word' id='word_1_170' title='bbox 645 2277 755 2316; x_wconf 88' lang='lat' dir='ltr'><strong>aureum</strong></span> <span class='ocrx_word' id='word_1_171' title='bbox 775 2263 809 2316; x_wconf 88' lang='lat' dir='ltr'><strong>ah</strong></span> <span class='ocrx_word' id='word_1_172' title='bbox 826 2278 984 2330; x_wconf 85' lang='lat' dir='ltr'><strong>unaquaque</strong></span> <span class='ocrx_word' id='word_1_173' title='bbox 1010 2262 1107 2331; x_wconf 86' lang='lat' dir='ltr'><strong>accipit</strong></span> <span class='ocrx_word' id='word_1_174' title='bbox 1125 2269 1176 2314; x_wconf 89' lang='lat' dir='ltr'><strong>eto.</strong></span> <span class='ocrx_word' id='word_1_175' title='bbox 1194 2259 1342 2323; x_wconf 73' lang='lat' dir='ltr'><strong>(Adversus</strong></span> 
     </span>
     <span class='ocr_line' id='line_1_20' title="bbox 151 2344 688 2414; baseline 0.004 -15"><span class='ocrx_word' id='word_1_176' title='bbox 151 2344 319 2400; x_wconf 83' lang='lat' dir='ltr'><strong>sacerdotem</strong></span> <span class='ocrx_word' id='word_1_177' title='bbox 332 2347 538 2414; x_wconf 84' lang='lat' dir='ltr'><strong>archimagirum</strong></span> <span class='ocrx_word' id='word_1_178' title='bbox 555 2348 603 2413; x_wconf 88' lang='lat'><strong>111,</strong></span> <span class='ocrx_word' id='word_1_179' title='bbox 621 2347 688 2412; x_wconf 76' lang='lat'><strong>246).</strong></span> 
     </span>
    </p>
   </div>
   <div class='ocr_carea' id='block_1_5' title="bbox 723 2554 771 2615">
    <p class='ocr_par' dir='ltr' id='par_1_6' title="bbox 723 2554 771 2615">
     <span class='ocr_line' id='line_1_21' title="bbox 723 2554 771 2615; baseline -0.021 0"><span class='ocrx_word' id='word_1_180' title='bbox 723 2554 771 2615; x_wconf 84' lang='lat'><strong>20.</strong></span> 
     </span>
    </p>
   </div>
   <div class='ocr_carea' id='block_1_6' title="bbox 121 2727 1344 3720">
    <p class='ocr_par' dir='ltr' id='par_1_7' title="bbox 121 2727 1344 3720">
     <span class='ocr_line' id='line_1_22' title="bbox 254 2727 1343 2800; baseline -0.001 -16"><span class='ocrx_word' id='word_1_181' title='bbox 254 2730 350 2785; x_wconf 83' lang='lat' dir='ltr'><strong>Audiri</strong></span> <span class='ocrx_word' id='word_1_182' title='bbox 369 2747 385 2784; x_wconf 87' lang='lat' dir='ltr'><strong>a</strong></span> <span class='ocrx_word' id='word_1_183' title='bbox 401 2730 476 2784; x_wconf 84' lang='lat' dir='ltr'><strong>fideli</strong></span> <span class='ocrx_word' id='word_1_184' title='bbox 498 2731 555 2784; x_wconf 79' lang='lat' dir='ltr'><strong>siro</strong></span> <span class='ocrx_word' id='word_1_185' title='bbox 579 2732 665 2785; x_wconf 92' lang='lat' dir='ltr'><strong>bonae</strong></span> <span class='ocrx_word' id='word_1_186' title='bbox 687 2732 832 2786; x_wconf 84' lang='lat' dir='ltr'><strong>memoriae</strong></span> <span class='ocrx_word' id='word_1_187' title='bbox 850 2732 976 2800; x_wconf 88' lang='lat' dir='ltr'><strong>Nicolao,</strong></span> <span class='ocrx_word' id='word_1_188' title='bbox 1002 2733 1045 2800; x_wconf 90' lang='lat' dir='ltr'><strong>qni</strong></span> <span class='ocrx_word' id='word_1_189' title='bbox 1070 2731 1216 2786; x_wconf 82' lang='lat' dir='ltr'><strong>vocabatur</strong></span> <span class='ocrx_word' id='word_1_190' title='bbox 1232 2727 1343 2795; x_wconf 81' lang='lat' dir='ltr'><strong>Faulfil,</strong></span> 
     </span>
     <span class='ocr_line' id='line_1_23' title="bbox 153 2813 1343 2884; baseline -0.002 -16"><span class='ocrx_word' id='word_1_191' title='bbox 153 2831 193 2882; x_wconf 86' lang='lat' dir='ltr'><strong>se,</strong></span> <span class='ocrx_word' id='word_1_192' title='bbox 214 2832 296 2883; x_wconf 88' lang='lat' dir='ltr'><strong>quum</strong></span> <span class='ocrx_word' id='word_1_193' title='bbox 319 2816 345 2869; x_wconf 88' lang='lat' dir='ltr'><strong>in</strong></span> <span class='ocrx_word' id='word_1_194' title='bbox 370 2814 468 2881; x_wconf 80' lang='lat' dir='ltr'><strong>Anglia</strong></span> <span class='ocrx_word' id='word_1_195' title='bbox 497 2823 665 2882; x_wconf 84' lang='lat' dir='ltr'><strong>versaretur,</strong></span> <span class='ocrx_word' id='word_1_196' title='bbox 689 2831 818 2883; x_wconf 82' lang='lat' dir='ltr'><strong>cognosse</strong></span> <span class='ocrx_word' id='word_1_197' title='bbox 841 2832 953 2884; x_wconf 89' lang='lat' dir='ltr'><strong>coquum</strong></span> <span class='ocrx_word' id='word_1_198' title='bbox 982 2815 1140 2883; x_wconf 86' lang='lat' dir='ltr'><strong>quemdam,</strong></span> <span class='ocrx_word' id='word_1_199' title='bbox 1168 2813 1241 2883; x_wconf 89' lang='lat' dir='ltr'><strong>apud</strong></span> <span class='ocrx_word' id='word_1_200' title='bbox 1264 2828 1343 2881; x_wconf 92' lang='lat' dir='ltr'><strong>quem</strong></span> 
     </span>
     <span class='ocr_line' id='line_1_24' title="bbox 154 2899 1344 2968; baseline -0.003 -15"><span class='ocrx_word' id='word_1_201' title='bbox 154 2900 242 2954; x_wconf 87' lang='lat' dir='ltr'><strong>cibum</strong></span> <span class='ocrx_word' id='word_1_202' title='bbox 255 2905 376 2966; x_wconf 76' lang='lat' dir='ltr'><strong>caperett</strong></span> <span class='ocrx_word' id='word_1_203' title='bbox 394 2914 473 2967; x_wconf 92' lang='lat' dir='ltr'><strong>quem</strong></span> <span class='ocrx_word' id='word_1_204' title='bbox 491 2915 572 2967; x_wconf 89' lang='lat' dir='ltr'><strong>quum</strong></span> <span class='ocrx_word' id='word_1_205' title='bbox 591 2901 733 2968; x_wconf 88' lang='lat' dir='ltr'><strong>episcopus</strong></span> <span class='ocrx_word' id='word_1_206' title='bbox 750 2901 956 2966; x_wconf 86' lang='lat' dir='ltr'><strong>interrogasset,</strong></span> <span class='ocrx_word' id='word_1_207' title='bbox 975 2915 1022 2953; x_wconf 91' lang='lat' dir='ltr'><strong>cur</strong></span> <span class='ocrx_word' id='word_1_208' title='bbox 1039 2899 1132 2953; x_wconf 83' lang='lat' dir='ltr'><strong>literas</strong></span> <span class='ocrx_word' id='word_1_209' title='bbox 1150 2913 1242 2953; x_wconf 88' lang='lat' dir='ltr'><strong>sacras</strong></span> <span class='ocrx_word' id='word_1_210' title='bbox 1251 2903 1344 2952; x_wconf 88' lang='lat' dir='ltr'><strong>contra</strong></span> 
     </span>
     <span class='ocr_line' id='line_1_25' title="bbox 153 2982 1343 3051; baseline -0.001 -15"><span class='ocrx_word' id='word_1_211' title='bbox 153 2983 309 3038; x_wconf 88' lang='lat' dir='ltr'><strong>mandatum</strong></span> <span class='ocrx_word' id='word_1_212' title='bbox 335 2982 427 3050; x_wconf 91' lang='lat' dir='ltr'><strong>lingua</strong></span> <span class='ocrx_word' id='word_1_213' title='bbox 451 2983 556 3051; x_wconf 86' lang='lat' dir='ltr'><strong>anglica</strong></span> <span class='ocrx_word' id='word_1_214' title='bbox 574 2983 690 3049; x_wconf 82' lang='lat' dir='ltr'><strong>legeret,</strong></span> <span class='ocrx_word' id='word_1_215' title='bbox 718 2982 848 3051; x_wconf 54' lang='lat' dir='ltr'><strong>defenditx</strong></span> <span class='ocrx_word' id='word_1_216' title='bbox 863 2999 892 3036; x_wconf 88' lang='lat' dir='ltr'><strong>se</strong></span> <span class='ocrx_word' id='word_1_217' title='bbox 916 2991 1074 3050; x_wconf 85' lang='lat' dir='ltr'><strong>argumento</strong></span> <span class='ocrx_word' id='word_1_218' title='bbox 1098 2999 1131 3037; x_wconf 81' lang='lat' dir='ltr'><strong>ex</strong></span> <span class='ocrx_word' id='word_1_219' title='bbox 1155 2982 1241 3036; x_wconf 86' lang='lat' dir='ltr'><strong>lit-eris</strong></span> <span class='ocrx_word' id='word_1_220' title='bbox 1260 2982 1343 3036; x_wconf 88' lang='lat' dir='ltr'><strong>sacris</strong></span> 
     </span>
     <span class='ocr_line' id='line_1_26' title="bbox 153 3066 1344 3136; baseline -0.003 -14"><span class='ocrx_word' id='word_1_221' title='bbox 153 3071 260 3123; x_wconf 90' lang='lat' dir='ltr'><strong>hausto.</strong></span> <span class='ocrx_word' id='word_1_222' title='bbox 279 3068 328 3122; x_wconf 85' lang='lat' dir='ltr'><strong>Cui</strong></span> <span class='ocrx_word' id='word_1_223' title='bbox 341 3069 495 3136; x_wconf 89' lang='lat' dir='ltr'><strong>episcopus:</strong></span> <span class='ocrx_word' id='word_1_224' title='bbox 519 3068 596 3136; x_wconf 86' lang='lat' dir='ltr'><strong>,Scin</strong></span> <span class='ocrx_word' id='word_1_225' title='bbox 610 3074 647 3133; x_wconf 90' lang='lat' dir='ltr'><strong>tu,</strong></span> <span class='ocrx_word' id='word_1_226' title='bbox 666 3068 772 3135; x_wconf 90' lang='lat' dir='ltr'><strong>quicum</strong></span> <span class='ocrx_word' id='word_1_227' title='bbox 785 3067 937 3136; x_wconf 84' lang='lat' dir='ltr'><strong>loquaris?“</strong></span> <span class='ocrx_word' id='word_1_228' title='bbox 956 3067 1006 3121; x_wconf 92' lang='lat' dir='ltr'><strong>llle</strong></span> <span class='ocrx_word' id='word_1_229' title='bbox 1017 3083 1079 3122; x_wconf 82' lang='lat' dir='ltr'><strong>nero</strong></span> <span class='ocrx_word' id='word_1_230' title='bbox 1090 3067 1242 3136; x_wconf 86' lang='lat' dir='ltr'><strong>respondit:</strong></span> <span class='ocrx_word' id='word_1_231' title='bbox 1261 3066 1344 3135; x_wconf 88' lang='lat' dir='ltr'><strong>,Cum</strong></span> 
     </span>
     <span class='ocr_line' id='line_1_27' title="bbox 153 3149 1342 3220; baseline -0.003 -14"><span class='ocrx_word' id='word_1_232' title='bbox 153 3153 279 3220; x_wconf 86' lang='lat' dir='ltr'><strong>episcopo</strong></span> <span class='ocrx_word' id='word_1_233' title='bbox 296 3151 429 3206; x_wconf 85' lang='lat' dir='ltr'><strong>homine.“</strong></span> <span class='ocrx_word' id='word_1_234' title='bbox 448 3152 515 3205; x_wconf 91' lang='lat' dir='ltr'><strong>Tum</strong></span> <span class='ocrx_word' id='word_1_235' title='bbox 534 3153 689 3220; x_wconf 89' lang='lat' dir='ltr'><strong>episcopus:</strong></span> <span class='ocrx_word' id='word_1_236' title='bbox 708 3152 765 3219; x_wconf 87' lang='lat' dir='ltr'><strong>,Tu</strong></span> <span class='ocrx_word' id='word_1_237' title='bbox 782 3168 854 3218; x_wconf 85' lang='lat' dir='ltr'><strong>vero,</strong></span> <span class='ocrx_word' id='word_1_238' title='bbox 874 3152 978 3205; x_wconf 88' lang='lat' dir='ltr'><strong>miselle</strong></span> <span class='ocrx_word' id='word_1_239' title='bbox 996 3152 1078 3219; x_wconf 87' lang='lat' dir='ltr'><strong>laice,</strong></span> <span class='ocrx_word' id='word_1_240' title='bbox 1106 3166 1210 3206; x_wconf 90' lang='lat' dir='ltr'><strong>mecum</strong></span> <span class='ocrx_word' id='word_1_241' title='bbox 1227 3149 1342 3217; x_wconf 87' lang='lat' dir='ltr'><strong>colloqui</strong></span> 
     </span>
     <span class='ocr_line' id='line_1_28' title="bbox 152 3234 1342 3304; baseline -0.003 -15"><span class='ocrx_word' id='word_1_242' title='bbox 152 3234 237 3290; x_wconf 90' lang='lat' dir='ltr'><strong>andes</strong></span> <span class='ocrx_word' id='word_1_243' title='bbox 254 3235 340 3289; x_wconf 88' lang='lat' dir='ltr'><strong>literis</strong></span> <span class='ocrx_word' id='word_1_244' title='bbox 358 3235 442 3289; x_wconf 90' lang='lat' dir='ltr'><strong>sacris</strong></span> <span class='ocrx_word' id='word_1_245' title='bbox 460 3235 580 3289; x_wconf 81' lang='lat' dir='ltr'><strong>nitens?“</strong></span> <span class='ocrx_word' id='word_1_246' title='bbox 615 3234 666 3287; x_wconf 84' lang='lat' dir='ltr'><strong>Ille</strong></span> <span class='ocrx_word' id='word_1_247' title='bbox 684 3235 836 3304; x_wconf 88' lang='lat' dir='ltr'><strong>respoudit:</strong></span> <span class='ocrx_word' id='word_1_248' title='bbox 872 3234 1020 3303; x_wconf 79' lang='lat' dir='ltr'><strong>,Equidem</strong></span> <span class='ocrx_word' id='word_1_249' title='bbox 1047 3235 1103 3289; x_wconf 89' lang='lat' dir='ltr'><strong>scio</strong></span> <span class='ocrx_word' id='word_1_250' title='bbox 1120 3242 1148 3288; x_wconf 88' lang='lat' dir='ltr'><strong>te</strong></span> <span class='ocrx_word' id='word_1_251' title='bbox 1166 3234 1272 3287; x_wconf 85' lang='lat' dir='ltr'><strong>Christo</strong></span> <span class='ocrx_word' id='word_1_252' title='bbox 1290 3249 1342 3287; x_wconf 91' lang='lat' dir='ltr'><strong>non</strong></span> 
     </span>
     <span class='ocr_line' id='line_1_29' title="bbox 152 3317 1340 3387; baseline -0.002 -15"><span class='ocrx_word' id='word_1_253' title='bbox 152 3333 213 3373; x_wconf 88' lang='lat' dir='ltr'><strong>esse</strong></span> <span class='ocrx_word' id='word_1_254' title='bbox 230 3317 374 3386; x_wconf 83' lang='lat' dir='ltr'><strong>majorem,</strong></span> <span class='ocrx_word' id='word_1_255' title='bbox 394 3333 540 3386; x_wconf 86' lang='lat' dir='ltr'><strong>speroque,</strong></span> <span class='ocrx_word' id='word_1_256' title='bbox 567 3336 609 3372; x_wconf 89' lang='lat' dir='ltr'><strong>ms</strong></span> <span class='ocrx_word' id='word_1_257' title='bbox 628 3335 679 3373; x_wconf 92' lang='lat' dir='ltr'><strong>non</strong></span> <span class='ocrx_word' id='word_1_258' title='bbox 699 3334 760 3373; x_wconf 87' lang='lat' dir='ltr'><strong>esse</strong></span> <span class='ocrx_word' id='word_1_259' title='bbox 777 3320 897 3387; x_wconf 85' lang='lat' dir='ltr'><strong>pejorem</strong></span> <span class='ocrx_word' id='word_1_260' title='bbox 916 3318 1038 3379; x_wconf 85' lang='lat' dir='ltr'><strong>diabolo;</strong></span> <span class='ocrx_word' id='word_1_261' title='bbox 1053 3318 1110 3386; x_wconf 88' lang='lat' dir='ltr'><strong>jam</strong></span> <span class='ocrx_word' id='word_1_262' title='bbox 1128 3333 1191 3371; x_wconf 88' lang='lat' dir='ltr'><strong>vero</strong></span> <span class='ocrx_word' id='word_1_263' title='bbox 1210 3318 1273 3386; x_wconf 88' lang='lat' dir='ltr'><strong>quia</strong></span> <span class='ocrx_word' id='word_1_264' title='bbox 1286 3317 1340 3370; x_wconf 89' lang='lat' dir='ltr'><strong>cle·</strong></span> 
     </span>
     <span class='ocr_line' id='line_1_30' title="bbox 152 3399 1337 3469; baseline -0.002 -15"><span class='ocrx_word' id='word_1_265' title='bbox 152 3401 334 3456; x_wconf 81' lang='lat' dir='ltr'><strong>mantissimas</strong></span> <span class='ocrx_word' id='word_1_266' title='bbox 346 3402 468 3456; x_wconf 88' lang='lat' dir='ltr'><strong>dominus</strong></span> <span class='ocrx_word' id='word_1_267' title='bbox 482 3402 604 3455; x_wconf 85' lang='lat' dir='ltr'><strong>Christus</strong></span> <span class='ocrx_word' id='word_1_268' title='bbox 614 3402 720 3469; x_wconf 86' lang='lat' dir='ltr'><strong>placide</strong></span> <span class='ocrx_word' id='word_1_269' title='bbox 734 3403 828 3456; x_wconf 89' lang='lat' dir='ltr'><strong>literas</strong></span> <span class='ocrx_word' id='word_1_270' title='bbox 846 3417 937 3456; x_wconf 87' lang='lat' dir='ltr'><strong>sacras</strong></span> <span class='ocrx_word' id='word_1_271' title='bbox 956 3417 972 3454; x_wconf 87' lang='lat' dir='ltr'><strong>a</strong></span> <span class='ocrx_word' id='word_1_272' title='bbox 990 3401 1097 3456; x_wconf 87' lang='lat' dir='ltr'><strong>diabolo</strong></span> <span class='ocrx_word' id='word_1_273' title='bbox 1115 3401 1228 3466; x_wconf 83' lang='lat' dir='ltr'><strong>audivit,</strong></span> <span class='ocrx_word' id='word_1_274' title='bbox 1245 3399 1337 3469; x_wconf 90' lang='lat' dir='ltr'><strong>quidni</strong></span> 
     </span>
     <span class='ocr_line' id='line_1_31' title="bbox 121 3484 1342 3554; baseline -0.001 -16"><span class='ocrx_word' id='word_1_275' title='bbox 121 3484 125 3493; x_wconf 91' lang='lat'>&#39;</span> <span class='ocrx_word' id='word_1_276' title='bbox 151 3485 234 3554; x_wconf 88' lang='lat' dir='ltr'><strong>igitur</strong></span> <span class='ocrx_word' id='word_1_277' title='bbox 251 3492 281 3539; x_wconf 93' lang='lat' dir='ltr'><strong>tu</strong></span> <span class='ocrx_word' id='word_1_278' title='bbox 299 3485 412 3553; x_wconf 86' lang='lat' dir='ltr'><strong>audias,</strong></span> <span class='ocrx_word' id='word_1_279' title='bbox 438 3486 482 3553; x_wconf 91' lang='lat' dir='ltr'><strong>qni</strong></span> <span class='ocrx_word' id='word_1_280' title='bbox 507 3487 593 3540; x_wconf 90' lang='lat' dir='ltr'><strong>minor</strong></span> <span class='ocrx_word' id='word_1_281' title='bbox 611 3487 648 3540; x_wconf 92' lang='lat' dir='ltr'><strong>sis</strong></span> <span class='ocrx_word' id='word_1_282' title='bbox 671 3486 790 3551; x_wconf 82' lang='lat' dir='ltr'><strong>Christo,</strong></span> <span class='ocrx_word' id='word_1_283' title='bbox 814 3501 890 3540; x_wconf 89' lang='lat' dir='ltr'><strong>ame</strong></span> <span class='ocrx_word' id='word_1_284' title='bbox 908 3485 1048 3540; x_wconf 83' lang='lat' dir='ltr'><strong>homine?“</strong></span> <span class='ocrx_word' id='word_1_285' title='bbox 1085 3485 1234 3554; x_wconf 82' lang='lat' dir='ltr'><strong>Episcopus</strong></span> <span class='ocrx_word' id='word_1_286' title='bbox 1253 3490 1342 3538; x_wconf 88' lang='lat' dir='ltr'><strong>autem</strong></span> 
     </span>
     <span class='ocr_line' id='line_1_32' title="bbox 151 3568 1340 3639; baseline 0.001 -18"><span class='ocrx_word' id='word_1_287' title='bbox 151 3569 238 3622; x_wconf 89' lang='lat' dir='ltr'><strong>iratus</strong></span> <span class='ocrx_word' id='word_1_288' title='bbox 256 3568 372 3637; x_wconf 90' lang='lat' dir='ltr'><strong>colloqui</strong></span> <span class='ocrx_word' id='word_1_289' title='bbox 390 3585 449 3623; x_wconf 93' lang='lat' dir='ltr'><strong>cnm</strong></span> <span class='ocrx_word' id='word_1_290' title='bbox 463 3585 495 3622; x_wconf 87' lang='lat' dir='ltr'><strong>eo</strong></span> <span class='ocrx_word' id='word_1_291' title='bbox 513 3569 637 3635; x_wconf 81' lang='lat' dir='ltr'><strong>nolebat3</strong></span> <span class='ocrx_word' id='word_1_292' title='bbox 656 3571 746 3639; x_wconf 79' lang='lat' dir='ltr'><strong>itaqua</strong></span> <span class='ocrx_word' id='word_1_293' title='bbox 764 3585 865 3637; x_wconf 89' lang='lat' dir='ltr'><strong>coquus</strong></span> <span class='ocrx_word' id='word_1_294' title='bbox 884 3568 969 3623; x_wconf 88' lang='lat' dir='ltr'><strong>literis</strong></span> <span class='ocrx_word' id='word_1_295' title='bbox 987 3570 1070 3623; x_wconf 87' lang='lat' dir='ltr'><strong>sacris</strong></span> <span class='ocrx_word' id='word_1_296' title='bbox 1089 3569 1243 3636; x_wconf 76' lang='lat' dir='ltr'><strong>episcopum</strong></span> <span class='ocrx_word' id='word_1_297' title='bbox 1262 3582 1340 3635; x_wconf 85' lang='lat' dir='ltr'><strong>supc-</strong></span> 
     </span>
     <span class='ocr_line' id='line_1_33' title="bbox 152 3652 1035 3720; baseline 0.002 -14"><span class='ocrx_word' id='word_1_298' title='bbox 152 3653 229 3717; x_wconf 85' lang='lat' dir='ltr'><strong>ravit,</strong></span> <span class='ocrx_word' id='word_1_299' title='bbox 249 3652 318 3707; x_wconf 86' lang='lat' dir='ltr'><strong>sient</strong></span> <span class='ocrx_word' id='word_1_300' title='bbox 336 3653 457 3707; x_wconf 87' lang='lat' dir='ltr'><strong>Christus</strong></span> <span class='ocrx_word' id='word_1_301' title='bbox 476 3653 618 3707; x_wconf 88' lang='lat' dir='ltr'><strong>diabolum.</strong></span> <span class='ocrx_word' id='word_1_302' title='bbox 644 3654 827 3720; x_wconf 89' lang='lat' dir='ltr'><strong>(Postillarum</strong></span> <span class='ocrx_word' id='word_1_303' title='bbox 845 3653 913 3707; x_wconf 86' lang='lat' dir='ltr'><strong>liber</strong></span> <span class='ocrx_word' id='word_1_304' title='bbox 932 3655 964 3711; x_wconf 86' lang='grc'><strong>11.</strong></span> <span class='ocrx_word' id='word_1_305' title='bbox 983 3656 1035 3720; x_wconf 80' lang='lat'><strong>95.)</strong></span> 
     </span>
    </p>
   </div>
   <div class='ocr_carea' id='block_1_7' title="bbox 0 0 1504 5258">
    <p class='ocr_par' dir='ltr' id='par_1_8' title="bbox 0 0 1504 5258">
     <span class='ocr_line' id='line_1_34' title="bbox 0 0 1504 5258; baseline 0 0"><span class='ocrx_word' id='word_1_306' title='bbox 0 0 1504 5258; x_wconf 95' lang='lat' dir='ltr'><strong> </strong></span> 
     </span>
    </p>
   </div>
  </div>
 </body>
</html>
