2992 5258
149 424 211 489 368
399 418 603 475 Conuorersiae
621 417 656 475 de
672 418 803 488 religione
820 419 849 474 in
867 418 1011 476 Bolremia:
1032 420 1105 476 illic.

149 629 236 705 nent,
259 621 344 704 quod
357 622 593 707 promovendus
609 640 749 688 summus
771 623 915 705 pontifex
935 622 1048 706 Maj‘lm
1078 624 1158 689 Vram
1179 640 1240 706 pro
1254 618 1349 691 unico

149 724 362 791 Romanorum
383 742 470 806 rege,
494 724 526 790 in
542 722 712 789 Caesarem
738 725 869 806 auspice
891 724 1017 789 domino
1040 722 1234 803 coronando,
1247 725 1350 791 omni·

149 826 208 891 bus
230 826 342 892 debus
365 826 449 891 vitae
471 824 766 906 vestrae‘habebit,
794 825 926 907 tenebit,
948 825 1133 907 declarabit,
1157 832 1348 908 vestrosque

150 925 351 994 adversarios
380 945 602 1009 quoscunque,
637 926 690 1007 qui
723 926 911 1008 dignitatum
932 932 966 992 et
987 934 1106 994 statum
1127 934 1272 993 vestrum
1293 925 1351 992 ali·

150 1028 287 1111 qualiter
314 1027 515 1110 supprimere
545 1034 749 1109 conarentur,
788 1034 821 1093 ct
850 1028 1016 1110 signanter
1038 1025 1151 1103 ducem
1172 1028 1351 1110 Reperiam

150 1128 352 1209 deBavaria,
375 1126 617 1209 omnipotentia
639 1134 671 1192 et
686 1126 874 1194 fortitudine
895 1128 1011 1193 uirium
1033 1146 1174 1209 suarum,
1199 1144 1237 1195 ac
1252 1126 1351 1193 etiarn

150 1248 210 1312 per
232 1246 384 1295 censuras
406 1226 638 1293 ecclesiasticas
660 1226 866 1308 demolietur,
894 1228 1119 1294 exterminabit
1140 1234 1174 1294 et
1196 1227 1349 1294 effectua-

151 1329 226 1396 liter
247 1328 455 1408 conculcabit,
479 1344 643 1409 quousque
671 1346 725 1393 vos
748 1345 807 1408 per
829 1335 930 1393 toturn
952 1346 1078 1394 sacrum
1099 1328 1277 1393 Romanum
1291 1327 1349 1393 im·

151 1431 275 1514 perium
297 1429 437 1511 quietem
460 1434 493 1492 et
515 1427 777 1509 tranquillitatem
799 1428 919 1495 realem
940 1427 1065 1494 fueritis
1086 1435 1255 1495 assecutus
1270 1428 1351 1495 etin

152 1548 321 1614 personam
344 1535 481 1595 vestram
503 1529 606 1611 ipsum
633 1546 759 1594 sacrrim
774 1529 948 1595 Romanum
973 1529 1141 1610 imperium
1161 1528 1262 1595 fuerit
1277 1546 1350 1595 cou-

152 1632 263 1697 nitum.
294 1630 337 1696 Et
358 1629 588 1712 quamprimum
609 1629 712 1695 locum
735 1629 860 1695 concilii
882 1629 1041 1711 generalis
1063 1629 1202 1711 attigero
1224 1636 1352 1697 etcum

153 1731 304 1815 praelatis
337 1730 405 1795 DD.
439 1728 659 1795 cardinalibus
693 1748 888 1810 convenere,
922 1729 1098 1812 praefatam
1130 1730 1284 1798 unionem
1315 1737 1352 1796 ut

153 1831 371 1915 praemittitur
381 1829 497 1896 lactum
508 1831 692 1913 praesentia
703 1829 774 1913 (eie)
790 1830 1051 1896 ambassiatorum
1074 1832 1236 1914 regiorum
1255 1830 1351 1896 etiam

153 1940 228 1998 ante
250 1931 498 1998 celebrationem
519 1931 645 1997 concilii
666 1949 725 2013 por
748 1931 909 2015 praelatos
931 1931 1000 1998 DD.
1023 1931 1208 1997 cardinales
1231 1930 1348 1997 utrius·

154 2051 216 2114 que
244 2033 346 2115 partis
367 2037 404 2096 ut
425 2050 523 2113 supra
543 2031 651 2097 unitos
673 2031 713 2096 de
736 2049 817 2098 novo
838 2031 971 2097 realiter
993 2038 1026 2097 et
1048 2030 1260 2099 effectualiter
1275 2049 1347 2114 pro·

155 2133 272 2199 curabo
295 2140 328 2199 et
349 2133 461 2199 faciam
483 2132 629 2198 roborari
648 2133 708 2197 sub
729 2131 849 2198 virtuto
870 2131 1027 2198 dictorum
1049 2132 1249 2199 dominorum
1262 2150 1346 2198 meo·

155 2252 241 2314 rum,
264 2232 332 2296 DD.
355 2232 585 2312 cardinalium,
609 2233 757 2314 praestiti
776 2232 959 2315 juramenti.
992 2232 1109 2298 Datum
1135 2234 1268 2314 Progne,
1290 2232 1347 2299 sub

154 2335 283 2417 majoris
315 2334 418 2399 nostri
440 2333 584 2399 consueti
614 2333 710 2414 sigilli
731 2334 928 2416 appensione
950 2331 990 2400 ud
1011 2330 1122 2414 fidem,
1155 2333 1207 2399 die
1229 2333 1349 2400 decimu

157 2434 293 2517 septima
313 2433 432 2499 mensis
454 2433 637 2516 Februarii,
670 2451 752 2500 anno
780 2453 800 2499 a
824 2434 992 2500 nativitate
1014 2433 1134 2501 domini
1155 2433 1373 2501 nostriresn

156 2533 274 2599 Christi
296 2535 462 2601 millesimo
485 2536 797 2617 quadringentesimo
822 2553 915 2616 nono,
938 2534 1112 2602 indictione
1134 2534 1285 2602 secunda

726 2916 782 2991 19.

157 3105 250 3190 Rex
282 3104 561 3192 Wenoeslaus
597 3110 843 3213 „constituit
873 3137 973 3192 suos
1003 3111 1186 3195 vicarios
1217 3121 1262 3193 et
1289 3110 1395 3195 lo·-

194 3254 484 3327 cumtenentes
501 3250 535 3349 ,“
587 3245 660 3353 qui
691 3243 749 3327 ad
778 3244 1005 3328 concilium
1035 3243 1240 3329 Pisanum
1269 3273 1313 3329 se

637 3380 871 3462 conferant.

580 3593 693 3662 Pragae,
714 3594 787 3660 1409,
807 3596 837 3648 15
856 3593 936 3648 Mart.

661 3770 664 3775 .
674 3770 857 3777 ...ο--

516 3862 561 3928 (n
576 3863 639 3917 ns.
665 3863 760 3918 Vama.
777 3861 863 3927 5097,
876 3864 901 3934 s.
923 3860 997 3931 139.)

659 4022 754 4029 ...ρ-
789 4021 857 4026 ..-—

740 4166 777 4234 Α.

262 4352 468 4420 wenceslaus
496 4351 548 4419 dei
577 4353 681 4435 gratia
712 4353 925 4419 Romanorum
957 4371 1013 4419 rex
1041 4370 1168 4436 semper
1193 4350 1388 4435 Augustus

164 4463 197 4519 et
228 4453 399 4520 Bohemiae
432 4471 497 4519 rex.
539 4453 803 4535 considerantes,
836 4454 920 4537 quod
952 4453 993 4521 ad
1014 4455 1165 4536 generale
1191 4453 1383 4521 coriciliull¹

162 4554 328 4636 utriusque
350 4554 552 4621 obedientiae
573 4564 607 4621 et
628 4556 738 4637 partis,
759 4574 839 4637 quaa
861 4555 1007 4622 adhaesit
1028 4553 1186 4638 Gregorio
1208 4554 1371 4622 essone·

163 4653 248 4721 dicto
264 4671 436 4737 eorumque
449 4655 759 4739 praedecessoribus,
785 4656 868 4739 quod
884 4662 1058 4725 convocant
1073 4655 1160 4724 rer¹¹¹¹
1178 4655 1214 4722 in
1225 4654 1362 4723 curato
