2992 5258
568 421 757 488 Depositiones
774 423 878 477 testium
899 423 972 474 1414.
1297 424 1356 487 175

156 623 418 689 suoiorrnando.“
443 623 491 688 Ad
515 623 598 705 quod
615 623 697 688 idem
720 622 756 687 D.
770 623 906 687 Protiwa
922 622 1095 704 respondit,
1119 622 1202 704 quod
1222 621 1357 688 ecclesia

155 731 268 790 sanata
282 725 423 788 Romana
437 742 501 788 non
518 728 609 789 tenet
625 742 696 788 eom
718 741 776 805 pro
790 723 976 804 joculatore,
1000 723 1058 788 sed
1075 741 1133 805 pro
1156 723 1356 788 sanctissimo

156 824 299 891 doctore.
332 824 420 889 Tunc
453 816 673 906 supradictae
692 824 733 888 ll.
760 822 902 887 loannes
936 823 1004 887 Hus
1031 823 1207 904 subjunxit:
1233 824 1357 903 ,Vultis

156 925 250 999 scire,
274 926 312 989 D.
325 925 476 1003 Protiwa,
508 924 583 1004 quid
606 925 677 988 est?
699 931 732 989 et
754 923 800 988 sio
826 923 973 1003 teneatiS,
1005 924 1079 1005 quia
1100 924 1186 989 aliod
1207 942 1271 989 ηηη
1294 931 1355 989 est:

156 1024 191 1090 Si
214 1026 365 1092 sacerdos
380 1032 430 1090 est
452 1026 611 1106 ingratia,
635 1025 694 1089 hoo
705 1029 756 1088 est
770 1023 841 1103 eine
863 1030 995 1105 peceato
1017 1024 1152 1105 mortali,
1176 1034 1252 1089 ωηο
1274 1024 1356 1091 cele-

1073 1157 1167 1193 vmtm
1185 1149 1224 1192 382

154 1226 278 1294 brando
293 1234 416 1294 tantum
431 1227 515 1308 lacit,
538 1226 623 1308 quod
640 1225 730 1308 panis
755 1232 961 1292 consecratur
975 1231 1009 1291 et
1029 1242 1145 1308 corpus
1167 1223 1203 1289 fit
1225 1223 1354 1304 Christi,

287 1343 364 1414 falec
381 1344 495 1398 addidit

155 1429 200 1493 ibi
234 1435 383 1494 manente
405 1429 585 1494 substantia
615 1429 723 1510 panis-3
747 1429 773 1492 si
796 1434 901 1493 autem
924 1434 975 1492 est
996 1434 1087 1493 extra
1109 1429 1263 1510 gratiam,
1297 1429 1357 1495 hoc

692 1546 823 1598 mentitur
1122 1546 1253 1598 mentitur
1456 1522 1459 1529 Ι

155 1630 255 1695 estin
271 1639 404 1713 peeoato
415 1629 555 1711 mortali,
580 1629 748 1694 tuncnihil
765 1628 849 1709 facit,
873 1647 931 1693 nec
946 1647 1060 1711 panem
1074 1630 1163 1694 illum
1179 1637 1355 1710 consecrat,
1433 1706 1435 1711 ,

391 1747 522 1799 mentitur
653 1804 655 1808 Α
920 1747 1052 1798 mentitur

156 1848 218 1895 neo
250 1828 287 1894 fit
318 1829 361 1893 ibi
395 1847 512 1912 corpus
545 1828 683 1909 Christi,
718 1830 775 1894 sed
805 1830 896 1910 panis
918 1836 1044 1909 manet,
1078 1831 1161 1896 siout
1181 1837 1278 1897 antea
1298 1831 1358 1897 luit

157 1930 279 2013 panis.“
305 1930 348 1996 Et
369 1929 553 2012 supradicta
575 1929 695 1995 seriose
711 1930 838 1996 dicebat
860 1937 893 1995 et
913 1930 1099 1996 affirmabat.
1126 1931 1357 2014 Interrogatus.

157 2049 219 2111 quo
242 2047 326 2095 anno
348 2030 513 2112 praedicta
534 2030 675 2095 dixerit?
697 2030 878 2113 respondit,
910 2030 1006 2096 credo
1029 2031 1114 2112 quod
1134 2051 1217 2097 anno
1240 2031 1358 2099 domini

157 2129 475 2211 MCCCLXXXXIX,
503 2131 553 2197 vel
569 2131 675 2212 quasi3
699 2137 732 2195 et
743 2136 819 2197 ωηο
834 2132 986 2213 temporis
997 2132 1198 2213 praedicavit
1209 2133 1242 2197 in
1258 2135 1358 2199 eoele-

160 2231 207 2297 sia
230 2230 343 2297 eadem
365 2231 396 2296 S.
418 2231 592 2297 Michaelis.

257 2332 325 2395 Scit
354 2333 456 2394 omorio
478 2331 618 2414 populor
643 2333 765 2415 fidelia,
802 2334 853 2413 qai
875 2334 1014 2395 or'aitaoit
1037 2355 1192 2396 aeronorrea
1214 2356 1298 2396 mooe
1319 2337 1359 2396 ab

159 2433 250 2495 initio
260 2434 513 2514 praedieatione'e
534 2455 628 2513 oreae,
650 2435 732 2515 qaod
742 2435 924 2514 praedicari
940 2437 1125 2516 oppositam,
1148 2435 1261 2516 diretta,
1279 2434 1360 2516 qaod

160 2541 224 2595 tam
238 2537 344 2596 malua
359 2552 453 2615 qaam
474 2538 571 2597 donoro
585 2536 731 2600 saeerdoa
753 2537 872 2619 conserit
894 2538 997 2616 dione,
1020 2539 1100 2599 eieat
1123 2538 1232 2599 diorrot
1253 2538 1357 2600 aaaeti

161 2641 187 2694 et
207 2635 295 2697 rotae
307 2634 391 2697 deae.
414 2636 461 2698 Et
476 2636 563 2697 lotari
578 2637 771 2700 mandacium
789 2638 948 2699 Protiroae
965 2646 1100 2719 poaarrat
1115 2641 1284 2719 comperire
1298 2638 1358 2717 illi,

164 2736 211 2813 orti
232 2737 347 2798 itabant
369 2756 525 2798 aermoaea
548 2758 631 2800 mear
652 2739 691 2799 aa
711 2736 922 2819 prirao'aano
939 2739 1192 2819 praedicationis
1213 2759 1307 2817 meae,
1323 2740 1358 2801 ia

166 2837 268 2913 auidae
289 2838 405 2918 aeripei
428 2839 491 2899 iota
513 2842 604 2900 verba
627 2841 708 2902 beati
733 2841 924 2920 Artoaetini:
946 2840 1041 2901 [atra
1062 2840 1250 2902 catholicam
1272 2839 1359 2902 eoele-

169 2937 243 2998 aiam
264 2930 451 3019 mysteriave
465 2941 607 3019 rorqrorie
621 2947 649 3000 et
671 2941 838 3021 aaaffaiaie
860 2940 982 3001 domiai
1004 2939 1087 3001 altit
1107 2962 1128 3002 a
1150 2943 1227 3001 dono
1243 2940 1358 3023 majore,

171 3037 243 3100 otta
263 3056 282 3099 a
303 3037 510 3101 malamina
526 3041 690 3122 perficitor
711 3041 879 3104 aaaerdote.
901 3039 1044 3102 Secundo
1065 3042 1257 3102 οηηηὶηοὶων
1272 3061 1358 3102 οηοημ

174 3132 287 3200 aratam
307 3137 391 3220 effre,
417 3141 491 3220 qaia
512 3161 566 3222 eqo
589 3149 662 3203 torae
683 3142 787 3203 aditae
808 3162 873 3205 ηοη
893 3160 983 3203 eram
1003 3141 1157 3203 oaeerdoe.
1196 3141 1304 3203 Tertio
1326 3142 1360 3202 οη

176 3233 228 3313 hoc,
248 3241 321 3319 qaia
335 3261 389 3316 eoo
410 3261 481 3302 voro
502 3241 535 3305 S.
560 3243 749 3325 Grayoriam
761 3241 975 3322 artemone-m
991 3243 1008 3301 i.
1033 3261 1057 3301 e.
1080 3241 1360 3323 rhytlrmiaatorem

178 3338 322 3416 optimam,
344 3348 371 3403 et
391 3343 457 3422 ipae
471 3345 598 3423 erponit
613 3343 830 3425 jorolotorem.

294 3456 422 3511 Protiwa

262 3541 482 3626 Interrogatus
505 3546 545 3610 ad
567 3546 750 3626 articulum,
774 3546 857 3628 quod
881 3547 912 3610 in
934 3546 1026 3610 domo
1051 3545 1229 3611 Wenoeslai
1244 3546 1360 3628 picari·

169 3636 261 3705 lieris
274 3646 372 3710 rerba
387 3664 522 3712 erronea
538 3656 569 3713 et
585 3648 772 3713 seandalosa
792 3647 906 3712 fuisset
922 3647 1046 3712 locutas
1070 3647 1110 3711 M.
1121 3648 1263 3713 loannes
1279 3646 1358 3726 Hae,

164 3741 196 3792 ⁸¹¹
235 3743 293 3809 sibi
320 3745 438 3828 aliquid
473 3748 622 3812 constet?
644 3748 831 3831 respondit,
864 3748 952 3812 illum
985 3747 1153 3814 articulum
1175 3766 1234 3829 per
1256 3747 1361 3812 omnia

160 3839 233 3900 ⁶8⁸9
258 3862 374 3913 verum.

263 3945 417 4011 Menelao
438 3957 502 4024 aet,
539 3948 647 4031 aliqua
669 3949 837 4024 addendo,
865 3956 893 4011 et
922 3948 1030 4029 aliqaa
1052 3947 1273 4011 eiabtratreodo.
1314 3947 1360 4010 Et

150 4039 266 4123 quare,
292 4066 330 4109 er
345 4067 403 4128 qao
425 4058 469 4112 eat
486 4050 703 4131 praedicator,
725 4058 761 4111 at
783 4052 938 4123 aestimat,
961 4052 1113 4129 veritatis,
1136 4069 1199 4110 ηοη
1221 4068 1269 4110 me
1285 4047 1360 4129 sra-

149 4128 250 4205 Μ
278 4149 448 4230 rma-ipati,
485 4152 530 4214 orl
560 4172 623 4213 aaa
645 4150 702 4214 illo
724 4171 810 4212 ariao
832 4151 1006 4229 orrerearit,
1040 4150 1171 4230 reaper
1194 4156 1238 4210 tot
1260 4167 1362 4211 aanor

147 4233 275 4327 laeena
296 4249 462 4318 madata
484 4252 661 4333 taratara

264 4357 491 4438 iuterrogatio,
507 4375 569 4437 quo
582 4358 688 4420 raino?
701 4354 881 4435 respondit:
903 4357 991 4417 Αηηο
1009 4352 1125 4417 domini
1146 4348 1362 4429 M⁰COCC'‘I'',

156 4436 186 4503 ll
200 4447 309 4539 domo,
321 4466 358 4523 ut
369 4458 401 4522 in
413 4456 557 4536 articulo,
570 4463 603 4520 et
616 4453 838 4536 praesentibus
851 4451 1096 4534 M.Hieroaymo
1108 4452 1148 4516 de
1162 4453 1272 4532 Praga,
1285 4456 1361 4516 ωηο

159 4540 367 4625 ba<malaurae
383 4559 415 4623 in
431 4558 563 4638 artibus,
581 4554 773 4622 Wenaeslao
789 4554 915 4637 hospite
930 4554 1050 4632 domna,
1074 4552 1222 4617 Mikeska
1240 4569 1359 4634 genero

168 4660 238 4734 auo,
257 4657 353 4726 Cruoe
368 4659 515 4724 institore
532 4664 566 4723 et
580 4657 648 4721 cive
666 4655 795 4735 majoris
810 4655 946 4720 civitatis
963 4653 1141 4733 Pragensia
1165 4651 1228 4717 Sed
1244 4652 1274 4716 in
1288 4669 1357 4716 ser·
