2992 5258
438 430 580 473 coercere
597 422 665 485 sput
680 417 781 473 batres
798 416 929 473 Minores.
965 418 1006 475 ts.
1024 419 1068 475 69.
1292 420 1352 484 tls

148 616 217 671 dixit
233 617 323 671 enim:
342 617 410 685 ,Ubi
428 632 480 685 ego
496 632 567 686 sum,
583 617 621 673 ibi
639 632 733 672 sersus
749 634 857 687 quoque
875 632 952 674 meus
963 619 1040 674 erit''.
1058 618 1109 673 Ille
1121 616 1226 677 nullum
1238 616 1345 673 fidelem

149 715 255 756 sermm
273 700 401 769 dimittit,
427 701 508 754 etiam
532 701 555 755 si
577 716 610 756 eo
633 717 687 757 non
705 708 781 770 eget3
811 716 899 770 neque
920 703 993 757 enim
1010 706 1126 777 possunt
1140 701 1263 759 imminui
1281 717 1347 771 opes

150 784 210 854 ejus
226 784 272 840 sel
288 785 383 841 rictus.
417 784 469 839 Ille
484 785 561 853 prius
578 785 689 840 servivit
705 801 800 854 serso,
827 802 908 855 quum
933 801 1028 841 sersus
1054 785 1094 857 ei;
1121 800 1184 839 nam
1200 801 1251 854 pro
1269 801 1348 841 servo

150 868 256 923 foedam
274 868 465 938 crudelemque
489 875 602 923 mortem
629 869 726 936 subiit,
755 869 928 938 ignominiam
955 884 1118 939 perpessus,
1145 869 1343 936 contumeliam,

150 950 370 1021 flogellationem,
388 951 593 1018 vellicationem,
612 955 852 1022 computationem.
877 953 899 1007 0
917 970 998 1023 quem
1014 954 1097 1009 miser
1113 952 1161 1008 ille
1178 969 1281 1015 sersus,
1299 955 1344 1021 qui

152 1052 202 1090 non
220 1036 304 1091 audet
329 1051 379 1104 pro
404 1035 453 1089 tali
471 1034 579 1090 domiuo
597 1036 630 1090 de
648 1037 735 1104 gratia
754 1044 781 1092 et
798 1038 894 1106 opibus
911 1037 1059 1106 periclitsri
1087 1036 1129 1092 sel
1155 1037 1345 1091 contumelium

153 1119 253 1174 subiret
272 1119 370 1175 Nescit
386 1118 446 1174 fleri
464 1135 518 1174 non
535 1135 625 1189 posse,
642 1121 716 1190 quin,
743 1122 814 1192 qnod
832 1122 930 1176 misere
947 1120 1013 1176 velit
1030 1136 1197 1190 conservare,
1219 1121 1248 1176 id
1261 1119 1347 1175 allud·

154 1219 202 1273 que
218 1203 310 1273 majus
326 1203 426 1258 bonum
442 1204 554 1273 insuper
578 1206 698 1274 amittat;
723 1222 786 1261 nam
808 1207 835 1260 in
863 1207 915 1261 hac
939 1207 993 1260 vita
1019 1206 1190 1261 conservabit
1212 1205 1347 1273 miseram,

154 1303 269 1356 parram,
287 1287 414 1343 mobilem
431 1289 568 1343 hominum
580 1290 710 1358 gratism3
728 1291 837 1359 quando
854 1302 918 1346 sero
935 1291 990 1345 sita
1010 1290 1166 1358 decesserit,
1183 1290 1212 1344 in
1229 1290 1347 1344 omnium

157 1377 181 1426 et
195 1372 333 1427 homiuum
351 1379 379 1427 et
396 1372 565 1428 diabolorum
581 1381 612 1428 et
626 1375 786 1445 augelorum
807 1375 898 1430 odium
914 1375 1028 1431 incidet:
1050 1374 1143 1442 itaque
1166 1380 1283 1442 propter
1299 1392 1349 1443 pu·

159 1454 239 1510 sillum
256 1456 371 1524 gratiam
390 1457 495 1512 amittet
512 1464 651 1512 aeternam
668 1460 801 1514 laetitiam
819 1466 848 1514 et
864 1461 987 1528 gratiam.

188 1589 246 1643 Vita
262 1589 339 1644 linita
356 1606 506 1658 noscemus,
751 1609 832 1662 qnam
848 1608 959 1662 operum
975 1594 1107 1649 rationem
1116 1594 1248 1650 reddituri
1255 1594 1348 1662 simus,

188 1672 264 1727 deum
282 1676 357 1743 parsi
376 1675 515 1742 iacientes,
751 1694 848 1746 cemus
866 1678 954 1746 magni
973 1678 1157 1746 aestimantes,

188 1757 255 1824 quod
272 1759 341 1828 proh
360 1757 448 1812 dolor!
466 1759 545 1813 nimis
556 1761 700 1827 poscimus.
753 1762 902 1816 servientes
920 1761 971 1815 deo
989 1767 1093 1815 tantrsm
1110 1776 1182 1815 voce.

189 1844 330 1895 detentam
348 1841 478 1896 laetitiam
496 1844 654 1912 expetimus.
747 1847 816 1900 sient
833 1846 895 1899 felis
913 1846 1001 1913 pisces
1020 1859 1080 1898 esse
1097 1846 1187 1912 gestit,
1264 1878 1267 1883 ·

189 1924 291 1979 tametsi
309 1941 362 1978 non
380 1926 437 1979 vult
453 1925 560 1993 piscari.
749 1929 807 1983 Feli
825 1929 922 1983 similis
940 1935 982 1983 est
999 1928 1086 1997 quiris

190 2007 343 2077 impudicus,
360 2009 437 2076 piger
454 2017 482 2063 et
498 2025 605 2073 avarus,
749 2011 842 2079 sellan,
861 2012 977 2067 mendax
996 2019 1024 2067 et
1040 2011 1191 2079 malignum

192 2096 216 2144 et
230 2092 360 2161 superbus
377 2093 421 2146 his
438 2092 555 2160 accedit3
751 2095 798 2148 sed
817 2094 850 2146 de
868 2095 910 2148 his
926 2095 984 2163 jam
1002 2095 1069 2149 satis
1087 2094 1195 2149 dictum.

193 2174 286 2230 Horum
304 2176 332 2229 in
349 2191 461 2230 numero
479 2183 508 2229 tu
526 2178 581 2232 noli
599 2193 668 2237 esse.
748 2195 782 2232 ne
801 2187 828 2233 te
847 2178 914 2233 deus
932 2193 1023 2247 poena
1038 2176 1142 2233 multet

194 2256 298 2313 dasenm
316 2260 400 2315 edens
417 2260 469 2314 mei
487 2268 629 2328 memento,
748 2263 892 2316 manticam
909 2278 969 2317 cum
988 2261 1114 2330 ephippio
1132 2262 1233 2331 accipe.

195 2343 291 2399 Utinam
309 2345 346 2398 sit
363 2358 466 2398 merces
483 2353 532 2399 tua
548 2345 624 2409 dens,
747 2346 876 2400 virtutum
892 2346 1044 2414 profectum
1061 2345 1110 2400 tibi
1128 2344 1224 2407 donet;

197 2428 286 2482 utinam
303 2434 331 2481 te
349 2426 408 2480 llus
426 2427 544 2493 adjuvet
748 2435 779 2482 ut
795 2429 833 2482 sis
851 2429 985 2484 Henricus
1001 2428 1065 2482 tidei
1083 2434 1192 2482 sanctos

534 2520 562 2565 et
579 2514 605 2566 in
624 2513 675 2567 deo
693 2513 823 2567 moriaris.
859 2515 955 2567 Amen.

726 2877 785 2951 69.

609 3068 890 3152 Eidem.

189 3277 301 3348 diesem
319 3287 477 3352 crementi
494 3302 529 3336 no
544 3284 713 3352 praecedens
729 3286 858 3354 epistole,
876 3299 960 3351 ossam
979 3283 1066 3337 cidem
1083 3284 1156 3336 missi
1173 3242 1322 3336 deciderat.

647 3453 732 3520 (1415,
749 3455 766 3507 9
783 3453 860 3518 Jnm)

254 3623 388 3691 Domino
429 3622 569 3689 Henrico
612 3605 741 3705 Skopelr
792 3622 917 3688 literam
961 3621 1145 3704 pergameni
1188 3620 1343 3701 dirigatis,

173 3720 228 3794 lna
245 3726 275 3790 in
305 3725 356 3790 sui
378 3724 563 3790 memoriam
587 3741 714 3806 semper
736 3741 805 3789 eam
827 3725 859 3789 in
883 3740 1011 3789 carcere
1034 3722 1172 3801 servavi,
1207 3727 1240 3788 et
1261 3740 1346 3788 com·

173 3826 243 3897 msui
263 3826 351 3891 illum
374 3832 513 3904 cantum,
536 3824 661 3906 quando
683 3824 729 3891 lui
751 3825 882 3889 otiosus.
896 3823 930 3900 *l
1334 3843 1337 3847 ⁵

250 3928 334 3992 Pane
355 3925 509 4005 Jindiise
531 3925 638 4008 werny'
660 3945 687 3990 w
703 3926 788 3991 bohu
812 3925 954 4007 piietelil
985 3925 1106 4004 Pomni,
1129 3942 1182 3990 cos
1204 3923 1347 3989 dobreho

173 4022 264 4091 sote
282 4045 358 4092 mne
379 4026 500 4096 neutil.
533 4026 644 4108 apli,
678 4026 739 4107 aby
761 4045 788 4091 w
810 4025 921 4091 radost
942 4024 1085 4090 nebeski
1114 4024 1210 4090 skoro
1238 4023 1348 4106 piliel.

174 4118 271 4208 Penni,
304 4127 359 4192 iet
388 4144 455 4191 sem
491 4126 575 4191 iekl:
609 4125 722 4206 „Ulim
756 4126 853 4205 bohu,
886 4124 938 4191 iet
970 4127 1013 4190 mi
1046 4124 1087 4190 da
1118 4125 1215 4190 wiese
1247 4123 1349 4207 polru-

172 4220 244 4293 ltnie
273 4227 403 4311 trpeti.''
443 4227 526 4291 Pstn
555 4226 610 4291 list
638 4245 665 4290 w
695 4226 801 4291 nedeli
827 4225 908 4307 pied
934 4224 1064 4308 suatim
1094 4223 1220 4304 Wltem,
1244 4242 1270 4288 w
1296 4225 1349 4291 ba-

172 4318 230 4391 lue
243 4329 343 4394 smrti.
357 4327 411 4409 **)

225 4579 248 4631 *l
270 4581 473 4630 Commemoratur
490 4583 592 4643 epistola
608 4583 758 4644 pmcedcns,
777 4583 852 4643 vulgo
871 4583 939 4629 bodie
957 4581 1084 4640 incognita

211 4657 248 4724 ”l
271 4666 368 4713 Domina
386 4666 501 4723 Honrioe,
527 4667 603 4714 tidelis
620 4668 645 4713 iu
661 4668 705 4713 deo
722 4666 813 4713 senice!
841 4666 973 4722 Memento,
991 4665 1050 4725 quid
1066 4661 1122 4711 boni
1140 4677 1155 4710 s
1172 4678 1211 4710 me
1227 4660 1347 4720 didiceris,
