2992 5258
556 424 724 480 Retraotatio
741 424 779 478 Μ.
796 423 939 479 Matthias.

574 1442 925 1526 Additamento.

657 1842 660 1847 ·
740 1820 763 1886 L

152 2007 416 2092 Retractatio
443 2006 500 2090 M.
532 2006 740 2091 Matthiae
778 2005 832 2089 dc
867 2003 1022 2089 Janow
1065 2015 1108 2088 et
1145 2003 1346 2089 sacerdo-

154 2155 243 2228 tum
272 2141 430 2226 iacobi
456 2154 586 2254 atque
610 2139 812 2225 Andreae
837 2144 881 2223 in
911 2140 1077 2251 synodo
1114 2141 1215 2223 cleri
1240 2136 1345 2220 Pra-

376 2279 521 2388 gensis
547 2276 615 2361 die
646 2278 697 2362 18
726 2274 822 2359 Oct.
858 2263 968 2360 1389
996 2275 1123 2359 facta.

647 2516 849 2525 n———n—-n

175 2610 222 2673 (B
237 2609 299 2663 MS.
317 2610 381 2663 oiol.
401 2611 542 2664 unica-ait.
565 2610 650 2677 l’rny.
670 2608 764 2669 XIII,
783 2610 816 2662 E.
838 2607 861 2667 7.
874 2608 926 2677 jol.
946 2605 1080 2662 tou-90.
1116 2607 1178 2661 MS.
1197 2604 1318 2660 odollam.

620 2692 834 2753 Wnrciuevmis.)
855 2692 884 2750 ‘)

372 2998 421 3078 A)
462 2995 649 3061 llatmotatio
671 2992 712 3057 Μ.
735 2992 882 3059 Matthiae
906 2993 960 3097 (do
981 2992 1118 3074 lanow).·

250 3180 401 3243 Noveritis
424 3199 523 3242 omnes
545 3179 657 3252 fideles,
679 3181 757 3254 qnod
778 3196 833 3256 ego
845 3181 885 3240 Μ.
900 3179 1040 3240 Matthias
1056 3177 1225 3252 praedicavi
1246 3178 1344 3251 aliqua
1407 3218 1409 3222 »

149 3299 209 3343 uon
231 3289 289 3342 tam
304 3290 393 3354 recte,
415 3289 498 3344 cante
521 3289 552 3342 et
573 3282 702 3367 prouida,
719 3282 794 3343 sicut
812 3281 940 3343 debitum
962 3280 1068 3342 luisset
1089 3287 1119 3340 et
1133 3286 1343 3364 opportunnm3

150 3400 205 3457 per
227 3399 301 3457 qnae
323 3383 368 3442 vel
390 3382 439 3454 lui,
469 3383 515 3443 vel
538 3400 603 3443 esse
627 3383 721 3461 potui,
741 3383 886 3457 aliquibus
918 3400 1006 3444 cansa
1026 3382 1073 3442 vol
1095 3382 1212 3442 occasio
1232 3380 1345 3445 ,erroris

150 3489 181 3543 ec
202 3483 341 3544 sanum.
364 3485 435 3543 meo
451 3483 489 3543 au
511 3484 671 3543 tonandum
685 3468 751 3555 isia,
774 3491 804 3544 et
825 3501 861 3544 ne
876 3484 984 3545 vesus
998 3483 1098 3554 taum
1120 3490 1152 3543 et
1173 3482 1250 3557 quon
1271 3478 1343 3540 oue·

150 3584 196 3644 les
220 3583 320 3654 sciant
343 3584 412 3659 quid
436 3586 465 3643 in
489 3585 534 3644 his
558 3585 681 3645 erodere
705 3584 832 3645 debeant
852 3584 898 3644 vel
921 3591 1033 3655 tencre,

252 3688 277 3743 1.
300 3684 373 3745 Dico
403 3687 506 3760 primo,
533 3685 610 3760 quod
638 3685 779 3759 imagines
810 3686 918 3746 Christi
949 3693 978 3746 ot
1000 3691 1165 3746 sauctorum
1191 3698 1251 3743 uon
1272 3681 1344 3742 dant

149 3801 266 3847 oausam
281 3801 336 3846 uec
358 3787 540 3847 occasionem
561 3786 756 3857 idololatriac,
779 3802 832 3845 noc
855 3787 1066 3860 quodpropter
1081 3789 1277 3862 cujuscunque
1291 3782 1343 3842 ab·

149 3902 232 3945 nsum
254 3884 364 3946 debent
385 3886 514 3947 comburi
538 3886 583 3945 vel
606 3885 733 3960 destrni3

250 3987 278 4046 2.
309 3985 459 4059 secundo,
488 3987 566 4061 quod
602 3987 759 4047 secundnm
788 3986 999 4075 institutionem
1035 3993 1066 4046 ot
1103 3984 1344 4045 cousuetudinem

149 4092 270 4147 sanctae
291 4087 392 4146 matris
415 4088 559 4147 ccclesiae
588 4086 697 4146 [labent
722 4087 865 4160 imagines
888 4088 925 4147 ad
953 4086 1094 4146 honoram
1122 4086 1247 4157 illorum,
1269 4102 1343 4160 qnos

148 4187 313 4260 designant,
344 4187 461 4247 odorari
489 4193 518 4246 et
545 4189 686 4256 venerari,
714 4193 744 4246 ot
765 4194 882 4260 egomet
913 4187 1005 4247 adoro
1027 4194 1058 4247 et
1086 4203 1211 4247 veneror
1240 4202 1291 4245 aas
1314 4193 1345 4246 et

208 4421 234 4484 ⁸)
252 4417 314 4471 MS.
345 4417 525 4471 Waroioemsa
551 4419 656 4473 collibet
679 4420 897 4488 inscriptionem:
924 4424 984 4480 „lati
1011 4438 1101 4472 erraras
1130 4425 1260 4486 praedicati
1288 4431 1343 4471 snut

251 4505 341 4566 Pragaa
358 4507 422 4566 apud
439 4505 463 4553 S.
476 4507 601 4554 Nicolaum
619 4510 644 4554 in
661 4508 760 4568 antiqua
776 4493 876 4555 civitata
894 4508 1022 4565 bohemica,
1039 4514 1065 4556 et
1076 4509 1180 4557 revocati
1199 4515 1255 4555 sunt
1271 4505 1343 4554 littam

249 4589 345 4636 articuli
362 4597 384 4636 ot
403 4604 493 4637 emotas
511 4604 553 4651 par
569 4591 702 4652 praedictos
719 4591 784 4637 viros
801 4598 882 4639 tancre
900 4593 1056 4656 anbaaqnanta
1079 4592 1102 4640 iu
1121 4593 1212 4653 synodo
1229 4591 1344 4649 Progensi

249 4671 314 4720 lacta
331 4687 392 4720 anno
409 4673 439 4720 ab
457 4673 545 4723 ineam.
563 4674 625 4724 dom.
643 4673 888 4727 noemam*
