2992 5258
1215 398 1272 465 XV

80 595 237 661 strantia“
262 595 416 661 exhibere
439 596 628 669 statuimus,
661 618 726 660 non
748 596 877 662 videtur
899 617 980 681 opus
1003 618 1073 664 csse
1096 599 1273 684 quidquam

80 695 200 760 addere
222 695 279 773 iis,
312 715 397 781 quae
426 716 525 781 supra
554 697 883 762 commemoravimus.
928 698 1074 783 Namque
1097 699 1272 765 benevolos

81 795 218 861 lectores
241 817 281 861 ex
303 796 364 860 hac
387 795 580 861 collectione
610 796 725 860 melius
747 803 846 881 atque
868 798 1053 863 accuratius
1075 806 1155 882 puto
1179 799 1275 864 intel·

82 894 239 975 lecturos,
267 895 431 980 quomodo
453 896 597 978 partium
620 895 764 961 studium
786 898 818 960 in
840 895 999 962 Bohemia
1020 904 1127 962 ortum
1150 898 1274 982 paulla-

83 997 137 1060 tim
161 997 300 1062 creverit
322 1003 355 1061 et
378 995 618 1061 controversiae
641 996 681 1061 de
704 995 860 1079 religione
882 1003 979 1062 natae
1002 999 1069 1062 sint
1085 1004 1118 1063 et
1133 997 1275 1064 invalue-

80 1098 152 1162 rint.
195 1097 233 1161 In
255 1104 401 1163 extrema
422 1097 483 1163 bac
504 1102 599 1181 parte
621 1098 721 1181 (num.
746 1098 821 1180 120)
849 1099 1000 1180 anonymi
1017 1097 1184 1182 scriptoris
1207 1120 1276 1165 car-

82 1220 155 1263 men
177 1197 294 1281 adjeci,
317 1198 439 1281 quippe
462 1197 551 1280 quod
573 1204 695 1263 statum
717 1198 903 1276 Bohemiae,
926 1199 982 1281 qui
1004 1221 1031 1264 c.
1053 1221 1083 1264 a.
1100 1202 1181 1264 1418
1203 1201 1275 1271 fnit,

83 1299 247 1382 copiosius
268 1319 307 1363 ac
322 1298 518 1363 luculentius
541 1298 716 1378 describat,
739 1320 837 1381 quam
852 1300 989 1383 quodvis
1004 1299 1094 1364 aliud
1109 1299 1276 1365 literarum

83 1405 335 1477 monumentum,
359 1394 525 1482 oculisque
547 1399 667 1463 nostris
690 1406 854 1483 proponat
875 1419 940 1479 eos,
964 1400 1018 1483 qui
1030 1400 1152 1484 primas
1167 1408 1278 1484 partes

84 1499 183 1575 illius,
202 1507 240 1565 ut
261 1500 309 1565 ita
330 1498 448 1579 dicam,
471 1500 628 1565 hamatis
643 1500 785 1583 agebant
806 1500 887 1565 etin
910 1500 984 1564 aula
1005 1501 1096 1584 regia
1111 1501 1191 1566 etin
1206 1503 1277 1566 uni-

85 1600 239 1665 versitate
260 1599 443 1665 studiorum
464 1599 621 1683 Pragenai
644 1607 678 1665 et
699 1600 732 1664 in
754 1605 825 1665 toto
847 1620 956 1684 regno.

180 1783 328 1867 Denique
351 1784 428 1847 viris
451 1782 581 1862 doctis,
616 1783 671 1866 qui
698 1782 856 1849 ecclesiae
890 1784 1058 1849 historiam
1089 1785 1278 1868 diligentius

88 1883 258 1967 explorare
273 1883 417 1962 student
439 1884 529 1950 haud
544 1884 673 1967 ingrata
687 1885 768 1950 hacc
780 1887 1000 1948 additamenta
1022 1886 1091 1951 sore
1106 1887 1278 1969 putabam:

185 1987 220 2065 a)
242 1986 513 2050 retractationem
534 1984 577 2050 M.
592 1984 752 2052 Matthiae
776 1986 815 2050 dc
833 1985 946 2050 lancw
969 1985 1171 2069 duorumque
1194 1987 1278 2070 ejus-

88 2084 157 2149 dem
181 2084 301 2150 aetatis
324 2085 546 2165 sacerdotum,
569 2106 653 2168 quae
677 2085 729 2150 die
753 2089 792 2151 18
813 2076 937 2150 milet.
959 2108 988 2151 a.
1012 2086 1279 2163 iaculantem

87 2185 174 2267 qnod
191 2184 432 2265 documentum,
454 2187 563 2253 adhuc
577 2188 733 2269 ignotum,
746 2186 834 2252 haud
849 2186 928 2251 levis
951 2208 1022 2252 esse
1036 2189 1192 2252 momenti
1208 2188 1280 2271 qui-

86 2285 131 2348 ris
152 2285 250 2351 facile
271 2286 447 2370 intelliget3

182 2391 213 2465 b)
238 2388 472 2453 catechismum
493 2388 536 2452 M.
557 2388 692 2455 Joannis
714 2388 795 2453 Husi
818 2388 858 2454 de
882 2410 947 2472 quo
970 2409 1070 2472 supra
1092 2388 1230 2465 dictum,

183 2490 212 2570 c)
240 2487 330 2553 locos
363 2490 522 2573 quosdam
552 2490 694 2574 insignes
722 2511 764 2573 ex
785 2489 876 2554 libris
899 2488 997 2553 Hussi
1020 2489 1199 2555 bohemicis
1221 2510 1280 2553 ex·

89 2594 226 2671 cerptos,
261 2589 380 2672 quibus
402 2609 437 2655 se
459 2590 565 2673 ipsum
588 2611 731 2674 suasque
753 2611 826 2655 cum
849 2590 935 2656 clero
963 2589 1200 2655 controversias
1223 2589 1278 2654 de·

87 2688 229 2771 scripsit;
264 2710 346 2772 quos
379 2689 408 2754 J.
431 2690 568 2755 Kvicala
596 2712 687 2756 ame
721 2697 855 2774 rogatus
877 2698 1031 2756 accurate
1069 2691 1103 2754 in
1136 2690 1280 2772 linguam

88 2786 218 2854 latinam
242 2791 416 2867 convertit3
919 2806 922 2812 ·

185 2892 221 2972 d)
246 2898 401 2976 excerpta
428 2913 468 2957 ex
489 2891 661 2957 annalibus
689 2893 829 2965 coaevis,
864 2914 947 2975 quae
969 2892 1137 2958 literarum
1168 2913 1279 2956 monu-

90 2997 194 3055 menta
220 3012 241 3056 a
269 3013 320 3057 me
350 2992 440 3057 edita
460 2991 626 3058 illustrant
647 2995 783 3077 ipsaque
816 2992 880 3057 illis
912 2992 1126 3058 illustrantur.
1158 2993 1280 3057 Eorum

91 3088 314 3156 chronicorum
336 3093 491 3176 majorem
513 3101 640 3179 partem
655 3092 807 3159 Hdflerus
830 3095 862 3157 in
885 3114 984 3177 opere
1006 3114 1064 3158 suo
1088 3092 1199 3158 edidit.

183 3275 317 3341 Utinam
339 3298 415 3342 vero
437 3278 491 3344 hic
520 3277 603 3343 liber
624 3278 667 3343 ad
689 3277 862 3343 historiam
884 3276 981 3341 Hussi
1004 3276 1138 3360 ejusque
1161 3276 1279 3341 aetatis

95 3377 277 3440 accuratius
311 3378 568 3460 cognoscendam
598 3377 723 3461 aliquid
757 3378 921 3444 conferat!
952 3378 1076 3442 utinam
1108 3376 1217 3442 valeat
1237 3377 1280 3442 ad

94 3476 281 3542 evertendas
312 3478 480 3562 opiniones
510 3478 751 3562 praejudicatas
778 3477 817 3543 de
840 3478 938 3542 Hussi
961 3478 1094 3561 ejusque
1120 3479 1280 3543 sociorum

98 3595 200 3655 rausa,
224 3599 309 3660 quae
331 3579 448 3644 adres
469 3579 611 3645 hnmano
633 3579 745 3663 generi
765 3580 984 3644 sanctissimas
1005 3580 1163 3663 pertinuit
1183 3587 1282 3663 atque

98 3675 126 3739 in
146 3699 281 3744 numero
297 3679 558 3762 gravissimarum
574 3680 729 3745 historiae
753 3680 948 3744 christianae
969 3680 1110 3763 partium
1133 3679 1284 3744 habenda

97 3779 156 3842 cst!
179 3782 250 3855 Quo
273 3779 354 3865 nihil
376 3783 509 3864 gratius
531 3779 613 3846 nihil
627 3781 813 3864 exoptatius
834 3781 929 3846 nobis
943 3781 1066 3864 poterit
1087 3781 1282 3862 contingere.

258 3965 413 4037 Pllhllhll.
436 3986 463 4028 a
487 3965 516 4028 d.
536 3964 613 4029 XIII
634 3964 705 4029 Kal.
728 3963 971 4069 Februarias-a.
995 3967 1084 4032 1869.

873 4253 941 4334 Fr.
977 4252 1180 4362 Palackp.
