2992 5258
422 109 463 161 ts.
498 106 565 160 Husi
584 105 731 174 appellatio
749 120 765 158 a
782 119 853 173 papa
871 103 906 158 ad
925 104 1068 158 Christum·
1288 105 1350 167 465

156 319 189 378 tu
210 317 318 379 autem
344 309 471 376 domine
493 308 647 387 Sabaoth,
675 309 729 390 qui
752 307 876 389 judicas
895 306 982 387 juste
1007 312 1040 371 et
1061 305 1178 388 probas
1200 322 1295 370 renes
1318 311 1352 369 et

155 413 260 494 corda,
282 418 319 478 ut
333 410 456 477 uideam
471 411 623 475 ultionem
647 416 732 475 tuam
754 427 793 474 ex
808 408 864 473 eis.
887 407 957 472 libi
972 408 1056 472 enim
1071 406 1209 472 revelavi
1225 422 1350 472 cansam

154 530 264 594 meam,
286 513 361 595 qnia
382 510 581 593 multiplicati
597 516 680 589 sunt,
703 509 757 592 qui
780 508 935 574 tribulant
948 512 1008 587 me,
1032 513 1066 573 et
1088 506 1253 574 consilium
1267 506 1350 572 lece·

153 610 427 703 runtfin‘nuum,
458 611 618 676 dicentes:
648 610 726 675 deus
756 608 926 691 dereliquit
952 627 1036 688 eum,
1068 607 1296 690 persequimini
1319 612 1352 672 et

155 690 416 796 comprehendite
443 731 529 792 eum,
560 713 633 794 quia
662 731 725 777 rron
757 709 883 791 estqui
905 710 1021 775 liberet
1044 728 1124 774 enm.
1169 709 1251 775 Vide
1274 726 1350 790 ergo

142 815 282 880 'domine
305 823 338 880 et
360 812 536 891 considera,
559 812 632 893 qnia
655 817 690 875 tu
714 828 748 874 cs
770 811 927 893 patientia
940 829 1020 890 mea,
1044 811 1134 892 cripe
1156 829 1205 875 me
1228 810 1268 875 de
1290 810 1349 874 ini-

153 916 244 980 micis
267 915 362 993 meis,
391 914 470 980 dens
491 931 582 978 mens
604 930 640 977 es
663 920 706 991 tu,
730 930 769 976 ne
792 911 978 977 discesseris
1000 931 1019 976 a
1040 930 1106 991 me,
1130 912 1277 992 quoniam
1294 910 1350 975 tri·

151 1013 275 1081 bulatio
298 1015 441 1097 proxima
464 1020 523 1092 est,
547 1021 580 1080 et
600 1030 662 1079 non
687 1020 736 1077 est
758 1013 811 1093 qni
833 1011 970 1094 adjuvet.
1015 1012 1101 1076 Deus
1123 1031 1212 1078 meus
1227 1013 1350 1095 respice

152 1116 186 1180 in
201 1134 262 1195 me,
286 1132 385 1195 quare
407 1133 456 1179 me
472 1113 693 1195 dereliquisti?
715 1112 869 1190 Quoniam
892 1111 1170 1179 circumdederunt
1191 1132 1241 1178 me
1257 1130 1351 1178 canes

150 1216 259 1295 multi,
289 1215 456 1280 concihum
484 1214 722 1295 malignantium
747 1213 873 1278 obsedit
894 1231 961 1293 me,
985 1213 1059 1294 quia
1079 1214 1178 1280 locuti
1201 1219 1276 1278 sunt
1297 1215 1352 1279 ad·
1399 1258 1405 1265 -

153 1335 281 1382 uersum
304 1334 353 1380 me
375 1315 483 1397 lingua
506 1313 617 1380 dolosa
639 1322 672 1380 et
688 1315 885 1379 sermonibus
908 1314 972 1379 odii
994 1314 1271 1379 circumdederunt
1293 1333 1353 1392 rue,

151 1424 187 1483 ct
209 1422 473 1500 expugnaverunt
487 1433 537 1480 me
552 1415 652 1497 gratis
670 1432 730 1496 pro
753 1432 800 1494 eo,
824 1422 858 1479 ut
872 1433 923 1479 me
939 1414 1118 1496 diligerent,
1141 1414 1354 1482 detrahebant

153 1518 230 1583 mibi
258 1524 291 1583 et
321 1523 498 1599 posuerunt
525 1516 693 1582 adversum
722 1533 771 1579 me
801 1515 883 1580 mala
909 1533 968 1596 pro
997 1516 1089 1580 honis
1112 1524 1144 1581 et
1166 1516 1272 1581 odium
1294 1535 1353 1599 pro

150 1617 326 1685 dilectione
348 1634 428 1682 mea.

255 1717 337 1783 Ecce
368 1717 420 1782 isti
451 1716 652 1782 sanctissimo
683 1722 715 1781 et
736 1715 987 1781 fructuosissimo
1010 1717 1137 1781 iunixus
1163 1717 1353 1784 redemtoris

151 1820 308 1901 exemplo,
331 1818 371 1884 ab
399 1817 607 1900 oppressione
637 1817 744 1899 gravi,
775 1817 883 1897 iniqua
904 1818 1065 1882 sententia
1087 1824 1120 1884 et
1143 1821 1353 1884 excommuni-

150 1920 280 1985 catione
295 1924 466 2001 praetensa
489 1915 681 2000 pontificum,
704 1917 889 1996 scribarum,
913 1917 1152 1999 pharisaeorum
1169 1926 1202 1985 et
1213 1921 1354 2003 judicum

149 2020 184 2084 in
213 2019 366 2086 cathedra
395 2019 499 2100 Moysi
520 2017 699 2083 sedentium
721 2017 761 2083 ad
783 2017 876 2082 deum
906 2018 1048 2100 appello,
1071 2021 1271 2086 committens
1293 2021 1353 2086 sibi

150 2139 281 2185 causam
295 2138 407 2200 meam,
430 2119 598 2184 salvatoris
608 2119 687 2185 lesu
711 2118 829 2185 Christi
845 2137 982 2201 sequens
998 2120 1141 2202 vestigia,
1165 2122 1249 2187 sicut
1264 2140 1353 2187 sanc-

149 2230 204 2286 tus
227 2226 262 2285 et
288 2239 420 2301 magnus
450 2219 632 2303 patriarcha
654 2218 1025 2302 constantinopolitanus
1048 2221 1189 2286 loannes
1212 2222 1349 2304 Chryso·

150 2329 276 2388 stomns
298 2341 318 2386 a
339 2321 457 2404 duplici
479 2321 703 2404 episcoporum
726 2325 758 2385 et
780 2321 967 2386 clericorum
990 2322 1133 2402 concilio,
1156 2328 1189 2387 et
1212 2323 1296 2387 beati
1320 2321 1353 2386 in

148 2440 211 2506 spe
226 2422 379 2505 episcopi,
401 2421 547 2487 Andreas
561 2422 732 2504 Pragensis
755 2427 789 2486 et
803 2420 963 2487 Robertns
985 2422 1206 2487 Linconiensis
1229 2422 1353 2504 episco-

148 2542 212 2607 pus
233 2542 255 2589 a
276 2541 360 2605 papa
381 2521 420 2587 ad
436 2540 617 2605 supremum
642 2528 675 2587 et
687 2522 896 2604 justissimum
915 2521 1064 2604 judicem,
1088 2523 1141 2605 qui
1164 2541 1222 2588 nec
1238 2525 1354 2590 timore

149 2623 346 2705 concutitur,
363 2641 428 2688 ‘nec
449 2640 557 2688 amore
579 2622 727 2704 flectitur,
751 2641 810 2690 nec
836 2642 966 2688 munere
996 2632 1162 2703 curvatur,
1186 2642 1245 2688 nec
1266 2623 1354 2689 falsis

148 2725 314 2807 decipitur
335 2724 490 2803 testibus,
513 2723 667 2804 injuriose
688 2725 835 2805 oppressi
858 2722 1021 2788 humiliter
1044 2731 1076 2789 ct
1098 2724 1270 2789 salubriter
1292 2744 1352 2806 ap·

152 2825 328 2909 pellarnnt.

258 2924 342 3009 Opto
364 2924 471 3008 igitur,
498 2930 534 2989 ut
554 2943 663 2990 omnes
684 2924 804 2989 Christi
827 2922 946 3003 fideles
970 2930 1003 2989 et
1024 2926 1215 3006 praesertim
1236 2924 1354 3008 princi·

153 3045 230 3111 pes,
261 3026 414 3100 barones,
440 3025 566 3103 milites
602 3024 735 3103 clientes
758 3030 791 3089 et
814 3026 912 3090 ceteri
935 3025 1024 3106 regni
1041 3025 1211 3091 Buhemiae
1233 3025 1355 3091 incolae

154 3129 262 3195 sciant
282 3133 316 3193 et
338 3127 571 3209 compatiantur
593 3126 667 3191 mihi
695 3144 754 3208 per
776 3127 1130 3193 excommunicationem
1153 3133 1355 3210 praetensam

154 3244 315 3312 oppresso
343 3234 405 3292 mm
435 3227 577 3306 graviter
606 3226 794 3309 acquisitam
820 3227 1005 3309 specialiter
1036 3248 1095 3310 per
1124 3228 1354 3309 instigatorem,

153 3328 315 3396 aemulum
344 3333 377 3394 et
405 3327 622 3394 adversarium
644 3348 746 3393 mcum
769 3329 956 3394 Michaelcm
979 3330 1018 3395 de
1041 3329 1169 3411 CausiS,
1198 3328 1355 3411 quondam

154 3430 326 3513 plebanum
354 3429 507 3495 ecclesiae
536 3429 566 3494 S.
601 3429 764 3494 Adalhcrti
794 3430 826 3494 in
856 3449 937 3497 noua
968 3431 1097 3496 ciuitate
1124 3430 1293 3512 Propensi,
1315 3429 1356 3494 de

153 3548 316 3599 consensu
342 3537 377 3596 et
403 3529 520 3594 auxilio
550 3532 774 3597 canonicorum
803 3531 973 3614 l'ragensis
996 3532 1166 3613 ecclesiae,
1196 3531 1301 3597 datam
1323 3538 1357 3596 et

154 3632 353 3699 fulminatum
383 3648 441 3713 per
472 3631 599 3695 Petrum
629 3631 658 3696 S.
683 3631 796 3712 Angeli
830 3633 990 3697 Romanae
1012 3633 1166 3698 ccclesiae
1188 3632 1355 3697 diaconum

154 3733 359 3812 cardinalem,
375 3730 561 3813 deputatum
573 3731 712 3813 judicem
735 3751 793 3815 per
811 3733 983 3798 llomanum
998 3732 1178 3816 pontificem
1200 3733 1356 3799 loannem

155 3832 275 3912 XXIII,
298 3832 354 3914 qui
374 3830 441 3897 lere
464 3850 523 3915 per
544 3831 624 3897 duos
653 3851 752 3898 annos
774 3833 892 3898 nullam
914 3835 1015 3900 uoluit
1037 3836 1115 3899 meis
1138 3834 1301 3899 advocetis
1324 3839 1358 3898 et

156 3933 419 4011 procuratoribus
447 3932 525 3999 dare
554 3932 765 4015 audientiam,
793 3954 874 4016 quae
896 3953 959 4001 non
988 3935 1084 4001 dehet
1106 3935 1201 4000 etiam
1222 3932 1355 4012 Judaeo,

156 4053 282 4119 pagano
316 4038 349 4099 ct
380 4033 541 4099 haeretico
574 4034 740 4115 denegari,
775 4053 834 4101 nec
866 4036 968 4101 voluit
1002 4036 1146 4116 cuiqnam
1175 4033 1356 4101 rationabili

157 4134 355 4202 excusationi
387 4133 427 4198 de
448 4154 511 4200 non
534 4136 763 4218 comparitione
794 4155 865 4203 mea
887 4137 1048 4219 personali
1070 4135 1282 4217 acquiescere,
1306 4136 1356 4200 vel

157 4236 376 4303 universitatis
406 4236 501 4301 studii
525 4237 695 4316 Pragensis
721 4239 904 4302 testimonia
927 4256 996 4302 cum
1019 4236 1170 4319 pendenti
1194 4236 1300 4316 sigillo
1324 4240 1358 4300 et

157 4337 365 4404 attestatione
404 4338 601 4420 publicorum
628 4340 824 4405 notariorum
850 4338 891 4405 ad
923 4339 1139 4405 testimonium
1173 4344 1356 4404 vocatorum

1154 4456 1189 4510 so
