2992 5258
417 412 457 464 ta.
493 410 646 479 Zbynconis
664 412 760 467 literae
778 413 813 467 ad
830 427 921 481 regem
939 414 986 467 W.·
1002 411 1090 467 datae.
1289 421 1351 484 445

155 630 232 678 zaae
253 612 421 693 nawrdtiti,
445 612 605 679 ansredii
627 614 799 699 piepustiti
829 614 1091 681 duchowcnstwie
1119 617 1215 682 wiccc
1237 617 1348 695 hubiti,

154 715 216 778 uei
237 713 337 779 ratila
358 712 419 796 mdj
442 715 574 780 ameho
589 715 777 783 ldkowstwa
790 717 957 800 milostiwy‘
981 717 1118 783 obrince
1132 717 1208 800 by'ti,
1236 718 1352 799 atbych

155 813 242 878 mohl
272 815 283 878 i
312 832 327 878 a
356 813 454 897 swy'm
484 814 703 881 ldkowstwcm
731 836 768 883 aa
790 816 859 882 TM²
885 818 960 883 ticm
983 818 1143 900 snmndjic
1165 818 1248 899 puina
1269 818 1352 883 boba

155 911 324 995 prositis
352 915 428 980 toho
450 914 529 978 ΤΜιι
554 916 629 980 tiem
662 916 828 998 robotnejc
861 917 1066 984 zasluhouati
1099 935 1140 1000 po
1174 919 1237 982 ude
1267 920 1350 999 easy.

156 1011 227 1078 Dan
250 1031 293 1078 na
312 1013 487 1097 Litomylli,
510 1015 571 1079 den
594 1014 624 1080 S.
648 1016 828 1084 Viktorina.

356 1130 545 1197 Serenitatis
569 1133 639 1198 Vf⁸⁰
668 1135 794 1199 humilis
822 1135 1015 1217 capellanua
1039 1135 1164 1218 Sbynco
1179 1136 1350 1215 Prageusis

440 1233 593 1299 ecclesiae
608 1233 874 1317 archiepiscopus,
897 1233 1195 1317 apostolicaesedis
1217 1235 1351 1337 legatus

686 1417 703 1453 'lt
812 1417 828 1454 2¹

751 1461 768 1499 *

256 1629 442 1684 Illustrissime
464 1631 598 1700 princeps,
622 1633 826 1698 generosissime
851 1634 972 1688 dominel
1008 1635 1083 1689 Sicut
1100 1635 1133 1693 Τ.
1151 1636 1188 1689 Μ.
1208 1636 1266 1704 scit,
1284 1652 1349 1704 quo·

155 1711 234 1767 modo
251 1728 313 1767 cum
330 1715 360 1769 T.
375 1715 429 1769 Μω
455 1715 613 1770 conciliatus
631 1717 694 1771 sim:
713 1722 776 1785 post
792 1730 851 1770 eam
869 1717 1021 1784 pactionem
1039 1718 1156 1786 quinque
1167 1719 1351 1774 hebdomades

156 1795 260 1865 uagae
277 1798 404 1853 morabar
426 1814 459 1853 ac
476 1814 587 1868 magnos
613 1805 717 1853 sumtus
742 1799 881 1861 faciebam,
905 1801 976 1854 omni
1000 1801 1088 1856 studi0
1106 1803 1213 1856 enitens
1231 1811 1259 1857 et
1275 1803 1350 1856 Tuae

155 1878 312 1948 Maiestatis
331 1882 500 1936 consiliarios
516 1883 638 1950 aliosque
655 1897 762 1951 rogans,
780 1888 810 1937 ut
827 1883 916 1937 aditus
932 1883 968 1937 ad
992 1884 1023 1938 Τ.
1041 1884 1116 1937 Mrem
1150 1886 1216 1940 mihi
1236 1885 1350 1940 daretur

155 1972 185 2018 ut
206 1981 269 2020 cum
286 1966 317 2020 Τ.
334 1967 408 2034 Mle,
429 1973 524 2035 utpote
546 1982 606 2021 meo
629 1957 737 2021 domino
763 1967 887 2034 benigno,
905 1966 939 2022 de
956 1970 1129 2036 querimoniis
1146 1970 1213 2024 rneia
1232 1970 1349 2038 colloqui

155 2065 270 2117 possem.
305 2052 372 2107 Cum
389 2052 576 2120 veroPragam
593 2052 727 2107 venissem
744 2057 772 2105 et
789 2052 872 2106 semel
892 2059 996 2107 tantm
1014 2051 1048 2105 ad
1066 2052 1097 2106 T.
1107 2052 1184 2106 Mum
1213 2052 1347 2107 admissus

157 2148 253 2202 essem,
280 2142 377 2203 postea
400 2151 449 2205 per
470 2136 589 2204 quinque
613 2151 660 2190 eas
684 2134 867 2190 hebdomades
890 2135 1036 2203 impetrare
1060 2151 1113 2190 non
1136 2139 1218 2204 potui,
1237 2145 1268 2190 ut
1285 2137 1350 2190 mihi

155 2217 244 2273 aditus
263 2219 299 2274 ad
320 2220 351 2274 T.
370 2220 446 2274 Mrem
474 2225 587 2288 pateret,
606 2219 691 2273 donec
708 2218 847 2273 discedere
864 2219 929 2272 mihi
946 2219 1032 2272 visum
1050 2225 1100 2273 est.
1135 2221 1235 2274 Verum
1252 2219 1347 2274 adver·

155 2302 233 2356 sariia
256 2303 324 2358 meis
346 2318 453 2371 semper
475 2302 565 2357 aditus
588 2302 623 2357 ad
649 2303 680 2357 Τ.
698 2303 773 2355 Mum
802 2308 886 2370 patet,
911 2302 1124 2370 quandocunque
1148 2304 1187 2357 eis
1210 2319 1277 2371 opus
1296 2311 1345 2358 est

153 2393 249 2458 Itaque
267 2389 356 2457 pactio
375 2387 424 2441 illa
440 2388 505 2442 mihi
523 2403 575 2441 non
594 2388 680 2441 solum
698 2404 751 2441 non
767 2387 914 2455 perficitur,
931 2386 980 2441 sed
996 2387 1086 2454 rebus,
1104 2402 1174 2454 quae
1192 2387 1264 2442 inira
1275 2403 1345 2441 com·

153 2473 380 2540 memorabuntur,
408 2471 552 2538 multisque
569 2470 630 2525 aliis
647 2471 768 2525 violatur.
804 2470 911 2524 Etenim
930 2485 964 2524 ex
980 2486 1033 2537 quo
1051 2470 1099 2523 illa
1110 2471 1199 2539 pactio
1210 2470 1285 2525 lacta
1296 2481 1347 2538 est,

154 2556 200 2610 alii
218 2555 377 2611 sacerdotes
389 2554 533 2610 manifesto
545 2561 639 2609 tenent
649 2570 681 2609 ac
692 2554 850 2623 praedicant
863 2569 968 2608 errores
981 2561 1009 2607 et
1020 2554 1203 2622 blasphemias
1215 2555 1345 2610 advorsus

156 2656 178 2695 s.
196 2640 351 2695 ecclesiam.
374 2641 442 2694 Item
459 2639 505 2692 alii
522 2639 612 2693 invitis
629 2637 818 2692 confitentibus
836 2654 946 2706 operam
959 2637 1024 2691 daut
1035 2638 1063 2690 in
1076 2638 1206 2705 ecclesiis,
1225 2640 1346 2693 eamdem

152 2726 305 2782 rehabere
330 2731 492 2793 potestatem
519 2738 552 2777 ac
576 2738 674 2792 papam
700 2722 828 2776 dicentes.
862 2721 930 2776 Item
956 2738 1038 2790 quum
1067 2738 1154 2791 nuper
1180 2723 1260 2791 jussu
1287 2738 1347 2777 meo

153 2810 324 2866 sacerdotem
350 2807 500 2877 quemdam,
534 2807 579 2876 qui
602 2807 688 2861 multa
706 2806 811 2861 nefaria
826 2807 1000 2874 perpetrarit,
1027 2821 1086 2860 cum
1103 2807 1235 2860 monacha
1251 2805 1347 2861 confir·

152 2901 227 2949 mata
245 2900 273 2948 et
290 2893 386 2961 velata,
404 2908 520 2960 quacum
537 2907 586 2960 per
604 2891 739 2944 biennium
756 2890 810 2943 huc
822 2889 886 2943 illuc
897 2889 1053 2958 vagabatur,
1072 2891 1098 2944 in
1111 2905 1246 2945 carcerem
1258 2907 1346 2945 meum

151 2977 251 3033 abduci
273 2983 417 3045 oporteret,
438 2976 483 3031 hic
506 2975 533 3028 in
558 2975 666 3029 civitate
684 2973 813 3041 Pragensi
837 2974 922 3041 erepti
946 2989 1032 3040 neque
1056 2974 1084 3027 in
1103 2989 1238 3028 carcerem
1256 2990 1344 3030 meum

151 3061 270 3130 coniecti
299 3068 369 3115 sunt
408 3061 476 3115 Item
502 3061 525 3114 si
553 3075 632 3127 quem
661 3059 788 3112 clericum
811 3065 921 3126 propter
944 3056 1105 3111 maleficium
1132 3057 1160 3110 in
1189 3058 1236 3125 J'us
1272 3075 1346 3128 voco,

151 3145 316 3201 famulorum
342 3151 448 3199 brorum
466 3144 609 3199 nonnullos
638 3150 666 3197 et
682 3142 750 3196 alios
767 3141 890 3196 homines
908 3142 995 3196 socios
1013 3148 1154 3196 assumunt
1175 3142 1301 3197 loricatos
1319 3151 1348 3198 et

150 3228 336 3284 arcuballistis
347 3229 500 3296 incoactos,
523 3244 555 3282 ac
573 3227 690 3296 superbe
708 3233 737 3280 et
753 3227 834 3281 armis
860 3226 924 3280 mihi
943 3226 1069 3280 resistere
1086 3234 1191 3294 parant,
1208 3242 1242 3280 ne
1253 3233 1347 3282 contra

155 3329 203 3369 eos
218 3314 282 3382 jure
300 3328 381 3381 agere
405 3313 512 3380 possim,
537 3312 607 3366 sicut
629 3310 663 3364 ab
688 3310 808 3364 antistite
826 3311 954 3377 Progensi
974 3308 1176 3379 superlectum
1195 3317 1244 3364 est.
1278 3311 1346 3364 Item

149 3412 282 3466 perquam
294 3395 391 3450 foedae
410 3402 437 3449 et
453 3395 646 3462 ignominiosae
664 3395 761 3448 literae
779 3394 907 3448 adversus
925 3410 968 3448 rne
986 3393 1086 3447 affixae
1099 3400 1127 3448 et
1138 3393 1263 3461 vulgatae
1275 3401 1347 3462 sunt,

149 3482 186 3536 de
209 3496 263 3550 quo
287 3479 360 3549 apud
376 3479 407 3533 Τ.
424 3479 499 3533 Mrem
531 3486 692 3547 conquestus
715 3495 782 3546 sum,
806 3494 856 3532 nec
879 3493 942 3532 vcro
960 3478 1104 3546 quidquam
1130 3477 1242 3547 proieci.
1278 3479 1351 3557 Item·
1411 3500 1416 3507 ·

147 3564 277 3619 nonnulli
303 3564 432 3633 magistri,
459 3564 575 3632 praelati
593 3569 621 3617 et
637 3562 793 3617 sacerdotes
811 3561 952 3616 usufructu
969 3562 1066 3630 privati
1084 3567 1155 3630 aunt,
1173 3562 1234 3616 aliis
1251 3563 1345 3617 vineae

148 3649 286 3717 ademtae,
311 3648 372 3703 aliis
399 3648 426 3702 in
452 3646 571 3716 praediis
598 3663 690 3702 eorum
713 3661 790 3701 omne
808 3646 971 3699 frumentum
989 3646 1089 3701 tritum.
1124 3645 1193 3700 Item
1212 3647 1346 3714 parochus

146 3733 225 3803 apud
242 3748 264 3788 s.
281 3731 421 3786 Nicolaum
447 3731 562 3799 turpiter
583 3731 793 3797 comprehensus
816 3737 865 3798 est,
891 3729 971 3798 idque
996 3729 1071 3784 nulla
1092 3731 1173 3799 culpa
1196 3730 1346 3806 commissa,

148 3817 342 3884 ademtumque
365 3815 399 3883 ei,
422 3816 494 3884 quod
517 3815 624 3870 domum
648 3831 741 3869 rursus
766 3816 909 3882 attulerat;
935 3815 1011 3869 multi
1036 3815 1082 3869 alii
1104 3816 1132 3869 in
1159 3815 1268 3869 exilium
1292 3818 1345 3871 acti

149 3908 224 3957 sunt
259 3901 335 3969 Quae
361 3899 450 3954 omnia
475 3905 536 3968 post
559 3914 619 3953 eam
640 3900 791 3967 pactionem
814 3900 853 3953 eis
871 3898 1036 3967 acciderunt,
1055 3899 1118 3968 quia
1136 3899 1163 3954 in
1181 3899 1270 3954 officio
1287 3916 1343 3954 ma·

149 3991 249 4042 nentes
274 4000 292 4039 a
317 3985 383 4039 meis
409 3984 532 4053 partibus
559 3990 699 4051 steterant,
724 3999 885 4052 quamquam
919 3985 1052 4052 utrimque
1078 4000 1170 4039 omnes
1193 3984 1346 4039 inimicitias

150 4069 254 4125 remitti
282 4068 432 4138 oportebat
467 4067 535 4122 Item
565 4068 657 4123 multis
695 4068 880 4128 sacerdotibus
908 4085 955 4124 res
983 4084 1075 4123 eorum
1103 4075 1185 4138 atque
1214 4069 1345 4123 beneficia

150 4152 272 4208 nondum
294 4151 400 4207 reddita
422 4159 494 4207 sunt.
528 4153 596 4207 Item
617 4154 649 4209 R.
667 4154 704 4209 bd.
721 4154 803 4222 jussit
828 4171 871 4209 me
889 4155 982 4209 literas
1000 4154 1065 4209 dare
1089 4154 1125 4208 ad
1142 4154 1346 4208 Sanctissimum

150 4243 258 4306 patrem
275 4235 396 4304 aliasque
414 4239 495 4291 etiam
514 4238 608 4292 literas
625 4238 755 4293 adversus
773 4239 919 4306 meipsum
937 4239 971 4293 de
989 4239 1271 4306 excommunicatione,
1299 4252 1346 4292 eos

151 4339 206 4378 non
218 4335 356 4392 peccasse,
368 4323 422 4390 qui,
435 4339 516 4390 quum
532 4323 559 4376 iu
571 4322 712 4377 interdicto
726 4330 827 4390 essent,
839 4330 930 4378 umen
943 4340 1020 4378 sacra
1031 4329 1220 4393 procurarent3
1232 4323 1304 4392 quod
1321 4321 1344 4377 si

150 4408 287 4478 iecIssem,
311 4413 403 4462 contra
424 4407 540 4461 ammam
563 4423 649 4462 meam
673 4408 855 4475 honoremque
879 4423 966 4462 meum
990 4408 1094 4462 luisset.
1129 4406 1197 4463 Item
1224 4407 1345 4475 quamvis

150 4492 277 4547 omnibus
295 4491 395 4546 viribus
411 4490 610 4552 contenderem,
629 4506 662 4545 ne
680 4490 900 4546 excommunicati
918 4493 1013 4546 missas
1031 4490 1257 4560 administrarent,
1277 4507 1342 4547 neve

150 4577 343 4647 praedicarent
363 4591 429 4630 nese
452 4575 641 4631 confitentibus
666 4592 776 4644 operam
802 4575 915 4644 darent,
944 4575 1152 4643 haudquaquam
1180 4574 1208 4628 id
1236 4575 1344 4630 efficere

150 4663 236 4732 potui.
271 4660 338 4718 Rari
354 4677 460 4731 quoque
478 4668 557 4716 erant
573 4661 640 4730 dies,
658 4661 747 4729 quoad
759 4663 863 4729 Pragae
877 4661 1068 4728 commorabar,
1086 4661 1183 4729 quibus
1195 4661 1344 4716 adremarii
