2992 5258
389 391 459 430 suno
479 378 542 429 1414
561 391 593 429 ex
611 375 707 429 itinero
726 376 930 431 Constantionsi·
967 380 1000 431 31
1026 379 1065 432 35.
1083 381 1124 434 36.
1299 382 1340 447 69

151 578 267 660 alicha}
294 586 347 644 oto
369 597 441 643 mno
462 576 670 644 kaoierstwio.
693 579 720 642 A
743 578 850 643 budeli
872 599 913 644 no
933 598 1005 645 mne
1028 580 1119 646 ktere
1142 582 1339 648 kooieistnie

150 678 329 758 donodono,
351 678 577 745 neodmlriwrim
589 678 664 759 juko
676 678 785 744 kacioi
803 681 937 761 utrpdti:
957 681 1054 762 joiror'.
1076 681 1158 746 uirirn
1172 682 1268 764 riplne
1282 684 1339 747 mi·

150 778 233 843 ldrnu
253 779 355 859 botru,
388 782 425 844 ic
447 778 541 845 iidem
564 779 737 862 utrhawy'nr
761 781 887 863 prowdy
911 780 1131 863 protinnikdm
1153 783 1342 865 nepiopusti

153 879 211 943 nod
234 880 364 961 prawdd
387 880 542 946 switdziti.

247 996 276 1048 E
291 994 353 1049 MS.
371 994 499 1049 isladon.
515 1013 545 1064 p.
564 995 606 1050 18.

246 1079 300 1131 Ed.
318 1081 348 1131 in
365 1081 449 1148 Epist.
465 1081 545 1149 piiss.
565 1078 601 1132 B.
619 1078 646 1132 3.
661 1079 732 1149 Opp.
753 1079 819 1133 Hus
837 1081 953 1147 (latine)
972 1081 998 1144 Ι,
1011 1082 1030 1134 2
1042 1089 1067 1134 et
1078 1080 1104 1134 3.
1124 1080 1222 1151 Hofler
1239 1081 1264 1145 Ι,
1282 1079 1341 1135 119.

154 1161 245 1214 Erben
262 1162 322 1224 ΙΙΙ,
341 1160 406 1216 276.

676 1231 694 1267 *
796 1231 813 1268 *

736 1277 753 1314 ³i¹

247 1412 349 1480 Regiae
366 1413 515 1481 Mojestoti,
532 1413 650 1481 remoue,
669 1429 760 1468 eorum
778 1414 938 1470 consiliariis
956 1421 985 1470 ot
1000 1415 1139 1483 praesecto
1157 1413 1236 1469 sulae
1249 1415 1344 1482 regiae

149 1497 248 1564 totique
265 1497 344 1551 aulus
361 1497 465 1565 regiae!
488 1498 560 1564 Ego,
579 1498 706 1564 mumster
722 1498 841 1552 Jonnnes
858 1499 926 1566 Hos,
953 1506 1044 1554 notum
1062 1500 1133 1554 iasio
1150 1515 1183 1554 oc
1210 1498 1340 1567 significo,

151 1596 200 1646 mo,
217 1597 300 1648 quum
312 1595 330 1634 o
342 1582 422 1635 cortis
434 1581 586 1635 homiuibus
598 1581 741 1635 manifesto
754 1583 951 1650 comperissem,
963 1584 1062 1637 aliatus
1074 1598 1133 1638 osse
1143 1584 1236 1637 litorss
1246 1598 1341 1651 opopa

150 1663 181 1716 sd
196 1664 308 1732 Regiam
321 1664 493 1732 Mnjostotem
512 1667 538 1733 (o
547 1680 600 1733 quo
612 1672 702 1719 autom
712 1666 877 1734 perscriptae
891 1674 991 1734 essent,
1010 1667 1182 1735 nesciobam),
1199 1667 1227 1720 in
1245 1666 1342 1735 quibus

150 1749 275 1816 scriptum
288 1750 331 1816 sit,
349 1758 379 1803 ut
397 1749 482 1817 Regio
493 1742 627 1818 ntojostoo
646 1766 680 1803 ox
697 1765 838 1816 regnosuo
853 1750 998 1805 Bohemiso
1016 1750 1166 1805 haereticos
1178 1746 1343 1817 pullulantes

150 1848 278 1886 orunourc
296 1832 412 1900 studeat,
430 1848 574 1901 quumque,
592 1841 622 1887 ut
639 1834 743 1887 confido
755 1833 815 1901 deo,
834 1834 891 1887 sino
909 1833 1059 1902 mosculps
1071 1833 1133 1887 tulis
1151 1833 1224 1887 famu
1242 1832 1275 1887 do
1300 1848 1342 1887 me

149 1917 287 1982 emanarit,
300 1916 338 1970 itu
347 1924 376 1970 ut
388 1917 471 1984 digito
481 1923 625 1971 monstror:
638 1926 672 1970 ne
684 1925 795 1986 propter
806 1918 940 1985 meRegis
950 1919 1082 1985 MoJ'cstss
1094 1917 1243 1971 calumnias
1252 1922 1280 1970 et
1289 1917 1340 1970 Bo·

149 2000 236 2054 hemia
252 2000 396 2067 opprobrio
409 2001 512 2066 subest,
530 2001 629 2056 multus
647 2002 775 2070 epistolas
793 2003 846 2057 huc
862 2002 927 2056 illuc
944 2003 1004 2057 misi
1022 2009 1050 2056 et
1064 2000 1215 2068 affigendus
1232 2015 1339 2067 quoque

148 2085 249 2150 curari,
268 2084 397 2152 profitens
414 2101 456 2138 mo
474 2086 501 2138 iu
518 2084 581 2138 suia
598 2086 792 2153 archicpiscopi
810 2091 917 2154 praesto
936 2086 1055 2141 futurum
1073 2101 1142 2152 esso,
1166 2092 1196 2139 ut
1218 2083 1340 2138 veritatis

149 2184 222 2223 meae
239 2169 356 2236 cognitio
373 2169 410 2222 ibi
428 2168 518 2235 tieret3
535 2168 648 2236 proinde
666 2169 688 2222 si
707 2170 766 2238 quis
784 2171 811 2223 iu
828 2176 885 2224 toto
909 2169 960 2224 hoc
977 2170 1122 2225 Bohemiue
1146 2183 1229 2236 regno
1254 2172 1339 2232 esset,

149 2254 190 2320 qui
207 2253 330 2307 haeresis
347 2253 429 2307 ullius
446 2269 489 2306 mo
506 2253 630 2307 incusare
648 2260 748 2327 posset,
766 2254 793 2308 in
812 2254 874 2308 unia
897 2253 1091 2330 archiepiscopi
1109 2267 1205 2306 nomeu
1230 2249 1339 2319 profite-

147 2346 219 2390 retur
236 2337 326 2405 ibique
344 2352 433 2390 coram
450 2352 525 2390 reum
543 2351 585 2390 me
603 2343 705 2403 ageret.
723 2338 823 2392 Verum
841 2338 904 2406 quic
926 2353 1004 2392 nomo
1018 2336 1117 2405 prodiit
1138 2352 1170 2389 sc
1181 2334 1213 2388 D.
1226 2333 1339 2388 Archis-

148 2422 271 2489 piscopus
288 2420 354 2474 mihi
365 2420 485 2488 meisque
502 2421 721 2488 procuratoribus
743 2421 855 2476 sistendi
881 2427 1043 2490 potestatem
1064 2435 1118 2474 non
1141 2419 1218 2473 iecit:
1242 2417 1341 2471 idcirco

147 2520 193 2571 por
216 2503 349 2571 justitium
379 2504 490 2558 obsecro
507 2504 620 2572 Regiam
642 2504 815 2573 Msjestatem
841 2506 1014 2573 reginamque
1043 2518 1188 2571 eorumque
1216 2502 1340 2556 consilio·

150 2588 200 2640 rios
218 2594 251 2641 et·
262 2587 429 2655 praefectum
447 2588 529 2641 totius
555 2588 634 2642 aulae
651 2588 751 2657 regico,
777 2596 808 2643 ut
825 2589 889 2643 mihi
913 2589 1016 2658 justum
1051 2587 1134 2655 hujus
1156 2587 1195 2640 rei
1222 2587 1341 2641 testimo·

149 2672 217 2724 nium
244 2670 310 2725 doro
328 2671 427 2738 velint,
453 2687 496 2725 me
514 2672 565 2725 hoo
582 2687 642 2727 esse
659 2674 811 2740 professum
829 2679 909 2741 atquo
932 2671 1039 2742 publice
1065 2671 1158 2726 literas
1183 2669 1219 2722 do
1239 2669 1291 2723 hac
1308 2684 1338 2722 re

148 2754 273 2823 affixisse,
291 2770 378 2822 nequo
396 2771 556 2823 quemquam
574 2756 601 2809 in
615 2757 666 2811 hoc
676 2772 758 2824 regno
775 2764 870 2811 contra
881 2772 923 2811 roe
937 2757 1081 2811 exstitisse.
1092 2758 1133 2810 Ac
1149 2760 1259 2823 prsetcr
1272 2754 1342 2808 hoec

149 2839 233 2892 omnia
251 2846 343 2892 notum
361 2838 431 2894 isoio
448 2841 496 2894 toti
506 2840 652 2895 Bohemioe
669 2840 783 2908 aliisquo
800 2843 880 2895 torris
896 2849 978 2898 antee
995 2841 1062 2896 sotis
1079 2841 1193 2907 magnis,
1209 2837 1279 2891 veile
1297 2850 1340 2890 me

150 2922 203 2975 sisti
227 2922 400 2976 Constantios
418 2923 444 2977 in
462 2923 575 2977 concilio
592 2925 776 2993 pronunciato,
795 2925 818 2978 si
835 2940 906 2992 popo
923 2925 959 2978 ibi
977 2924 1087 2978 iuturus
1107 2923 1149 2989 sit,
1167 2936 1257 2976 coram
1270 2934 1341 2988 popa

150 3014 280 3059 eteorum
298 3022 331 3060 co
348 3008 460 3061 ooncilio
473 3008 600 3075 generali.
618 3011 659 3063 Ao
677 3009 699 3062 si
712 3007 772 3076 quis
785 3007 921 3061 haeresim
934 3005 1017 3059 ullum
1029 3005 1114 3060 dome
1127 3003 1233 3058 deferre
1243 3008 1340 3071 potest,

149 3088 276 3158 proficisci
294 3090 493 3159 purotodillnd
511 3092 661 3158 concilium,
680 3099 710 3146 nt
721 3091 757 3144 ibi
767 3106 858 3144 coram
871 3105 942 3157 papa
953 3087 1340 3143 ettotoconoiiiosuonomine

150 3172 274 3239 proferat,
284 3190 365 3242 quum
374 3192 491 3243 unquam
501 3177 635 3231 haeresim
645 3193 661 3230 s
671 3192 713 3230 me
723 3175 848 3229 audierit.
867 3173 968 3241 Quodsi
979 3173 1061 3227 ullius
1070 3173 1191 3227 haeresis
1202 3171 1340 3225 convictus

151 3270 201 3323 ero,
218 3273 272 3311 non
285 3250 380 3313 recuso
393 3259 522 3313 haeretici
539 3275 641 3328 poenos
653 3260 734 3326 doro3
752 3258 857 3312 confido
869 3264 959 3312 autem
973 3273 1084 3325 prorsus
1096 3257 1194 3311 dilooto
1206 3256 1265 3321 deo,
1279 3270 1339 3308 eum

151 3355 198 3393 non
209 3355 270 3394 esse
284 3357 481 3412 concessurum,
495 3351 525 3397 ut
536 3344 731 3399 obtrectatores
745 3350 773 3398 et
780 3343 902 3397 veritatis
916 3341 1064 3396 adversarii
1073 3341 1212 3395 veritatem
1222 3339 1337 3393 rincum.

711 3675 772 3748 36.

200 3860 473 3975 Sigisrnnndo
505 3864 795 3949 Romanorum
826 3881 869 3949 et
897 3865 1148 3973 Hungariae
1177 3867 1283 3974 regi.

157 4078 340 4131 Constantium
358 4080 536 4148 profecturus
554 4098 642 4148 repent
664 4082 805 4149 implorat,
823 4091 853 4133 ut
864 4082 958 4149 fidem,
976 4097 1059 4148 qruom
1077 4088 1155 4140 tarci,
1174 4082 1203 4130 in
1223 4077 1338 4129 concilio

153 4162 256 4227 pirdiiec
262 4163 390 4232 profiteri
399 4165 452 4216 sibi
462 4165 720 4232 licent,yratios‹1ue
730 4167 847 4233 opitpro
854 4164 1041 4218 benevolentia
1049 4179 1136 4231 crepe
1146 4162 1199 4214 sibi
1209 4160 1336 4213 exhibita.

564 4315 686 4381 (Progne,
706 4316 779 4383 141⁴,
799 4319 811 4368 l
831 4316 916 4383 Sept.)
1008 4360 1012 4367 .

244 4483 452 4547 Seronissirno
476 4483 610 4565 principi
638 4490 670 4549 et
692 4483 818 4549 domino
840 4483 878 4548 Ι).
901 4483 1102 4565 sigismundo
1125 4483 1336 4548 Romanorum

154 4584 216 4662 regi
238 4590 271 4648 ot
293 4583 476 4664 Hungarioo
498 4584 566 4665 regi
587 4600 623 4648 sc.
655 4602 713 4649 suo
736 4584 861 4650 domino
893 4583 1049 4664 gratioso:
1082 4585 1257 4649 orationum
1280 4582 1337 4646 hu·
