2992 5258
238 370 277 426 30
695 362 834 430 Epistolae
851 364 966 430 scriptae

237 579 328 617 sacras
346 564 443 618 Christi
461 564 573 617 literas?
596 562 706 628 Scimte,
723 563 768 630 qrri
786 563 825 616 ita
841 562 988 630 praedicet,
1007 579 1067 619 eum
1092 580 1151 619 esse
1169 580 1274 619 sermm
1299 571 1326 617 et
1343 563 1428 618 filium

237 645 335 700 diaboii
354 652 434 713 atque
452 645 571 714 pejorem
591 645 682 699 intimo
701 645 768 700 laico
795 647 874 700 hono.
892 645 986 713 Neque
1004 655 1083 716 pater
1107 648 1151 702 dei
1176 654 1218 701 est
1240 649 1264 702 is
1288 647 1428 702 sacerdos:

237 735 310 783 esset
327 730 395 783 enim
413 728 481 783 deris
497 728 569 782 filins
586 728 669 797 hujus
686 728 851 796 sacerdotis;
870 730 943 797 atqui
962 731 1005 784 hic
1022 730 1148 785 sacerdos
1166 736 1208 783 est
1225 729 1323 784 diaboii
1342 730 1427 796 iilius3

237 829 300 881 ergo
317 812 384 867 deus
402 819 475 867 esset
490 813 562 867 filius
580 812 679 867 diaboli
692 827 801 881 qnoque
827 812 922 880 Neque
940 828 1003 866 vero
1015 814 1149 879 sacerdos,
1168 814 1213 881 qui
1226 828 1343 867 errorem
1356 815 1428 868 huuc

236 897 423 964 praedicatae
440 903 522 964 tenet,
540 902 646 951 creator
668 905 710 951 est
732 897 851 964 corporis
869 895 959 962 divini,
983 896 1032 951 sed
1055 903 1149 951 auctor
1165 897 1287 951 haeresis
1304 913 1426 966 maguae.

237 982 333 1036 Utatur
350 981 413 1035 licet
429 981 529 1036 auxilio
546 980 661 1034 omnium
676 980 809 1035 sociomuu
828 987 909 1047 atque
921 987 1044 1048 procreet
1061 996 1141 1034 unam
1159 979 1278 1035 leudem:
1295 986 1351 1035 tum
1364 996 1427 1035 con·

236 1065 341 1133 titehor,
363 1082 423 1120 esse
442 1082 488 1121 eoa
507 1067 657 1121 creatores!
675 1065 748 1119 Fieri
766 1080 818 1118 uon
836 1071 933 1133 potest,
951 1081 1031 1131 quum
1049 1064 1155 1130 longum
1175 1065 1217 1132 sit,
1235 1065 1325 1119 uthis
1342 1064 1428 1119 literis

236 1149 441 1204 demonstretur.
476 1148 595 1203 Oiortes
607 1148 757 1202 christiani!
786 1164 848 1202 num
863 1148 920 1216 jam
946 1163 1039 1201 omnes
1057 1148 1169 1201 emortui
1188 1149 1261 1216 estis,
1288 1147 1359 1217 quod
1385 1165 1427 1202 er-

235 1250 310 1288 rores
327 1233 370 1301 agi
388 1232 508 1301 patimini
533 1240 560 1284 et
583 1232 692 1286 verbum
717 1232 832 1285 divinum
855 1230 952 1285 adduci
975 1232 1002 1284 in
1024 1233 1184 1296 angustum?
1212 1232 1342 1300 Dispicite
1360 1247 1427 1286 neve

235 1317 328 1371 sinatis
346 1312 481 1370 diahoium
507 1315 581 1368 vobis
600 1315 739 1369 dominari.
775 1315 832 1382 Qua
860 1315 886 1367 in
910 1331 939 1367 re
962 1330 1008 1368 vos
1032 1313 1155 1368 domiuus
1177 1315 1258 1382 dctis,
1284 1317 1328 1383 qui
1352 1315 1426 1369 solus

234 1406 339 1454 creator
356 1406 384 1453 et
400 1405 490 1467 potest
507 1415 566 1454 esse
584 1406 612 1452 et
630 1404 679 1466 est,
698 1398 816 1465 adjuvet.
854 1399 950 1452 Amen.

759 1727 764 1738 ’
803 1763 859 1837 13.

531 1954 770 2039 Wladislao
797 1957 888 2065 regi
909 1952 1123 2037 Poloniac.

236 2173 425 2239 Conqueritur.
451 2173 553 2224 clerum
583 2171 737 2223 aimorsieca
764 2170 874 2223 tuerent
900 2170 981 2223 valde
1008 2171 1181 2236 inquii—raetiam
1201 2186 1271 2230 case,
1295 2171 1425 2237 docetque

234 2266 391 2325 propterea.
409 2256 483 2322 quod
500 2256 572 2308 hanc
593 2255 798 2323 corruptionem
825 2238 975 2324 impugnem,
992 2271 1021 2306 ee
1031 2272 1050 2305 a
1060 2253 1249 2306 sacerdotibus
1264 2255 1424 2308 simoniacis

689 2338 815 2390 inaerari
836 2336 964 2390 haeream.

721 2505 808 2570 (1412,
827 2506 859 2557 10
875 2503 950 2568 Jun.)

531 2709 579 2774 „A.
597 2705 629 2759 D.
647 2705 824 2772 dccccxli,
842 2704 869 2758 in
887 2705 932 2759 die
949 2704 1099 2772 Barnabae,
1117 2704 1184 2773 Regi
1203 2705 1354 2760 Poloniae.“

598 2788 736 2857 „Epistola
753 2787 908 2842 describens
926 2787 1055 2842 malitiam
1073 2787 1162 2842 cleri.“

333 2958 504 3024 Salvatoris
526 2957 603 3023 iesu
634 2955 875 3036 christigratia
906 2973 963 3037 pro
991 2956 1130 3037 regendo
1158 2975 1215 3020 suo
1245 2959 1362 3040 populo
1391 2966 1423 3023 et

235 3059 379 3149 provita
399 3057 519 3139 gloriae
542 3056 772 3138 consequenda.
848 3102 853 3113 1

332 3158 540 3224 Serenissime
551 3157 716 3240 princeps!
740 3157 854 3237 Magno
869 3156 1050 3222 consolatus
1064 3175 1131 3221 sum
1149 3158 1273 3238 gaudio,
1290 3158 1421 3223 audiens

234 3258 317 3339 qnod
339 3248 394 3322 Vra
413 3258 506 3324 Ser¹⁸⁸
529 3277 598 3324 cum
629 3258 698 3322 ill¹¹¹⁰
721 3257 865 3339 principe
895 3274 971 3338 rege
992 3257 1209 3336 sigismundo,
1232 3257 1421 3340 disponente

234 3359 440 3442 omnipotenti
471 3358 606 3435 domiuo,
639 3355 857 3433 concordavit3
891 3361 923 3420 ct
950 3357 1074 3421 demum
1107 3376 1163 3422 oro
1193 3377 1262 3423 cum
1295 3359 1421 3440 populo,

234 3458 317 3540 ‹pued
339 3460 370 3522 in
393 3459 443 3523 via
462 3458 603 3540 justitiae
627 3458 691 3521 sita
712 3457 877 3538 utriusque
906 3475 975 3520 cum
1003 3458 1127 3540 populis
1150 3458 1316 3540 dirigatur.
1360 3459 1422 3524 Pro

234 3559 583 3641 q110‚ill¹¹¹⁰princepS,
616 3557 906 3640 praenecessarium
939 3556 1063 3623 videtur
1095 3565 1158 3625 tarn
1180 3559 1248 3622 vm
1276 3558 1419 3640 Magnifi-

234 3659 357 3724 centiae
379 3676 471 3739 quam
493 3658 592 3741 ipsius
614 3657 699 3738 regis
721 3655 912 3737 sigismundi
942 3658 1164 3738 excellentiae,
1192 3658 1254 3725 ino
1280 3666 1314 3725 et
1343 3659 1419 3725 alio·

234 3779 302 3825 rum
324 3758 510 3842 principum,
533 3758 616 3841 quod
638 3759 809 3824 simoniaca
839 3758 980 3823 haeresis
1006 3779 1026 3824 a
1047 3759 1162 3825 vestris
1191 3759 1337 3826 dominiis
1366 3779 1419 3826 se-

234 3861 387 3926 cludatur.
430 3858 492 3924 Sed
513 3858 664 3940 uumquid
685 3858 876 3940 exspectabo
902 3858 1002 3940 ipsius
1024 3860 1259 3940 exterminium,
1287 3878 1357 3926 cum
1379 3862 1418 3926 ad

234 3969 355 4026 tantum
378 3977 467 4023 suum
490 3958 615 4024 diffudit
636 3977 800 4039 venenum,
823 3959 905 4041 quod
928 3962 980 4024 vix
1001 3961 1115 4026 alicubi
1139 3963 1334 4044 reperiretur
1356 3964 1419 4028 cle-

234 4079 288 4124 rus
311 4067 343 4126 et
364 4059 509 4142 populus,
532 4059 606 4140 quin
630 4058 800 4125 simoniaca
815 4060 939 4125 haeresi
961 4061 1003 4124 sit
1023 4063 1215 4142 percussus?
1237 4062 1314 4140 Quis
1336 4065 1419 4131 enim

233 4159 288 4226 dat
309 4160 523 4244 episcopatum
547 4160 669 4239 sincere
698 4165 830 4243 propter
851 4161 1003 4226 honorem
1025 4160 1093 4240 dei}
1124 4169 1258 4245 propter
1285 4164 1419 4230 salutem

234 4261 340 4343 popuii
363 4267 397 4326 et
418 4267 550 4344 propter
575 4261 709 4326 salutem
731 4261 912 4343 propriam?
956 4262 1033 4339 Quis
1054 4262 1149 4328 etiam
1178 4283 1257 4345 pure
1287 4271 1420 4347 propter

234 4361 287 4425 iila
308 4362 371 4426 tria
384 4362 563 4443 compulsus
584 4361 700 4442 accipit
715 4363 939 4443 episcopatum,
961 4361 1163 4443 plebanatum
1185 4363 1234 4428 vel
1257 4363 1341 4428 aliud
1364 4364 1419 4428 be·

234 4460 398 4525 aeficium?
429 4461 557 4540 Vellem,
580 4461 663 4542 quod
684 4461 774 4524 multi
797 4467 915 4540 essent,
944 4462 997 4542 qui
1019 4480 1076 4543 pro
1099 4465 1247 4544 servitio,
1280 4482 1338 4547 pro
1360 4465 1418 4529 hu·

234 4579 324 4627 urano
347 4561 452 4626 favore
475 4580 536 4626 non
558 4562 755 4643 acciperent!
778 4560 840 4625 Sed
861 4562 1011 4644 numquid
1034 4581 1096 4627 nou
1119 4563 1267 4645 impletur
1289 4565 1418 4630 verbum
