2992 5258
326 430 397 468 anne
416 417 480 468 1414
498 432 532 469 ex
550 417 645 470 itinere
664 417 871 471 Constantiensi.
906 419 946 472 39.
965 422 1005 472 40.
1224 424 1262 488 77

480 803 518 884 E
558 807 571 886 i
610 835 630 887 s
671 806 699 886 d
739 836 761 888 e
799 837 854 888 m.

246 1020 291 1072 De
308 1020 399 1071 variis
417 1019 498 1070 rebus
513 1037 566 1088 per
582 1029 708 1072 satorem
728 1023 833 1072 (amicos
850 1024 979 1074 certiores
992 1022 1075 1090 fecit.

450 1186 642 1253 (constantiae,
660 1189 677 1239 4
694 1186 761 1240 Ner.
774 1158 866 1255 ι1414.)
954 1266 956 1270 Α

166 1352 258 1418 Salus
274 1374 293 1418 a
309 1352 434 1418 Christo
450 1353 537 1419 Jesu.
562 1353 713 1418 Venimus
736 1356 767 1418 iu
791 1354 1007 1423 Constantiam
1031 1359 1164 1425 sabbato
1187 1370 1261 1442 post

75 1455 182 1521 lestnm
205 1454 352 1520 Omnium
374 1460 564 1536 sanctorum,
588 1456 656 1520 sine
679 1456 764 1520 omni
785 1464 984 1537 nocumento,
1007 1463 1261 1540 pertranseundo

74 1556 225 1634 civitates,
247 1555 435 1637 applicando
451 1556 666 1621 intimationes
688 1557 803 1622 latinas
824 1563 857 1622 et
871 1558 1064 1638 teutonicas3
1087 1567 1120 1625 et
1142 1568 1260 1627 stamus

73 1655 365 1720 inconstantiam
387 1655 495 1736 platea
516 1675 616 1738 prope
639 1675 740 1739 papae
763 1657 943 1739 hospitium,
973 1667 1006 1723 et
1028 1663 1169 1726 venimus
1192 1665 1260 1728 sine

72 1756 153 1820 salvo
176 1756 344 1822 conductu.
374 1756 417 1850 Et
442 1756 475 1820 in
498 1757 636 1821 crastino
659 1756 795 1821 Michael
817 1756 857 1821 de
880 1759 991 1823 Causis
1013 1761 1166 1842 applicuit
1188 1784 1259 1845 pro-

71 1874 176 1922 cessus
199 1857 232 1921 in
255 1857 389 1943 eeclesia
412 1862 523 1922 eontra
550 1877 613 1938 me,
648 1864 681 1922 et
714 1859 1017 1940 superscriptionem
1051 1864 1158 1942 posuit
1190 1884 1259 1928 cum

70 1975 180 2039 magno
203 1964 310 2036 textu,
344 1957 428 2038 quod
451 1958 504 2023 isti
527 1975 696 2040 processus
723 1966 797 2023 sunt
819 1965 930 2029 contra
958 1965 1259 2040 excommunicatum

70 2065 100 2123 et
119 2059 318 2141 pertinacem
339 2059 430 2139 dean.
454 2059 522 2123 Hus
546 2066 579 2124 et
594 2065 777 2140 suspectum
799 2060 838 2125 de
861 2061 995 2139 haeresi,
1020 2069 1053 2127 et
1067 2064 1166 2130 multa
1188 2067 1257 2131 alie.

68 2159 132 2240 ligo
156 2168 345 2226 tamencum
368 2158 526 2240 adjutorio
550 2159 600 2224 dei
620 2159 695 2224 illud
710 2179 774 2225 non
789 2160 930 2241 adverto,
953 2163 1066 2242 sciens
1085 2164 1169 2244 quod
1181 2165 1259 2231 dens

67 2259 151 2326 misit
172 2260 261 2326 illum
284 2266 395 2325 eontra
416 2278 475 2340 me,
500 2259 632 2325 etmihi
653 2260 859 2325 malediceret
880 2267 1013 2343 propter
1027 2270 1159 2344 peccata
1180 2285 1257 2340 mea,

66 2361 339 2444 adprobandum,
373 2363 400 2427 si
428 2364 543 2428 scirem
573 2370 605 2428 et
635 2364 729 2427 velim
760 2363 878 2445 aliquid
902 2364 976 2446 pati.
1020 2355 1058 2428 D.
1080 2367 1258 2432 Lacembolr

65 2479 134 2526 cum
157 2463 198 2526 I).
220 2464 345 2528 Joaune
360 2463 473 2544 Keplm
495 2463 625 2528 fuerunt
646 2481 751 2528 coram
774 2483 864 2545 papa,
888 2471 921 2527 et
943 2465 1045 2544 locuti
1056 2472 1131 2530 sunt
1152 2486 1258 2532 secum

63 2561 186 2626 deme.
221 2563 280 2641 Qui
303 2562 477 2645 respondit,
501 2563 584 2645 quod
606 2564 650 2627 m'l
673 2564 741 2628 vult
762 2563 867 2628 iacere
890 2583 947 2646 per
970 2567 1161 2632 violentiam.
1200 2569 1257 2633 Fa-

62 2668 176 2743 matur‚
200 2664 400 2744 sedlerter,
424 2664 507 2745 quod
529 2664 721 2730 Benedictus
743 2684 826 2745 papa
841 2664 1053 2746 Hispanorum
1076 2669 1198 2749 equitat
1219 2670 1257 2734 ad

62 2764 239 2829 concilium.
259 2760 262 2765 ’
283 2764 435 2829 Nuntium
457 2764 551 2829 hodie
574 2765 748 2843 habuimus
772 2763 855 2845 qrrod
878 2766 940 2829 dux
962 2766 1164 2847 Burgundios
1187 2789 1257 2835 cum

61 2862 143 2929 duee
166 2864 356 2931 Brabantiae
379 2870 583 2931 recesserunt
604 2865 643 2930 de
656 2883 776 2946 campo,
799 2873 832 2931 et
853 2867 938 2947 quod
960 2885 1015 2931 rex
1038 2867 1257 2948 Sigismnndns

61 2964 145 3030 infra
167 2972 235 3030 tres
268 2966 337 3030 dies
360 2965 469 3031 debuit
491 2985 562 3032 esse
596 2966 627 3029 iu
651 2964 752 3030 Czaeh
769 2964 802 3048 *)
835 2975 868 3030 et
900 2968 1061 3046 coronari,
1095 2978 1129 3035 et
1149 2960 1256 3035 *debet

60 3064 165 3146 ipsum
189 3085 272 3148 papa
293 3085 362 3130 cnm
385 3067 519 3151 concilio
541 3073 737 3148 exspectare.
760 3065 802 3130 Et
824 3067 898 3148 quia
918 3067 1138 3134 aConstantia
1160 3070 1258 3136 distet

61 3165 167 3231 Czach
192 3165 232 3229 te
253 3166 408 3246 milliaria,
431 3168 574 3247 aestimo,
597 3166 743 3249 quodvix
767 3185 822 3230 rex
844 3168 952 3232 veniet
973 3169 1012 3232 ad
1033 3169 1254 3247 Nativitatem

55 3265 151 3344 juxta
184 3265 245 3331 hee
280 3267 421 3348 aestimo,
456 3268 540 3349 quod
562 3266 632 3332 finis
656 3269 718 3332 erit
740 3267 874 3347 concilii,
908 3268 934 3331 si
968 3285 1029 3332 non
1053 3269 1253 3348 dissolvetur,

60 3365 146 3430 forte
168 3367 254 3431 circa
275 3366 401 3449 pascha.
426 3368 468 3433 Et
489 3369 636 3450 pabulum
660 3374 710 3433 est
732 3369 764 3432 in
787 3386 860 3432 caro
882 3367 962 3447 loro,
984 3368 1087 3433 lectus
1109 3389 1168 3451 per
1190 3390 1252 3435 me·

59 3465 148 3530 dium
170 3466 325 3532 florenum
346 3469 379 3531 in
401 3470 594 3549 septimana3
617 3470 689 3550 equi
712 3476 787 3533 sunt
808 3469 840 3532 in
863 3470 945 3533 bono
968 3468 1052 3545 for0;
1075 3471 1129 3550 qui
1151 3481 1254 3537 emtus

60 3573 112 3630 ost
135 3567 167 3630 iu
190 3567 343 3632 Belremia
375 3588 433 3650 pro
456 3586 512 3634 sex
539 3570 715 3649 sexagenis
749 3569 803 3635 dat
874 3587 932 3651 pro
962 3576 1084 3651 septem
1117 3569 1254 3637 floronis.

59 3665 128 3730 Nos
151 3685 222 3731 cnm
256 3667 294 3731 D.
325 3668 448 3733 Joaune
482 3668 653 3734 direximus
682 3689 779 3751 equos
802 3690 832 3733 a(
875 3689 968 3734 unam
990 3671 1159 3750 civitatem,
1189 3675 1254 3739 scil.

59 3766 290 3850 mesaspus,
323 3787 383 3850 per
404 3776 540 3849 quatuor
562 3770 717 3834 milliaria.
761 3770 803 3834 Et
824 3771 966 3846 aestimo,
989 3773 1072 3853 qrrod
1094 3773 1157 3838 cito
1180 3773 1254 3837 deli·

58 3865 141 3932 ciam
171 3868 204 3931 in
235 3871 441 3948 necessariis;
476 3871 547 3935 ideo
576 3870 726 3951 apponite
749 3868 993 3934 sollicitudinem
1022 3872 1106 3936 circa
1127 3873 1252 3951 amicos,

58 3985 141 4047 quos
174 3968 301 4048 longum
335 3969 419 4034 foret
448 3971 622 4050 nominare,
657 3977 690 4035 et
712 3989 880 4036 orrerosum
902 3973 1091 4052 excogitare.
1135 3973 1172 4036 1).
1196 3975 1253 4038 La-

58 4067 193 4133 cembolr
218 4068 311 4135 hodie
335 4070 458 4150 equitat
478 4069 518 4135 ad
542 4089 659 4150 regom,
682 4078 717 4135 et
738 4071 875 4152 injunxit
888 4071 974 4148 milri,
997 4071 1081 4152 quod
1103 4076 1177 4138 ante
1198 4074 1252 4138 nd-

60 4174 191 4233 nentum
214 4169 301 4248 regis
323 4169 401 4234 nihil
425 4176 578 4236 attentem
601 4171 702 4251 quoad
719 4179 819 4248 actum,
842 4177 875 4235 et
897 4189 1001 4252 spero,
1024 4172 1107 4251 qued
1122 4191 1252 4254 respon·

60 4267 143 4333 debe
165 4269 198 4333 in
221 4269 348 4350 publica
369 4269 538 4336 audientia.
583 4272 778 4336 Porisienses
800 4277 875 4334 suut
896 4271 985 4335 multi
1008 4277 1041 4334 et
1062 4271 1172 4352 Italici,
1196 4275 1252 4338 sed

61 4367 162 4433 adhue
192 4368 286 4451 pauci
317 4368 564 4451 archiepiscopi,
600 4376 633 4435 et
654 4371 796 4452 episcopi
817 4372 913 4436 etiam
936 4372 1040 4452 parrei3
1075 4372 1251 4440 cardinales

71 4566 219 4576 <sm-...a

95 4651 115 4714 ⁸)
134 4657 149 4700 i.
165 4671 177 4701 e
206 4654 359 4716 Aquisgroni.
