2992 5258
225 393 266 454 92
552 384 700 452 -ldpistolae
718 384 835 453 scriptae
855 385 1028 459 Constantine
1047 388 1112 441 1415

225 592 340 658 ductor
361 590 478 674 populi.
512 588 576 655 Sed
598 605 703 671 spero,
726 587 811 670 quod
832 606 912 672 qnae
942 588 1006 654 dixi
1040 588 1099 654 sub
1128 596 1229 672 tecto,
1258 592 1424 675 praedica-

226 694 345 761 buntur
367 711 464 776 super
486 697 580 758 tecta.

327 794 446 860 lterum
468 793 513 858 lui
535 791 639 874 pridie
662 793 894 872 interrogatus,
917 809 979 872 quo
1002 792 1054 856 die
1075 792 1140 858 vidi
1162 793 1295 859 fratrom
1316 813 1422 861 meum

223 897 379 963 loannem
402 894 583 973 Barbatum,
606 894 646 959 dc
668 891 810 975 quolibet
825 893 866 957 45
886 892 1100 957 articulorum.
1124 894 1166 959 Et
1187 896 1338 978 respondi
1361 897 1421 961 sub

224 998 457 1079 protestatione
480 993 594 1076 prima,
626 1001 661 1059 ut
683 993 780 1075 prius.
803 992 845 1058 Et
868 993 1096 1073 quaesiverunt
1118 993 1158 1058 de
1170 996 1314 1076 quolibet
1342 997 1419 1063 arti-

224 1098 294 1162 culo
317 1096 511 1178 singillatim,
535 1113 575 1159 an
597 1094 691 1158 velim
714 1110 785 1158 eum
807 1092 988 1157 defendere.
1012 1092 1054 1158 Et
1076 1092 1237 1176 respondi,
1260 1097 1343 1180 qnod
1369 1106 1419 1164 sto

224 1199 264 1264 ad
286 1196 583 1263 determinationem
604 1193 743 1273 concilii,
779 1192 862 1257 siout
884 1193 974 1274 prius
989 1199 1192 1275 protestatus
1215 1214 1294 1262 sum.
1315 1198 1358 1264 Et
1378 1200 1420 1265 ad

224 1298 397 1380 quemlibet
418 1295 587 1362 articulum
599 1294 675 1369 dixi,
697 1301 733 1359 ut
755 1293 844 1377 prius
866 1293 907 1358 de
930 1295 1036 1375 aliquo
1055 1294 1134 1360 dixi:
1167 1295 1234 1361 Iste
1257 1304 1308 1365 est
1326 1318 1421 1367 uerus

222 1400 263 1466 ad
294 1402 390 1465 istum
418 1416 555 1463 sensum.
581 1395 624 1461 Et
651 1395 817 1460 dixerunt:
846 1395 902 1461 Vis
930 1413 1001 1460 enm
1025 1395 1220 1462 defendere?
1249 1399 1420 1482 Respondi,

223 1499 308 1581 quod
329 1517 401 1576 non,
424 1497 480 1562 sed
503 1501 553 1561 sto
575 1495 615 1560 ad
637 1493 933 1559 determinationem
955 1494 1089 1560 concilii.

323 1599 407 1664 Ecce
442 1598 501 1664 dcc
528 1602 612 1662 teste
642 1613 704 1660 non
727 1594 895 1660 videbatur
927 1596 1002 1660 mihi
1029 1604 1105 1662 tuno
1137 1598 1200 1663 alia
1229 1601 1419 1669 convenien-

224 1703 287 1767 tior
309 1699 491 1783 responsio,
522 1716 645 1779 exque
674 1697 763 1779 prius
795 1716 889 1762 uranu
922 1698 1052 1779 propria
1085 1699 1213 1781 scripsi,
1241 1701 1315 1780 quia
1342 1703 1421 1769 nihil

223 1802 293 1866 volo
317 1801 527 1883 pertinaciter
549 1799 729 1875 defendero,
764 1798 821 1862 sed
850 1805 981 1879 paratus
1011 1818 1081 1863 snm
1108 1818 1127 1864 a
1156 1819 1345 1883 quocunqne
1373 1804 1420 1869 in·

222 1902 361 1968 formari.
391 1903 458 1967 Ista
479 1900 691 1980 interrogatio
709 1899 792 1964 lacta
815 1907 865 1963 ost
887 1899 962 1964 mihi
983 1918 1085 1978 exeo,
1109 1901 1193 1982 quod
1208 1902 1323 1983 aliquis
1338 1904 1419 1971 dixit

222 2004 277 2082 eis,
306 2002 390 2085 qnod
413 2020 472 2083 ego
496 2001 565 2082 regi
587 1999 743 2080 intimavi,
767 2000 841 2080 quia
862 1999 932 2063 volo
946 2005 1013 2064 tres
1036 2000 1085 2065 vel
1108 2008 1244 2082 quatuor
1265 2004 1420 2071 articulos

222 2104 402 2170 defendere.
426 2102 519 2167 Unde
541 2101 776 2183 ‹paeesiverunt
798 2098 950 2181 nurnquid
971 2101 1167 2167 intimassem
1189 2103 1258 2168 sibi.
1283 2103 1325 2169 Et
1346 2104 1421 2186 dixi,

223 2204 307 2286 quod
329 2223 407 2282 uon,
441 2204 516 2285 quia
537 2220 696 2282 rronquam
718 2201 860 2266 intimari
880 2201 927 2265 sic
948 2202 1033 2282 regi,
1071 2202 1128 2267 sed
1155 2204 1237 2269 sicut
1260 2205 1349 2271 scitis
1382 2222 1420 2273 rt.

319 2305 401 2369 Item
422 2303 559 2370 Michael
582 2301 688 2367 stabat
720 2314 753 2366 et
774 2301 905 2366 tenebat
927 2301 1069 2367 chartam
1099 2308 1132 2368 et
1160 2303 1334 2385 instigabat
1364 2327 1419 2388 pa·

223 2405 410 2484 diarcham,
440 2411 476 2470 ut
498 2402 725 2484 responderem
747 2420 844 2483 super
867 2402 1084 2482 interrogatis.
1107 2403 1149 2469 Et
1173 2405 1302 2470 interim
1324 2425 1419 2473 veno-

220 2513 295 2571 runt
317 2504 444 2587 quidam
466 2503 616 2586 episcopi.
638 2502 760 2567 Iterum
776 2501 911 2566 lliclrael
924 2502 1069 2567 broxavit
1087 2503 1205 2584 aliquid
1225 2507 1308 2572 novi.
1332 2507 1419 2576 Deus

221 2605 366 2690 permisit
386 2607 490 2687 ipsum
512 2610 545 2668 et
567 2603 678 2667 Palecz
702 2610 834 2684 propter
856 2608 988 2683 peccata
1010 2622 1080 2670 mea
1102 2622 1312 2686 consurgere3
1347 2627 1418 2676 nam

221 2708 357 2773 Michael
379 2713 412 2772 et
434 2706 544 2771 literas
567 2712 600 2769 et
621 2704 683 2769 alia
712 2705 871 2786 explorat,
896 2711 929 2769 et
950 2705 1061 2770 Palem
1084 2707 1139 2773 illa
1168 2708 1307 2789 antiqua,
1338 2726 1420 2790 quae

220 2808 318 2874 locuti
341 2824 450 2873 sumus
471 2812 546 2872 eote
569 2805 685 2871 multos
707 2823 817 2885 annos,
839 2805 997 2871 articulat.

319 2907 506 2974 Patriaroha
527 2907 618 2973 valde
640 2906 781 2988 loquitor
802 2924 908 2972 coram
930 2907 1084 2989 omuibus,
1107 2908 1192 2989 quod
1214 2909 1315 2976 habeo
1328 2911 1421 2978 valde

222 3009 335 3075 multas
359 3008 518 3092 pecunias.
1258 3011 1266 3031 ’

321 3110 414 3175 Unde
436 3127 518 3174 unus
540 3109 798 3190 archiepiscopus
820 3108 901 3174 dixit
922 3109 999 3175 mihi
1020 3110 1054 3174 in
1077 3109 1250 3175 audientia:
1276 3111 1342 3192 „Tu
1365 3111 1419 3179 ha·

218 3214 276 3278 bes
298 3214 338 3277 70
353 3211 451 3277 millia
471 3210 692 3275 florenorum.“
718 3209 853 3275 liichael
878 3210 958 3275 dixit
976 3229 1082 3277 coram
1104 3211 1264 3277 omnibus:
1288 3212 1359 3292 „Ha
1370 3213 1420 3293 ha,

222 3331 284 3395 quo
307 3312 436 3378 devenit
455 3313 553 3394 joppe
575 3312 670 3394 plena
700 3310 854 3376 florenis?
877 3311 1019 3389 Quantas
1041 3312 1193 3395 pecunias
1216 3312 1273 3377 tibi
1307 3319 1419 3379 tenen·

221 3419 274 3477 tur
295 3412 432 3478 barones
454 3413 487 3477 in
509 3412 704 3479 Bohemia†?“
730 3413 791 3476 Pro
813 3418 901 3477 certo
920 3411 1016 3478 habui
1037 3412 1091 3478 illo
1107 3413 1159 3477 die
1181 3430 1308 3494 gravem
1326 3431 1420 3480 vexa-

223 3514 353 3578 tionem.

319 3613 409 3677 Unus
431 3612 600 3694 episcopos
622 3613 720 3677 dixit:
746 3613 810 3693 „Tu
834 3613 1028 3679 constituisti
1044 3632 1157 3681 novam
1170 3615 1300 3695 legem.“
1327 3616 1416 3681 Alius

219 3716 388 3797 episcopus
418 3714 516 3777 dixit:
549 3712 613 3793 „Tu
635 3713 826 3795 praedicasti
850 3732 958 3779 omnes
980 3716 1060 3779 istos
1083 3716 1264 3781 articulos.“
1289 3716 1333 3782 Et
1353 3735 1414 3799 ego

220 3816 315 3881 ctiam
337 3813 487 3896 respondi
509 3814 556 3878 eis
578 3814 638 3879 deo
660 3815 833 3881 auxiliante
856 3815 934 3880 satis
956 3815 1045 3894 dure,
1068 3814 1192 3880 dicens:
1222 3817 1346 3898 „Quare
1368 3820 1414 3885 la·

222 3917 294 3981 citis
316 3916 392 3980 rnihi
413 3915 603 3997 injuriam?“

323 4016 372 4080 De
395 4016 500 4081 citatis
522 4016 600 4080 nihil
622 4016 698 4080 mihi
721 4016 877 4081 scribitis:
900 4017 1055 4099 quomodo
1079 4018 1165 4083 nulla
1186 4018 1269 4084 facta
1289 4026 1341 4087 est
1358 4037 1417 4102 pro

220 4117 268 4181 eis
290 4116 417 4196 legatio,
439 4134 499 4181 neo
519 4135 538 4181 a
560 4134 646 4197 rege,
669 4134 728 4182 nec
749 4136 768 4179 a
792 4117 1005 4196 Pragensibus
1028 4117 1166 4198 civibus,
1188 4136 1248 4184 nec
1268 4118 1309 4184 ab
1338 4119 1418 4201 ipsis

221 4217 350 4283 citatis?

318 4331 394 4385 Edit.
412 4333 443 4384 in
460 4331 515 4400 Bp.
533 4333 610 4400 piiss.
632 4332 669 4384 H.
687 4332 715 4384 5.
747 4333 817 4401 Opp.
838 4332 911 4394 Hora,
930 4335 954 4394 J,
978 4333 1012 4386 72
1029 4344 1055 4387 ot
1071 4331 1113 4390 91.
1133 4333 1233 4399 (Num.
1248 4335 1307 4388 XL
1316 4335 1417 4402 VIII.)
