2992 5258
340 427 382 481 69.
416 426 442 481 J.
462 425 495 480 de
513 425 635 480 Gerrono
653 425 804 480 conanum
821 423 946 478 hortatur
963 419 998 476 ad
1015 422 1090 475 haer.
1108 426 1176 475 exst.
1287 425 1347 488 523

619 750 624 757 ·
723 724 780 798 59.

152 953 183 1039 J
185 980 347 1038 oannes
369 951 422 1035 de
444 949 652 1056 Gers0n0‚
675 950 924 1036 Parisiensis
938 954 1226 1036 universitatis
1249 979 1350 1035 can-

152 1089 364 1194 cellarius,
404 1083 650 1172 Conradum
681 1089 1054 1199 archiepiscopum
1086 1087 1349 1200 Pragensern

151 1224 361 1329 hortatur,
390 1235 437 1306 ut
466 1223 678 1307 haeresim
699 1226 744 1305 in
763 1223 948 1307 dioecesi
974 1253 1051 1306 sua
1068 1223 1350 1331 pullulantem

180 1359 418 1468 exstirpare
445 1359 616 1442 studeat
644 1370 786 1469 atque,
818 1361 854 1442 si
884 1388 1058 1442 necesse
1088 1361 1155 1464 sit,
1192 1358 1321 1441 etiam
1436 1464 1438 1470 Ι

349 1495 529 1598 „auxilio
556 1495 757 1579 secularis
783 1494 972 1580 brachii“
1006 1506 1162 1579 utatur.

580 1743 701 1813 Parisiis,
721 1746 794 1811 1414,
811 1745 845 1798 27
862 1741 927 1797 Mai.

174 2047 220 2114 (B
238 2045 302 2102 MS.
319 2048 442 2101 tutator.
463 2000 578 2102 Treoua.
602 2046 639 2103 A.
657 2044 699 2108 11,
711 2045 764 2116 jol
783 2042 838 2099 135
855 2062 895 2114 oq.
914 2047 950 2116 cf.
968 2063 1016 2118 ap.
1037 2046 1201 2101 Coctlaeum
1215 2063 1245 2116 p.
1263 2043 1325 2110 21.)

655 2200 687 2208 ο.
719 2200 727 2205 -
759 2198 847 2210 m.-.

256 2351 361 2416 Revmo
383 2352 415 2416 iu
445 2350 572 2417 Christo
608 2352 692 2434 patri
715 2357 748 2416 et
769 2351 895 2416 domino
918 2352 1172 2433 praeclarissimo
1195 2355 1232 2418 ll.
1253 2353 1350 2436 ‘C(0n·

152 2451 249 2536 rado)
266 2453 507 2536 archiepiscopo
522 2453 676 2533 Prageusi
694 2460 727 2518 et
743 2451 945 2534 apostolicae
960 2452 1051 2518 Sedis
1073 2454 1188 2534 legato,
1211 2455 1352 2520 Joanues

153 2557 363 2624 cancellarius
395 2554 584 2620 Parisiensis
614 2573 651 2618 ac
683 2554 822 2619 decanus
844 2572 954 2620 sacrae
990 2555 1150 2620 facultatis
1172 2556 1352 2638 theologiae

150 2660 352 2738 Parisiensia
375 2658 509 2739 gratiam
525 2662 558 2722 et
573 2674 682 2739 pacem
706 2661 739 2721 et
760 2656 801 2721 ad
821 2673 860 2720 ea
885 2657 1055 2737 vigilanter
1077 2657 1351 2738 superintendere,

152 2781 234 2848 quae
257 2762 392 2827 salntem
415 2761 591 2843 respiciunt
615 2761 800 2825 animarum.

250 2863 446 2929 Praevideus
462 2863 535 2927 olim
552 2862 692 2926 salvator
713 2868 824 2926 noster
839 2861 1007 2927 decursum
1022 2860 1164 2925 futurum
1186 2862 1352 2929 militantis

151 2965 322 3044 ecclesiae,
360 2983 453 3045 quam
475 2981 608 3044 regnum
634 2965 795 3029 coelorum
817 2963 975 3045 appellat,
1012 2965 1208 3046 comparavit
1229 2985 1298 3030 eam
1320 2969 1351 3030 iu

151 3066 312 3151 parabolis
334 3084 427 3147 agro,
462 3067 579 3148 inquo
616 3067 764 3149 primitus
790 3065 978 3129 seminatum
1013 3072 1063 3130 est
1095 3066 1212 3130 bonum
1244 3085 1353 3132 semen

151 3168 241 3234 verbi
263 3166 331 3232 dei:
355 3167 412 3232 sed
434 3167 508 3232 dum
530 3167 706 3232 donnireut
728 3167 881 3246 homines,
905 3167 923 3230 i.
949 3184 975 3229 e.
998 3166 1071 3230 dnm
1096 3184 1131 3230 se
1154 3167 1354 3249 negligenter

151 3268 308 3334 haberent
329 3268 466 3350 praelati
488 3275 521 3332 et
544 3267 692 3333 doctores
715 3267 1004 3348 comprincipibus
1027 3265 1136 3344 seculi,
1165 3269 1351 3349 supervenit

149 3368 312 3450 inimicus,
339 3368 393 3450 qni
415 3387 474 3450 per
495 3370 657 3434 ministros
679 3386 755 3434 suos
776 3369 958 3434 haereticos
981 3366 1248 3450 superseminavit
1271 3370 1351 3435 ziza

149 3471 234 3537 niam
267 3469 491 3553 pestiferarnrn
520 3470 755 3549 doctrinarum,
788 3487 868 3551 quas
890 3468 1054 3552 apostolus
1076 3468 1181 3534 varias
1204 3475 1237 3535 et
1259 3488 1350 3552 pere·

149 3573 259 3655 grinas
295 3571 444 3653 appellat.
493 3570 572 3636 Nam
595 3571 670 3653 qnid
703 3571 788 3653 apud
820 3570 976 3652 agricolas
1009 3562 1114 3652 pariat
1147 3571 1350 3652 negligentia

150 3674 307 3756 sapientis
329 3690 390 3738 vox
406 3673 574 3754 expressit,
597 3671 722 3737 dicens:
745 3689 929 3754 peregrum
952 3672 1089 3736 hominis
1112 3671 1194 3753 pigri
1217 3672 1350 3736 transivi

149 3782 183 3840 et
204 3790 265 3856 per
279 3773 402 3838 vineam
418 3772 508 3838 stulti
526 3771 595 3851 viri,
618 3779 651 3838 et
673 3791 746 3838 ecce
769 3777 871 3836 totum
894 3772 1099 3854 repleverant
1120 3773 1251 3849 urticae,
1275 3789 1349 3853 ope·

149 3879 285 3940 ruerunt
320 3874 431 3938 faciem
455 3874 524 3953 ejus
557 3874 668 3955 spinae
691 3879 724 3938 et
758 3873 897 3939 maceria
922 3872 1062 3955 lapidum
1086 3873 1250 3938 destructa
1273 3878 1368 3957 erat„

150 3974 235 4040 Hinc
263 3979 315 4040 est
335 3974 391 4039 illa
419 3973 503 4056 apud
526 3981 653 4054 poetam
680 3974 883 4055 conquestio:
906 3973 1015 4038 infelix
1038 3973 1145 4037 lolium
1169 3978 1202 4037 et
1224 3972 1351 4038 steriles

150 4075 356 4140 dominantur
370 4092 499 4139 avenae.
524 4073 725 4155 Vigilandum
740 4074 839 4154 igitur
861 4080 920 4152 est,
945 4081 1012 4139 tota
1035 4072 1249 4139 sollicitudine
1271 4074 1349 4153 vigi·

150 4174 280 4242 lantlum
301 4173 361 4251 his,
385 4173 438 4254 qni
456 4179 610 4256 praesunt
632 4175 664 4238 in
685 4191 763 4255 agro
779 4173 947 4253 dominico,
968 4181 1005 4240 ut
1023 4176 1115 4255 juxta
1130 4192 1243 4239 nomen
1260 4191 1351 4239 sunm

152 4276 219 4342 siut
233 4275 385 4357 episcopi,
409 4276 428 4338 i.
453 4294 480 4339 e.
496 4275 807 4357 superintendentes,
831 4281 989 4358 tamquam
1012 4274 1239 4356 agriculturam
1250 4275 1352 4339 vivam

151 4376 308 4453 colentes,
344 4373 426 4438 sicut
458 4374 497 4438 de
520 4372 702 4456 pastoribus
724 4373 864 4453 loquitur
887 4373 1093 4453 Aristoteles;
1126 4374 1351 4440 elaborandum

150 4483 335 4560 praeterea,
359 4493 398 4539 ne
421 4475 461 4540 ad
483 4492 592 4539 semen
614 4475 732 4540 bonum
754 4475 956 4556 evangelicae
978 4475 1156 4554 doctrinae,
1182 4475 1351 4557 quodiam

150 4577 246 4656 longe
261 4576 388 4657 lateque
404 4575 644 4641 disseminatum
661 4583 710 4641 est
724 4575 757 4639 in
773 4575 920 4640 universo
937 4577 1024 4656 orbe,
1040 4576 1187 4657 quodque
1206 4583 1351 4641 exortunr

149 4676 227 4748 lecit
247 4677 385 4744 fructum
406 4677 556 4759 multum,
590 4676 886 4766 supersemineutur
906 4678 1028 4748 zizania
1049 4695 1210 4758 errorum,
1240 4695 1281 4745 ne
1304 4678 1352 4749 in-
