2992 5258
149 396 212 459 474
397 389 602 445 cernerer-riae
620 387 654 442 de
671 389 801 458 religione
819 390 847 443 in
865 389 1008 445 Bononia:
1027 392 1100 445 1413.

149 599 240 680 cujus
273 600 443 679 praetextu
476 595 580 676 ipsum
613 612 745 674 regnum
767 592 939 659 Boherniae
965 602 999 661 et
1020 597 1112 676 regni
1133 596 1259 665 incolae
1280 600 1346 681 eius

150 701 183 765 in
216 698 351 764 diversis
383 696 614 779 principatibus
648 711 785 761 coronae
808 698 899 777 regni
921 696 1094 765 Bohemiae
1116 698 1343 781 adjacentibus,

150 801 234 865 sicut
265 799 461 880 accepimus,
494 798 635 879 graviter
665 796 875 877 intonantur,
899 797 1044 865 deleatur
1065 806 1099 864 et
1121 800 1276 865 radicitus
1296 819 1347 866 ox-

151 902 320 982 stirpetur,
354 899 394 964 de
426 899 575 964 mandato
599 906 631 962 et
654 896 855 963 conniventia
876 900 1007 980 speciali
1030 900 1115 965 sermi
1138 902 1294 984 principis
1315 909 1348 967 et

152 1001 269 1067 domini
292 1001 394 1066 nostri
416 1001 454 1065 D.
479 991 658 1067 Wenocslai
681 1003 894 1067 Romanorum
916 1008 950 1067 et
971 1001 1142 1068 Bolremiae
1166 1002 1262 1083 regis,
1295 1002 1346 1068 do

151 1104 228 1168 mini
260 1102 361 1167 nostri
395 1103 633 1181 gratiosissimi,
667 1123 704 1168 nc
736 1105 935 1169 dominorum
965 1104 1119 1169 baronum
1142 1111 1175 1168 et
1197 1103 1347 1169 nobilium

151 1205 243 1287 regni
264 1203 446 1283 Bohomiae,
468 1205 561 1271 nobis
582 1207 674 1270 vivae
695 1207 783 1270 vocis
809 1207 936 1273 oraculo
960 1224 1057 1288 super
1077 1205 1138 1272 hoe
1159 1205 1255 1285 laeto,
1279 1222 1349 1271 con·

150 1306 309 1371 sensimus
331 1312 365 1370 et
385 1305 563 1379 annuimus,
586 1307 670 1386 quod
685 1308 830 1388 praelati,
853 1307 1002 1373 doctores
1021 1307 1103 1390 juris
1125 1305 1295 1387 utriusque
1313 1324 1347 1371 ac

151 1406 296 1488 magistri
320 1412 352 1471 et
374 1406 474 1472 ceteri
497 1406 665 1472 illuminati
688 1413 752 1473 tani
774 1409 936 1474 seculares
958 1427 1052 1490 quam
1072 1407 1234 1488 religiosi,
1256 1414 1348 1489 super

152 1510 234 1574 festo
257 1505 486 1589 purificationis
511 1507 540 1572 S.
558 1507 678 1573 Mariae
705 1508 739 1589 (2
751 1508 860 1590 Febr.)
874 1509 1017 1591 proxime
1033 1515 1168 1573 venturo
1192 1508 1226 1572 in
1247 1506 1347 1572 Broda

152 1607 345 1674 Bohemicali
361 1625 467 1673 coram
482 1608 575 1671 nobis
589 1616 624 1673 et
642 1609 818 1675 reverendo
838 1610 870 1673 in
883 1609 1011 1675 Christo
1034 1609 1153 1690 (patre)
1169 1613 1204 1673 et
1226 1607 1346 1673 domino

154 1711 192 1774 Ι).
212 1709 337 1775 Joanne
360 1709 511 1789 episcopo
534 1709 786 1789 Lutomyslonsi,
822 1711 920 1776 fratre
943 1717 976 1776 ot
997 1712 1097 1776 antico
1120 1717 1233 1775 nostro
1256 1708 1346 1775 caria·

153 1815 249 1889 simo,
278 1809 491 1891 personaliter
513 1808 651 1874 debcant
672 1813 857 1889 conveniam
882 1811 934 1875 nbi
957 1812 1086 1892 auspice
1108 1810 1238 1876 domino
1260 1827 1345 1891 proe-

153 1914 248 1979 latam
272 1910 480 1976 dissensionis
508 1912 673 1976 materiam
694 1911 881 1992 pestiferam
895 1912 980 1977 inter
1000 1929 1059 1977 nos
1082 1918 1192 1977 mutuo
1217 1926 1347 1975 commn-

154 2014 260 2079 nicato
278 2012 360 2095 juris
383 2012 560 2093 peritorum
582 2019 615 2077 et
631 2012 765 2076 aliorum
784 2012 816 2076 in
840 2029 931 2077 sacra
952 2012 1069 2092 pagina
1089 2010 1258 2075 doctorum
1281 2028 1345 2075 con·

155 2113 226 2178 silio
254 2119 461 2194 pertractare,
493 2111 617 2184 delere,
653 2117 686 2175 et
715 2116 866 2191 quantum
896 2110 988 2175 nobis
1014 2110 1054 2176 ab
1080 2110 1146 2175 alto
1168 2127 1347 2175 concessum

155 2215 270 2294 fuerit,
297 2214 450 2279 radicitus
480 2212 659 2292 exstirpare
681 2213 809 2293 penitus
835 2212 978 2275 volumus
1001 2217 1034 2277 et
1056 2209 1231 2289 suffocare,
1254 2228 1295 2274 ue
1317 2228 1348 2273 ex

157 2316 257 2397 ipsius
280 2313 518 2379 continuatione
541 2312 687 2377 ulteriori
711 2329 809 2392 regno
832 2312 1003 2376 Boliomiae
1027 2318 1059 2376 ot
1081 2311 1174 2377 nobis
1196 2312 1346 2396 graviora

156 2417 240 2498 qnod
254 2415 362 2493 absit,
397 2413 550 2494 temporis
573 2431 723 2477 successu
750 2413 914 2491 scandala,
936 2413 1079 2493 pericula
1101 2419 1134 2478 et
1156 2412 1348 2477 incommoda

158 2518 310 2581 oriantur.
354 2515 476 2578 Idcirco
506 2532 562 2577 vos
594 2530 702 2577 omines
731 2520 763 2577 ct
790 2513 932 2593 singulos
961 2513 993 2576 iu
1016 2529 1135 2592 genere
1158 2521 1192 2578 et
1215 2521 1347 2577 vestrum

158 2617 331 2696 quemlibet
362 2616 393 2679 in
416 2614 523 2696 specie
546 2614 768 2695 praesentibus
791 2616 912 2679 seriose
934 2615 1124 2679 alletoritetc
1148 2615 1239 2695 regia
1259 2621 1346 2695 atquc

159 2717 288 2799 propria
309 2715 501 2797 requirimus
526 2721 559 2779 et
580 2714 753 2789 hortamur,
776 2713 952 2779 districtius
976 2715 1223 2797 praecipientes,
1246 2722 1346 2796 quate·

158 2836 217 2883 nus
239 2816 374 2897 quilibet
395 2824 538 2880 vestrum
571 2815 756 2897 praemissis
779 2832 816 2879 ox
840 2815 944 2881 causis
967 2832 1074 2881 corum
1091 2816 1188 2881 nobis
1211 2823 1247 2882 et
1265 2832 1347 2898 prae·

156 2921 221 2984 tato
245 2919 281 2981 [i.
304 2919 427 2982 loanne
457 2916 690 2998 Lutomyslensi
713 2918 863 2998 episcopo
887 2915 918 2978 in
940 2916 1009 2980 loco
1032 2923 1065 2979 et
1086 2916 1225 2982 termino
1248 2934 1345 2999 supra-

158 3021 251 3084 dictis
273 3019 342 3084 iore
365 3017 509 3083 debeatis
532 3018 744 3101 personaliter
767 3017 951 3095 constituti,
980 3017 1097 3081 nullam
1119 3018 1153 3080 in
1175 3018 1237 3082 hoe
1259 3016 1346 3097 negli·

158 3122 297 3200 gentiam
330 3127 386 3184 aut
418 3119 637 3189 difficultatem
670 3120 737 3183 sive
767 3118 1003 3182 excusationem
1026 3117 1244 3195 commissuri,
1276 3118 1345 3181 sicut

159 3220 407 3301 indignationem
438 3221 558 3300 regiam
581 3220 702 3301 paritor
724 3225 757 3282 et
780 3227 920 3282 nostram
942 3219 1063 3282 arctius
1086 3217 1204 3300 cupitis
1227 3219 1344 3282 evitare.

159 3323 275 3393 Datum
287 3323 416 3404 Pragae
430 3339 513 3386 anno
526 3320 642 3387 domini
656 3320 822 3384 millesimo
846 3318 1160 3400 quadringentesimo
1174 3318 1343 3386 tredecimo.
