2992 5258
150 400 211 467 362
404 396 608 452 Controversiac
627 397 660 452 de
677 397 807 466 religione
824 399 852 453 ia
870 399 1013 454 Bohemia:
1033 402 1105 456 1409.

249 606 320 663 Item
350 604 381 662 in
408 605 486 663 omni
509 606 676 677 iuramento
704 606 863 665 auctoritas
892 606 1054 677 superioris
1085 612 1115 664 et
1135 605 1281 678 principis
1305 612 1353 667 est

152 712 291 777 excepta:
322 701 372 785 (de
399 706 466 777 jnre
494 705 622 777 iurando
650 721 713 777 cap.
741 707 914 779 venientes.)
957 706 1045 767 Patet
1073 706 1151 766 nullu
1180 707 1352 779 juramenta

152 823 322 880 quemquam
347 808 492 880 stringere
515 813 545 865 et
565 806 658 880 ligare
681 813 785 866 contra
806 806 902 868 bullas
924 807 1066 879 principis
1089 807 1299 882 promulgatas.

159 922 164 937 ¹
248 907 321 965 Item
348 909 524 966 universitas
553 908 712 981 Pragensis
742 923 800 967 non
837 914 937 982 potest
965 908 1121 983 quidquam
1153 914 1286 969 statuere
1320 917 1364 982 at,

151 1008 266 1068 lirrrrare
295 1010 374 1068 licite
403 1016 507 1069 contra
528 1009 683 1083 privilegia
705 1015 735 1069 et
756 1015 858 1068 contm
879 1010 1072 1070 intentionem
1095 1009 1247 1081 principis,
1270 1017 1302 1069 et
1323 1012 1351 1070 si

39 1142 43 1151 -
151 1110 220 1183 qnid
243 1110 342 1170 taliam
366 1110 484 1180 iaceret,
507 1109 584 1168 soret
605 1126 728 1181 cassum,
748 1111 863 1170 irritum
885 1118 915 1169 et
936 1112 1033 1171 inane.
1077 1111 1137 1171 Sed
1159 1110 1279 1182 planum
1294 1117 1352 1181 est,

150 1211 227 1282 qnod
258 1213 382 1272 intentio
410 1211 561 1283 principis,
589 1210 773 1285 inclytissimi
799 1212 996 1284 imperatoris,
1025 1210 1080 1272 fuit
1106 1228 1226 1284 ragnum
1254 1213 1353 1273 etsie

150 1311 316 1383 regnicolas
342 1313 373 1370 in
402 1311 514 1370 honore
544 1326 633 1384 saper
662 1310 736 1369 ahos
767 1311 904 1383 exaltare,
927 1329 991 1372 cnm
1014 1314 1084 1373 dicit
1104 1314 1135 1372 in
1156 1315 1219 1374 sais
1239 1313 1352 1374 literis:

154 1415 243 1491 „Cum
266 1416 425 1490 praecipua
447 1414 604 1475 reddamur
625 1415 774 1474 anxietate
796 1414 923 1483 solliciti,
946 1414 1115 1486 specialiter
1141 1421 1353 1475 convertentes

154 1517 249 1577 aciem
271 1519 376 1576 ment-is
399 1521 526 1587 nostrae,
549 1517 676 1590 qualiter
697 1532 817 1588 regnum
831 1524 962 1575 nostrum
977 1515 1145 1586 Bohemica,
1168 1515 1246 1590 quod
1263 1533 1351 1588 prse-

156 1618 289 1691 rogatiua
303 1621 408 1679 mentis
424 1618 579 1678 affectione
596 1617 820 1691 complectimur,
845 1618 927 1689 cujus
954 1618 1160 1677 exaltationem
1183 1619 1272 1687 omni,
1295 1634 1355 1692 qna

151 1734 313 1790 possumus,
336 1720 488 1797 diligentia
510 1726 710 1791 procurantes,
732 1721 825 1794 ipsius
848 1720 953 1779 honori
974 1720 1151 1779 intendimus
1171 1720 1244 1779 totis
1259 1735 1352 1779 eona·

149 1819 229 1879 tibus
258 1829 289 1880 et
321 1822 436 1882 saluti.“
481 1821 540 1883 Sed
569 1840 632 1881 cum
654 1821 748 1880 honor
769 1827 800 1880 et
821 1821 900 1881 salus
923 1837 980 1880 non
1004 1820 1128 1880 debetur
1149 1820 1300 1894 lapidibus
1322 1828 1354 1881 et

152 1910 241 1994 lignis
272 1924 303 1982 in
335 1939 426 1996 ragno
448 1922 622 1992 Bohemiae,
656 1922 799 1996 seqnitur,
841 1922 918 1996 qnod
951 1923 1111 1994 imperator
1143 1920 1286 2005 honorem
1322 1930 1353 1984 at

151 2025 274 2082 salutem
304 2022 463 2097 regnicolis
490 2023 649 2082 Bohemiae
688 2039 759 2095 prae
793 2025 900 2081 ceteris
933 2022 999 2081 aliis
1032 2021 1212 2085 intendebat.
1256 2024 1353 2098 igitur

153 2125 329 2184 universitas
353 2124 441 2184 studii
464 2126 623 2198 Pragensis
646 2142 701 2184 nec
723 2133 830 2203 potest,
853 2143 908 2184 uee
930 2126 1026 2198 potuit
1047 2127 1199 2199 quicquam
1218 2132 1351 2186 statuere

152 2231 182 2284 ct
214 2225 331 2286 minare
371 2227 450 2286 licite
492 2233 594 2287 contra
625 2229 817 2287 intentionem
850 2229 992 2302 principis
1024 2230 1054 2287 in
1086 2229 1147 2287 suis
1178 2227 1276 2288 literis
1309 2229 1350 2289 sic

152 2343 332 2401 expressam.
379 2328 437 2387 Sed
461 2347 524 2388 cum
546 2335 607 2388 tres
630 2344 717 2386 voces
746 2327 856 2386 habere
879 2327 1026 2386 nationem
1049 2326 1239 2386 Teutonicum
1262 2344 1351 2400 snpra

154 2447 238 2489 niuem
261 2431 409 2490 nationem
430 2431 624 2501 Bohemicam,
648 2436 677 2489 et
703 2431 745 2489 sic
775 2446 841 2488 esse
863 2430 894 2486 in
916 2434 1004 2500 eaput
1024 2428 1053 2487 in
1076 2443 1167 2500 regno
1189 2427 1349 2488 Bohemiae

151 2538 182 2591 et
202 2548 262 2592 uon
283 2533 313 2591 in
336 2532 466 2603 caudam,
489 2548 556 2592 esse
578 2547 669 2603 supra
692 2537 721 2589 et
743 2546 802 2589 non
825 2529 939 2603 subter,
961 2535 1008 2589 est
1022 2535 1124 2588 eonha
1139 2528 1349 2589 exaltationem

151 2641 180 2694 et
202 2640 305 2695 eontra
326 2634 467 2693 honorem
490 2633 754 2707 regniBohemiae,
777 2633 844 2705 qnia
867 2637 969 2690 contra
983 2630 1124 2690 honorem
1135 2628 1348 2690 Bohemorum:

152 2736 241 2810 igitur
263 2736 438 2797 universitas
462 2735 550 2793 stadii
572 2733 730 2806 Pragensis
753 2749 811 2791 non
835 2732 931 2803 potnit
953 2731 1009 2791 hoc
1030 2732 1110 2790 licite
1135 2737 1238 2791 contra
1252 2732 1348 2792 intan-

151 2837 259 2896 tionem
282 2838 424 2909 principis
447 2841 576 2896 statuere
599 2840 628 2894 et
650 2833 775 2894 firmare.

253 2936 382 3010 Septimo
409 2936 512 3009 obiicit
532 2937 612 2995 natio
644 2935 816 3008 Teutonico,
845 2935 921 3008 quod
949 2935 978 2992 in
1001 2934 1147 3007 principio
1170 2932 1348 2995 laudationis

153 3039 240 3099 studii
263 3039 394 3111 magistri
418 3037 572 3097 Teutonici
596 3036 801 3107 principaliter
824 3035 977 3108 viguerunt
991 3042 1022 3093 et
1036 3034 1184 3094 Bohemos
1199 3042 1348 3109 rexerunt,

151 3145 181 3197 ct
202 3140 421 3199 universitatem
441 3140 605 3199 diviserunt
626 3139 655 3196 in
677 3138 812 3197 nationes
843 3143 930 3208 prout
957 3136 1123 3195 voluerunt:
1153 3153 1226 3211 ergo
1255 3136 1349 3197 adhuc

148 3240 219 3300 licet
249 3241 291 3300 ais
321 3242 364 3300 sic
392 3240 498 3309 iacere,
529 3246 559 3297 et
588 3255 643 3310 per
672 3254 856 3310 consequeus
887 3236 965 3295 natio
994 3235 1153 3296 Bohemica
1182 3238 1273 3297 debet
1295 3237 1347 3297 sab

149 3341 268 3400 natione
292 3341 454 3400 Teutonico
475 3347 621 3413 tamqnam
643 3356 729 3398 serva
750 3339 873 3398 versari.

255 3442 302 3501 dd
332 3441 411 3500 istud
434 3440 631 3514 respondetur·
653 3439 811 3500 secundam
840 3439 912 3497 illud
940 3438 1069 3510 apostoli
1091 3439 1129 3499 ad
1153 3439 1276 3501 Galatas
1298 3435 1349 3498 4⁰:

153 3546 289 3617 „Quanto
319 3549 450 3614 tempore
480 3543 566 3601 heres
596 3540 733 3613 parvulas
763 3548 815 3610 est,
843 3540 915 3599 nihil
947 3534 1046 3598 differt
1066 3556 1085 3599 a
1108 3557 1202 3610 servo,
1225 3558 1290 3601 cam
1312 3541 1351 3600 sit

135 3646 283 3705 ‘dominns
306 3645 448 3713 omnium,
471 3645 524 3702 scd
547 3643 602 3701 snb
624 3642 769 3701 tutoribus
792 3648 822 3701 et
843 3641 992 3702 actoribus
1015 3647 1175 3715 estusque
1197 3641 1236 3699 ad
1258 3657 1345 3714 praa·

150 3746 261 3806 finitum
283 3751 398 3817 tempus
420 3761 438 3802 a
460 3742 576 3816 pstre;“
601 3749 630 3802 et
651 3741 742 3801 iufra:
789 3744 907 3815 „Itaque
928 3744 987 3815 jam
1010 3758 1068 3799 non
1092 3747 1272 3811 estserrus,
1295 3742 1348 3802 sed

151 3847 240 3919 filins3
271 3845 347 3919 quod
378 3847 403 3904 si
431 3842 515 3914 filius,
542 3849 573 3902 et
602 3843 687 3902 heres
718 3860 772 3915 per
802 3841 915 3901 deum.“
961 3840 1020 3901 Ubi
1042 3857 1079 3898 ex
1100 3841 1179 3900 dicto
1202 3841 1354 3917 eolhgitar

149 3966 168 4007 a
199 3947 298 4007 simili:
331 3943 435 4018 quodsi
478 3944 599 4002 Bohemi
639 3945 669 4002 in
709 3944 855 4016 principio
899 3942 988 4001 studii
1022 3940 1139 4000 inerunt
1173 3942 1292 4029 parvuli
1320 3941 1349 4003 in

151 4048 291 4116 scientiis,
315 4055 344 4103 ct
373 4046 417 4104 sic
438 4050 559 4116 propter
587 4043 731 4103 deiectum
755 4044 942 4102 scientiarum
965 4043 1081 4101 inerant
1102 4047 1250 4115 tamquam
1272 4044 1355 4103 servi

153 4146 388 4217 Teutonicorum,
411 4150 441 4203 et
463 4145 506 4202 sic
527 4144 688 4202 existentes
710 4143 837 4201 heredes
860 4144 952 4216 regui,
976 4142 1093 4203 inerunt
1107 4150 1256 4217 tamquam
1271 4144 1364 4204 sarri

152 4247 377 4307 Teutonicornm
399 4260 491 4317 usque
514 4244 550 4302 ad
574 4243 758 4316 praefinitum
780 4251 894 4316 tempus
917 4251 1049 4316 epatre,
1073 4243 1135 4303 scil.
1158 4245 1359 4319 imperatore,

153 4348 201 4421 qui
230 4347 358 4407 dicebat:
389 4350 560 4419 ,postquam
589 4345 728 4405 crescetis
757 4345 788 4402 iu
815 4345 954 4416 scientiis,
983 4361 1035 4403 vos
1064 4343 1147 4403 eritis
1180 4344 1292 4406 domim
1322 4352 1373 4407 at

153 4447 287 4521 heredes,
315 4446 458 4506 sustincte
486 4446 656 4508 modicum.“
703 4445 778 4517 Quia
806 4461 875 4504 vero
902 4449 963 4518 jam
991 4445 1047 4504 deo
1075 4445 1236 4506 auxiliante
1269 4447 1371 4507 venit.

153 4548 304 4621 plenitudo
326 4548 475 4619 temporis,
496 4547 527 4604 in
548 4564 604 4620 quo
628 4547 759 4620 magistri
780 4547 902 4605 Bohemi
926 4553 993 4607 suat
1015 4564 1105 4620 super
1121 4545 1363 4609 Teutonicornm

155 4648 310 4724 magistros
333 4647 516 4721 multiplicati
539 4653 569 4707 et
589 4647 620 4708 in
643 4648 722 4707 omni
744 4648 868 4708 scicntia
890 4653 920 4709 at
941 4648 1079 4711 immuto
1094 4648 1172 4710 ultra
1191 4651 1362 4709 exesum
