2992 5258
429 427 572 467 ecarcere
589 411 662 480 opud
681 411 780 466 iratres
799 412 926 467 Minores.
962 414 1063 469 (15.6δῖ
1288 421 1347 484 109

148 635 218 684 cum
244 634 374 703 cruore,
402 612 610 699 cumdolore
637 614 750 696 capitis
779 620 812 679 et
834 616 964 682 calculo.
1009 616 1097 682 llaec
1125 625 1203 683 sunt
1225 600 1345 701 poenae

147 719 275 784 debitae
296 734 356 800 pro
378 717 518 800 peccatis
538 722 572 782 et
594 717 685 798 signa
707 715 886 782 dilectionis
908 717 959 782 dei
981 717 1020 783 ad
1043 737 1102 783 me.

248 818 296 882 Ex
308 818 640 899 quosolumtraelatus
648 815 947 897 condemnaverunt,
956 835 1044 899 rogo,
1053 818 1195 884 limitetis
1204 821 1346 887 ultimam

148 921 274 986 literam
295 919 536 997 Bobemicalem,
560 936 653 999 quam
668 917 762 983 bodie
777 915 888 997 direxi,
910 935 951 983 ne
963 918 1099 999 populus
1116 919 1167 985 dei
1189 921 1345 1002 aestimet,

149 1037 258 1086 omnes
273 1021 372 1086 libros
385 1019 624 1099 condemnatos,
643 1018 794 1100 sicutego
807 1018 1011 1111 'aestimabam
1029 1035 1068 1082 ex
1081 1018 1231 1086 basterna
1242 1022 1346 1089 litera.

149 1121 302 1187 Libenter
327 1120 481 1200 riderem,
508 1119 593 1201 quod
618 1118 705 1184 nulla
726 1119 822 1185 litera
842 1119 963 1201 scripta
984 1119 1016 1184 in
1038 1120 1101 1186 isto
1124 1140 1253 1188 earcere
1276 1125 1341 1189 cui·

150 1239 240 1303 qurum
268 1227 409 1304 pateret,
436 1221 509 1304 quia
534 1219 638 1287 adbuc
663 1236 726 1286 non
754 1226 804 1285 est
832 1225 953 1285 certum
978 1217 1131 1301 finaliter,
1161 1222 1238 1303 quid
1265 1223 1344 1289 deus

150 1340 270 1388 mecum
291 1321 400 1389 iaciat.
442 1321 568 1401 Timeo,
595 1338 637 1385 ue
659 1337 717 1403 per
739 1320 881 1386 Ulricum
903 1320 1009 1400 aliqua
1029 1339 1100 1387 mea
1121 1322 1215 1388 litera
1236 1324 1278 1389 sit
1299 1324 1345 1390 di·

151 1430 245 1489 recta.
267 1423 379 1488 lldbuc
398 1439 477 1504 rogo
496 1428 630 1505 propter
652 1421 761 1501 deum,
789 1421 924 1487 servetis
952 1427 1045 1488 caute
1067 1422 1177 1489 literas
1200 1430 1234 1491 et
1249 1425 1346 1491 verba

152 1533 256 1589 vestra
278 1529 311 1590 et
333 1541 440 1607 opera
469 1522 496 1589 0
519 1529 671 1604 quantum
697 1539 766 1587 sum
787 1521 969 1588 consolatus
991 1541 1031 1588 ex
1052 1522 1154 1590 literis
1176 1526 1292 1591 vestris
1315 1533 1349 1591 et
1433 1554 1438 1565 =

151 1625 240 1702 meia3
264 1643 347 1706 quae
357 1641 452 1707 spero
468 1641 526 1706 per
547 1621 599 1689 dei
615 1621 749 1703 gratiam
764 1622 892 1688 venient
907 1622 1086 1689 bominibus
1101 1624 1141 1689 od
1157 1624 1342 1706 profectum.

152 1722 303 1800 Quamdiu
318 1725 430 1791 sentio
453 1740 510 1790 vos
532 1728 565 1788 et
586 1722 731 1789 dominos
757 1723 790 1788 iu
813 1721 1015 1803 consonae,
1036 1729 1101 1789 tam
1123 1741 1249 1807 semper
1272 1744 1345 1793 eon·

153 1825 262 1893 solatio
278 1831 329 1891 est
343 1825 430 1904 mibi,
447 1824 530 1903 dato,
547 1823 632 1906 quod
643 1823 708 1905 J'am
723 1823 855 1889 debeam
870 1823 910 1889 ad
932 1828 1066 1889 mortem
1081 1824 1162 1890 duci.
1178 1826 1240 1892 Pro
1255 1834 1344 1894 certo
1364 1904 1368 1911 ,

152 1935 272 2011 reputo,
298 1927 382 2009 quod
404 1924 588 1991 deusdedit
609 1943 665 1991 vos
688 1926 778 2006 quasi
799 1924 939 2006 angelos
961 1942 1012 1990 me
1034 1925 1170 1992 debilem
1192 1934 1226 1994 et
1249 1927 1343 1995 mise·
1385 1989 1389 1996 .

154 2048 217 2094 rum
238 2029 272 2094 in
293 2027 437 2093 maximis
460 2026 689 2093 tentationibus
711 2028 937 2107 confortantes
965 2045 1045 2109 quae
1058 2033 1196 2108 quantae
1207 2027 1345 2110 luerunt,

153 2138 222 2194 strat
244 2137 278 2194 et
299 2128 403 2194 adbuc
425 2135 532 2207 erunt,
558 2127 638 2193 deus
668 2129 729 2193 scit
751 2128 960 2210 omnipotens,
983 2128 1038 2209 qui
1059 2133 1110 2193 est
1130 2128 1349 2195 misericordia

153 2248 218 2294 mea
239 2238 273 2294 et
294 2229 451 2310 reiugmm
472 2247 589 2308 meum,
614 2236 781 2311 susceptor
802 2246 891 2293 meus
914 2235 947 2294 et
968 2229 1123 2295 liberator
1145 2246 1233 2294 meus
1256 2235 1289 2295 et
1312 2231 1344 2296 in

153 2330 217 2412 ipsa
240 2329 377 2412 speravi.

247 2430 432 2508 Quaesitum
456 2433 506 2493 est
526 2447 605 2494 ame
628 2448 647 2494 a
669 2428 791 2494 duobus
813 2429 922 2494 missis
943 2429 977 2493 in
997 2447 1166 2510 carcerem,
1189 2420 1228 2494 an
1251 2428 1348 2497 babe-

154 2549 215 2596 rem
241 2531 350 2612 plures
371 2529 471 2594 libros
498 2529 538 2594 de
560 2549 630 2595 mea
650 2529 894 2611 compilatione?
926 2529 1018 2604 Dixi,
1045 2530 1130 2610 quad
1152 2530 1206 2596 sic.
1252 2530 1348 2595 Diue-

154 2640 237 2696 rnnt:
261 2630 380 2708 „Ubiae
405 2629 493 2695 Dixi:
517 2629 572 2709 „In
588 2629 768 2695 Bobemia.“
793 2630 1038 2710 Quaesivarunt,
1059 2648 1099 2695 au
1114 2631 1166 2696 bic
1180 2629 1348 2710 baberem;

155 2730 213 2796 dlxi
240 2729 325 2813 quod
354 2747 432 2807 uon,
460 2730 681 2811 quianullum
713 2730 828 2809 babeo,
861 2729 1003 2811 quamuis
1031 2728 1224 2795 adduxeram
1251 2749 1349 2813 super

155 2832 396 2909 sententiarum,
424 2830 551 2895 bibliam
573 2837 606 2895 et
626 2830 697 2896 alia.
721 2830 762 2894 Et
773 2831 839 2912 jam
853 2829 974 2910 audivi,
997 2829 1081 2912 quod
1103 2830 1238 2896 clericus
1259 2849 1348 2896 meus

156 2931 285 2996 recessit
299 2931 449 2996 loannes.
478 2930 649 2996 Dixerunt:
675 2930 802 3010 ,Hebes
830 2931 952 3011 aliquas
979 2930 1236 2997 conclusiones‘l“
1262 2931 1348 2996 Dixi:

159 3035 264 3109 ,non,“
289 3031 372 3095 sicut
399 3049 507 3095 verum
533 3037 592 3096 est.
620 3031 792 3095 Dixerunt:
818 3031 894 3109 ,Vis
920 3030 1068 3113 abJ'urare
1095 3040 1128 3096 et
1156 3032 1345 3098 revocarel“

157 3130 236 3196 Diui:
260 3131 424 3208 ,Venistis
439 3131 479 3196 ad
494 3131 675 3211 concilium,
696 3131 740 3195 ibi
755 3130 900 3210 audietis,
917 3132 990 3213 quia
1005 3130 1044 3196 ad
1060 3131 1227 3196 concilium
1242 3132 1343 3197 debeo

157 3238 237 3296 stare
259 3241 291 3297 et
314 3232 359 3297 illi
382 3231 592 3313 respondere3
615 3232 690 3313 quid
712 3232 933 3297 maiestatis?
957 3231 1097 3296 Venistis
1119 3231 1159 3297 ad
1182 3233 1346 3297 consolan-

156 3330 224 3395 dum
245 3340 451 3411 carceratum,
474 3333 525 3396 vel
546 3332 586 3398 ad
608 3332 836 3398 turbandum‘?“
861 3332 930 3409 Quo
951 3331 1069 3412 audito,
1092 3332 1198 3398 verbis
1217 3333 1347 3414 quibus·

158 3430 223 3497 dam
245 3433 454 3514 interpositis,
477 3438 689 3498 recesserunt.
1333 3508 1336 3516 ι

251 3532 369 3599 Cavete
396 3532 507 3612 librae,
540 3532 733 3613 sinebatis,
765 3551 824 3614 ego
856 3533 972 3599 nescia.
1015 3533 1171 3616 Magistro
1199 3533 1348 3600 Jesenicz

157 3634 274 3715 dentis,
297 3635 381 3716 quod
402 3635 545 3700 notarius
568 3633 675 3719 inique
689 3635 823 3702 mumvit
838 3633 1054 3701 testimouium
1073 3653 1177 3702 meum
1191 3635 1349 3718 deglossa

157 3735 265 3818 bullae,
288 3737 371 3801 sicut
391 3735 566 3815 audivistis,
595 3735 679 3817 quod
700 3735 761 3801 hoc
783 3735 848 3801 diri
869 3736 995 3819 publice
1017 3736 1050 3801 in
1072 3735 1215 3803 concilio.
1229 3735 1261 3818 *l

250 3852 280 3905 Ε
295 3851 357 3905 MS.
376 3850 503 3907 moden.
523 3867 553 3920 p.
572 3847 615 3903 97.
651 3849 736 3907 MSS.
763 3850 857 3905 Vicera.
877 3849 963 3915 4524,
982 3851 1007 3922 s.
1026 3850 1070 3906 88.
1091 3881 1120 3892 -
1139 3850 1225 3914 sest,
1236 3850 1261 3922 s.
1281 3848 1348 3905 160.

157 3929 236 3997 4902,
249 3934 275 4004 s.
292 3932 336 3989 91.
371 3934 435 3990 MS.
453 3938 539 4006 capit.
557 3935 646 4004 Pray.
665 3933 703 3987 N.
722 3933 769 3997 48,
781 3934 807 4004 s.
827 3931 868 3989 79.

232 4014 306 4074 ‘Ea
330 4020 361 4072 iar
381 4019 436 4090 Dp.
459 4021 540 4090 piiss.
561 4018 641 4074 (1.6,
672 4017 835 4088 Opoflao.
858 4015 1047 4086 ausast.

220 4581 242 4646 ⁸)
265 4583 413 4632 eonferenda
438 4582 477 4630 bic
498 4595 539 4640 aa,
561 4594 623 4644 quse
646 4576 808 4630 insufflantis
831 4577 927 4642 publica
951 4578 989 4628 die
1007 4575 1066 4626 vm
1083 4578 1151 4626 lunii
1174 4575 1348 4640 objiciebantur

270 4669 386 4730 magistro
408 4669 437 4716 de
460 4667 636 4728 ,giuretiooe‘
660 4666 741 4714 bullus
758 4664 900 4726 pondbcnlis
922 4666 951 4711 de
974 4663 1074 4712 ababa
1095 4663 1158 4711 141³
1181 4659 1247 4726 (vide
1265 4658 1346 4726 inira).
