2992 5258
149 426 212 489 310
355 420 430 475 Petri
448 419 482 474 de
499 419 678 476 Mladcnooic
695 420 791 475 relatio
809 419 843 476 de
860 421 898 475 Μ.
915 420 941 476 J.
958 421 1017 477 Has
1035 435 1132 478 causa:

249 625 338 690 Tunc
358 642 416 688 rex
438 623 533 688 dixit:
554 624 696 689 loannes
718 624 797 704 llus,
820 642 894 690 ecre
916 625 997 691 duae
1020 627 1089 691 viae
1112 633 1187 693 sunt
1210 626 1269 693 tibi
1291 646 1350 712 po·

151 728 249 791 sitae:
278 727 328 790 vel
355 725 439 805 quod
460 724 587 806 abjures
617 731 650 789 et
678 743 809 790 revoces
833 745 960 792 errores
986 729 1037 792 lric
1067 727 1295 795 condemnatos
1316 737 1351 796 et

152 826 209 890 des
236 833 269 891 tc
290 826 331 890 ad
352 826 488 906 gratiam
518 825 659 904 concilii,
690 831 724 889 et
754 826 920 891 concilium
951 828 1009 892 tibi
1032 829 1063 892 iu
1085 829 1190 911 aliquo
1214 830 1351 910 gratiam

152 926 263 1004 iaciet3
292 926 344 990 vel
366 926 392 989 si
415 926 479 1005 vis,
513 926 597 1007 quod
620 933 654 991 tu
683 926 836 991 defendas
858 928 938 992 istos
961 946 1102 1009 errores,
1126 937 1160 994 ct
1180 930 1351 996 concilium

153 1033 187 1091 et
209 1026 357 1092 doctores
379 1025 498 1090 habent
512 1045 570 1091 soa
587 1027 668 1108 jura,
696 1026 771 1108 quid
794 1034 897 1092 tecum
919 1029 1058 1093 debeant
1079 1027 1219 1094 finaliter
1233 1029 1351 1096 iacere.

152 1128 196 1192 Et
223 1127 292 1208 ipse
323 1127 505 1207 respondit:
528 1126 737 1192 Serenissime
759 1127 924 1208 princeps!
948 1146 1008 1207 ego
1031 1129 1151 1193 nullum
1174 1131 1246 1195 volo
1264 1148 1351 1196 erro·

153 1246 222 1292 rem
249 1233 377 1302 tenere,
406 1226 464 1291 sed
485 1227 558 1291 volo
578 1245 630 1292 mc
652 1227 815 1291 humiliter
836 1226 1025 1292 submittere
1049 1230 1176 1295 concilii
1199 1230 1351 1297 determi-

154 1327 290 1406 nationi3
323 1327 425 1391 solrrm
457 1327 540 1408 quod
570 1325 663 1391 deum
694 1334 727 1392 et
760 1328 987 1392 conscientiam
1019 1347 1081 1393 non
1113 1329 1290 1410 offendam,
1312 1350 1351 1396 nc

157 1426 259 1492 dicam
280 1446 330 1491 me
352 1427 431 1492 istos
454 1445 581 1492 errores
607 1432 764 1505 tenuisse,
788 1445 868 1508 quos
890 1445 1059 1510 numquam
1080 1429 1188 1506 tenni,
1211 1448 1273 1496 nec
1287 1449 1351 1495 um·

157 1546 250 1607 quam
272 1528 304 1592 in
319 1545 493 1592 cormeum
508 1529 730 1593 ascenderunt.
752 1529 795 1593 Et
823 1528 918 1592 ctiam
941 1547 1029 1608 rogo,
1052 1529 1136 1610 quod
1158 1530 1261 1595 solum
1276 1530 1351 1596 milri

158 1627 254 1692 detur
274 1627 438 1694 audientia
451 1628 492 1693 ad
514 1633 645 1709 teritum,
670 1628 753 1709 quod
768 1628 886 1710 possim
908 1647 1010 1692 meam
1024 1629 1235 1694 intentionem
1251 1630 1351 1696 decla·

92 1806 95 1811 Ι
158 1745 230 1790 rare
252 1727 284 1791 iu
307 1729 405 1793 certis
427 1728 554 1810 punctis
576 1736 608 1794 et
630 1729 772 1793 articulis
794 1729 870 1791 mihi
893 1728 1036 1808 objectis
1060 1737 1093 1794 et
1115 1730 1300 1812 specialiter
1311 1730 1351 1795 de

158 1846 256 1909 papa,
290 1828 448 1910 capitibus
479 1835 513 1895 et
533 1829 683 1894 membris
711 1828 880 1906 ecclcsiae,
914 1829 946 1892 in
969 1828 1084 1908 quibus
1105 1846 1226 1894 mecum
1248 1830 1351 1912 aequi·

158 1934 281 2007 uocant,
305 1930 389 2008 quod
408 1948 511 1994 meam
539 1929 748 1993 intentionem
771 1928 967 2011 concipiant;
990 1930 1135 2010 quiaego
1158 1929 1351 1996 concedoel

160 2028 240 2107 dico,
263 2028 346 2108 qued
362 2049 453 2111 papa,
476 2031 626 2112 episcopi,
648 2030 784 2111 praelati
805 2046 844 2094 rc.
867 2029 895 2093 si
916 2029 981 2094 sint
1002 2030 1153 2111 praesciti
1175 2036 1209 2096 et
1230 2031 1264 2096 in
1280 2048 1351 2111 pec·

161 2129 240 2193 catis
262 2130 462 2209 mortalibus,
496 2149 560 2195 non
582 2136 657 2194 sunt
689 2148 765 2194 vere
787 2130 867 2194 tales
890 2129 994 2210 quoad
1014 2131 1145 2208 merita,
1179 2148 1241 2195 uec
1262 2129 1351 2212 digna

162 2246 267 2294 coram
290 2229 350 2294 deo
372 2236 538 2311 protunc,
561 2235 635 2295 sunt
656 2234 762 2295 tamen
789 2229 893 2309 quoad
925 2227 1031 2294 officia
1053 2230 1143 2307 tales
1167 2231 1234 2294 scil.
1247 2246 1351 2312 papae

162 2329 321 2410 episcopi,
354 2331 490 2412 praelati
517 2347 573 2410 aa,
595 2349 680 2404 cum,
701 2335 738 2394 ut
759 2329 838 2409 dixi,
864 2328 929 2393 sint
951 2328 1073 2409 indigni
1094 2329 1233 2393 ministri
1255 2346 1351 2394 sacra·

161 2434 349 2494 mentorum.
380 2429 425 2495 Et
449 2438 523 2513 post
549 2431 648 2495 multa
669 2431 731 2496 alia
757 2430 830 2494 hinc
857 2429 931 2493 inde
960 2429 1130 2508 ventilata,
1163 2448 1222 2493 rex
1243 2429 1351 2493 iterun

163 2530 262 2595 dixit:
284 2529 404 2596 Audias
424 2530 566 2596 loannes
588 2530 673 2596 Husl
695 2532 785 2596 Sicut
806 2530 876 2593 heri
898 2528 957 2593 tibi
975 2528 1049 2609 dixi,
1074 2528 1176 2592 adhuc
1198 2529 1258 2593 tibi
1281 2528 1351 2594 dice

162 2650 228 2696 non
249 2648 378 2713 pessum
400 2631 459 2696 tibi
487 2649 667 2711 resumere,
699 2637 838 2696 aetatem
859 2630 978 2709 habes,
1005 2628 1034 2692 si
1054 2629 1200 2707 voluisti,
1228 2628 1351 2710 potuisl

163 2730 246 2796 bene
273 2731 463 2811 intelligere.
495 2730 566 2796 Jam
588 2731 693 2809 audis,
728 2732 802 2812 quia
831 2730 948 2795 domini
970 2729 1029 2794 tibi
1056 2728 1135 2794 duas
1157 2729 1225 2794 vias
1247 2746 1351 2813 propo

165 2840 315 2910 suerunt,
341 2831 392 2895 vel
419 2831 504 2913 quod
530 2839 566 2897 tu
587 2832 644 2895 des
674 2839 706 2896 te
728 2831 760 2895 in
783 2831 927 2896 omnibus
949 2830 990 2894 ad
1016 2831 1150 2910 gratiam
1173 2847 1268 2896 sacro
1292 2848 1351 2896 con

166 2932 249 3010 cilio,
272 2939 306 2997 et
327 2937 445 3012 quanto
461 2932 565 3011 cilina,
581 2938 677 2996 'tanto
699 2932 821 3011 melius,
845 2936 879 2995 ct
899 2930 1028 3010 abjures
1050 2938 1084 2995 et
1105 2949 1240 2996 revoces
1255 2949 1351 2996 omne

166 3049 304 3113 errores,
325 3033 398 3098 illos
419 3033 454 3098 in
475 3031 565 3097 libris
587 3033 651 3096 tuis
673 3032 820 3112 scriptos,
844 3038 878 3096 et
899 3031 994 3095 otiam
1010 3031 1091 3109 illos,
1114 3048 1193 3111 quos
1210 3048 1351 3113 recogno

167 3133 241 3198 visti
264 3132 365 3212 solus,
388 3138 422 3198 et
443 3151 541 3214 super
562 3150 642 3214 ques
665 3138 777 3197 contra
798 3139 831 3197 te
853 3129 1016 3196 sufficiens
1039 3130 1351 3197 testimoniumaddn

168 3240 293 3314 xerunt,
316 3234 431 3315 quibus
453 3240 581 3315 oportet
602 3251 662 3299 nos
683 3233 825 3312 credere,
848 3232 922 3313 quia
944 3231 1052 3296 dicunt
1075 3230 1348 3314 scripturaeque

168 3336 202 3400 in
234 3352 291 3400 ora
315 3333 450 3400 duorum
478 3335 529 3399 vel
561 3335 659 3397 trium
689 3331 820 3397 testium
859 3337 924 3395 stet
957 3349 1049 3395 omne
1081 3330 1228 3407 verbum3
1262 3338 1299 3398 et
1318 3332 1351 3397 hi

168 3453 268 3518 super
288 3434 447 3516 aliquibus
469 3434 612 3499 articulis
628 3452 721 3515 quam
744 3433 853 3516 plures
875 3432 1095 3512 deposuerunt
1116 3438 1150 3495 et
1171 3432 1282 3513 magni
1295 3433 1351 3498 vir

171 3542 206 3601 et
225 3553 285 3618 pro
307 3536 371 3600 illis
392 3535 556 3600 erroribus
577 3534 733 3616 suscipias
755 3534 984 3614 poenitentiam
1007 3531 1103 3596 corde
1125 3532 1285 3610 contrito,
1306 3548 1351 3597 nc

171 3635 292 3714 fictam,
323 3635 406 3700 sicut
432 3635 492 3701 tibi
514 3634 648 3699 dictabit
669 3633 853 3712 concilium,
887 3640 919 3697 et
941 3633 1023 3711 illia,
1051 3637 1087 3696 ut
1109 3631 1218 3696 dicunt
1241 3631 1351 3699 domin

146 3735 353 3820 ‚oppositum
373 3734 568 3800 determines
590 3741 623 3800 et
645 3734 783 3813 scribas,
816 3741 850 3798 et
867 3733 957 3813 jures
978 3733 1050 3797 illos
1072 3734 1106 3795 et
1127 3732 1208 3796 alios
1232 3731 1351 3814 amplis

172 3856 236 3904 nen
264 3845 390 3915 tenere;
423 3836 473 3900 vel
495 3836 522 3902 si
554 3837 602 3900 vis
630 3836 702 3900 illos
733 3833 942 3916 pertinaciter
974 3838 1085 3898 tenere
1113 3837 1152 3894 'et
1181 3830 1351 3897 deiendcr

173 3942 257 4022 quod
278 3947 355 4007 tunc
376 3946 464 4004 certe
478 3938 646 4003 concilium
669 3940 779 4000 contra
794 3941 826 3999 te
841 3933 995 4015 procedat
1017 3929 1190 3996 secundum
1209 3931 1285 4012 jura
1298 3948 1350 3995 su

173 4044 218 4111 Et
246 4042 372 4125 quidam
401 4042 550 4118 antiquus
579 4037 748 4118 episcopus
781 4042 814 4100 ct
836 4051 933 4099 canus
955 4032 995 4097 de
1024 4031 1155 4096 Polouia
1177 4030 1274 4096 dixit:
1292 4030 1351 4097 Ju:

175 4151 251 4211 sunt
272 4144 358 4211 clara
379 4142 412 4206 in
426 4139 633 4205 clementinis
651 4142 685 4201 et
706 4136 803 4201 Sexto
825 4133 866 4198 de
879 4133 1060 4212 haereticis
1083 4130 1241 4212 quomodo
1256 4128 1351 4196 debe

176 4262 284 4312 secum
305 4242 384 4308 fieri.

277 4342 319 4406 Et
346 4341 498 4421 magister
525 4339 594 4417 regi
625 4335 808 4418 respondit:
837 4333 1045 4398 Screuissime
1072 4331 1236 4412 princeps!
1264 4336 1350 4395 mma

178 4445 244 4509 dixi
264 4444 362 4526 prius,
386 4441 470 4521 quod
491 4441 553 4504 huc
574 4438 673 4502 libere
698 4436 777 4515 veui,
800 4453 863 4498 non
885 4452 924 4497 ea
945 4433 1137 4509 intentione,
1172 4429 1256 4512 quod
1276 4420 1351 4533 velia

179 4544 315 4624 aliquem
338 4558 479 4606 errorem
502 4548 613 4605 tenere
636 4537 686 4600 sel
708 4535 880 4613 haeresim,
903 4533 959 4598 sed
982 4532 1053 4597 volo
1075 4531 1239 4595 humiliter
1249 4518 1351 4593 coroa

180 4650 267 4711 stare
290 4641 513 4709 informationi.
547 4639 589 4704 Et
610 4637 700 4703 multi
733 4635 923 4702 clanrabant:
947 4633 1029 4699 Ecce
1051 4633 1200 4715 pertinax
1223 4618 1351 4741 estruit
