2992 5258
384 443 427 497 78.
446 440 523 496 Univ.
542 441 619 509 Prag.
637 439 758 495 Laokoui
776 439 899 508 queritur
919 438 954 495 do
972 440 1020 494 cir.
1039 438 1125 494 Olonr.
1293 443 1351 510 561
1440 518 1442 525 1

157 645 241 712 velle
264 646 382 711 habere
405 646 537 711 militem
559 645 669 725 Pilati,
703 645 757 725 qni
783 622 854 709 eum¹
876 644 1042 724 indueret3
1065 651 1098 710 et
1120 642 1281 710 induendo
1304 664 1355 710 ca-

156 747 256 813 sulam
291 753 325 814 et
353 749 472 827 albam,
506 747 566 812 sibi
594 746 814 828 appropriavit
842 745 926 812 facta
956 744 1090 826 Christi,
1124 765 1204 827 quae
1231 748 1262 811 in
1286 746 1354 828 ejus

157 850 319 914 exuit-ione
335 856 368 914 et
382 848 559 913 induitione
580 855 725 931 ternpore
740 847 896 928 passionis
924 846 1108 928 agebantur.
1133 847 1175 913 Et
1197 867 1266 913 cnm
1283 848 1352 930 epi·

157 951 244 1033 scopi
269 952 301 1014 in
323 969 380 1016 sua
410 950 638 1032 degradatione
661 967 724 1015 non
747 949 809 1014 cito
833 949 1061 1030 procederent,
1095 949 1151 1014 sed
1173 949 1354 1030 aliqualiter
1463 943 1464 947 ’

156 1049 196 1117 de
220 1050 331 1116 ordine
354 1050 580 1132 disceptarent,
603 1050 763 1115 clamavit:
781 1049 864 1115 Ecce
887 1069 948 1115 non
972 1057 1107 1132 possunt
1128 1051 1161 1113 in
1183 1051 1247 1115 ista
1268 1049 1353 1114 blas·

157 1151 284 1233 phemio
305 1152 517 1218 concordare!
544 1152 587 1216 Et
608 1152 733 1217 demum
761 1152 907 1217 omnibus
929 1152 1074 1232 insigniis
1097 1150 1352 1217 sacerdotalibus

158 1250 330 1334 depositis,
364 1258 397 1318 et
419 1252 524 1334 capite
546 1271 618 1318 ruso
639 1259 672 1318 et
694 1252 792 1317 infula
814 1253 1033 1336 superposita,
1056 1251 1128 1318 alba
1150 1260 1183 1317 et
1204 1252 1350 1332 rotunda,

156 1352 366 1418 daemonibus
396 1352 531 1434 depictis
561 1354 593 1418 in
616 1353 727 1418 eadem
759 1359 792 1417 et
824 1354 916 1419 titulo
949 1354 1011 1419 ista
1033 1352 1131 1419 verba
1153 1352 1352 1419 continente:

159 1453 248 1533 ,Hos
274 1453 533 1532 haeresiarclra,“
562 1453 681 1534 judicio
712 1453 848 1518 seculari
881 1459 931 1520 est
959 1454 1107 1534 relictus,
1139 1453 1226 1518 nulla
1248 1459 1352 1520 tamen

156 1554 358 1620 absolutione
381 1554 713 1619 excommunicationis
736 1554 904 1636 postulata.
935 1554 1092 1637 Scriptum
1116 1574 1173 1637 per
1195 1575 1276 1633 eum,
1299 1555 1352 1635 qni

154 1656 260 1721 omnia
281 1654 361 1720 vidit
383 1662 416 1720 et
437 1654 566 1734 audivit,
588 1662 621 1719 et
643 1673 751 1719 varum
767 1662 816 1720 est
840 1655 1057 1721 testimonium
1079 1655 1162 1737 ejus:
1187 1656 1237 1721 die
1252 1656 1351 1721 domi·

155 1756 227 1822 nica
249 1755 332 1821 inira
354 1761 496 1821 octauam
519 1755 718 1821 visitationis
742 1756 908 1837 gloriosae.

727 2151 785 2228 78.

155 2378 421 2466 Universitas
448 2378 577 2462 studii
608 2377 837 2490 Pragensis
864 2378 1058 2464 Laokoni
1085 2380 1137 2462 de
1169 2379 1350 2464 Krawar

154 2514 372 2600 Moraviae
395 2514 676 2626 gubernatori
705 2516 907 2625 queritur,
937 2514 967 2599 J
970 2544 1153 2600 oannem
1180 2544 1351 2620 „verum

153 2651 389 2735 zelatorem
403 2650 512 2760 legis
530 2649 622 2732 der‘
657 2679 752 2732 cum
779 2654 896 2735 socio
918 2679 994 2735 suo
1012 2661 1233 2760 tamquam
1248 2650 1350 2732 hae-

154 2786 336 2869 reticum
354 2815 380 2867 a
396 2784 559 2868 nivibus
576 2781 932 2868 Olomucenaibus
954 2784 1224 2870 combustum
1244 2813 1348 2866 ease.

596 3032 708 3120 Pragae,
728 3033 801 3100 1415,
819 3036 835 3088 8
852 3033 908 3088 Jnl.

493 3334 538 3399 (E
554 3334 614 3388 MS.
640 3334 735 3389 Vicera.
754 3331 835 3396 4937,
850 3334 903 3404 sol.
922 3330 1004 3398 216.)

255 3656 395 3724 Salutem
417 3674 486 3721 cum
508 3654 592 3721 felici
620 3657 843 3738 prosperitate,
878 3662 911 3721 et
933 3655 959 3720 si
982 3655 1057 3737 qnid
1078 3655 1200 3720 dulcius
1223 3659 1273 3718 est
1296 3671 1345 3718 sa-

151 3759 232 3825 lute:
249 3758 374 3837 nobilio,
397 3755 561 3838 magnifice
582 3757 722 3821 domine!
747 3757 895 3823 Pervenit
908 3755 1081 3839 prohdolor
1096 3756 1136 3821 ad
1158 3755 1350 3821 audientiam

150 3865 292 3925 nostram
305 3877 408 3941 nuper
423 3858 505 3925 fama
523 3859 674 3941 lugubris,
700 3877 792 3939 quam
813 3877 877 3923 non
899 3858 967 3922 sine
983 3876 1095 3941 magno
1118 3857 1227 3923 dolore
1243 3855 1349 3921 cordis

149 3959 253 4027 nostri
286 3961 478 4042 recepimus,
514 3960 669 4041 quomodo
692 3959 797 4025 bonae
817 3959 988 4024 memoriae
1010 3959 1160 4036 ‚loannes
1184 3956 1257 4022 olim
1281 3956 1348 4020 nni·

148 4034 311 4127 versitatis
334 4068 463 4127 nostrae
489 4061 712 4143 studii,nnper
728 4060 1034 4145 perOlomucenseS,
1057 4078 1120 4124 non
1143 4058 1240 4124 veluti
1264 4058 1348 4121 cives

149 4163 327 4229 deliberate
347 4161 547 4244 Judicantes,
574 4180 683 4226 uerum
707 4161 948 4227 immanissimos
971 4167 1136 4242 tyrannos,
1164 4164 1292 4223 nostrae
1315 4157 1347 4220 iu

149 4282 186 4328 eo
219 4263 348 4343 linguae
381 4270 529 4344 patentes
552 4263 706 4342 inimicos,
741 4262 925 4328 incivitate
957 4280 1065 4327 eorum
1088 4280 1159 4326 cnm
1181 4259 1266 4324 socio
1290 4275 1346 4321 suo

148 4370 272 4445 captae,
297 4363 331 4428 in
353 4364 457 4445 spatio
487 4364 576 4446 qnasi
600 4364 693 4428 unius
710 4363 832 4428 mediae
854 4362 917 4427 diei
940 4361 1093 4427 naturalis
1116 4366 1234 4439 tortus,
1265 4358 1349 4440 jndi-

147 4470 239 4531 catus
261 4469 295 4530 et
316 4464 399 4545 ignis
427 4464 573 4545 voragini
597 4464 735 4528 traditus
763 4468 813 4528 est
834 4463 1030 4540 combustus,
1053 4468 1212 4542 tamquam
1234 4460 1346 4523 haere·

148 4564 230 4631 ticus
263 4565 409 4630 notorius
433 4571 466 4629 et
498 4564 700 4644 manifestus,
734 4563 767 4628 in
788 4563 1002 4628 confusionem
1036 4567 1165 4626 nostrae
1187 4559 1343 4623 univorsi-

147 4664 231 4738 tatis
247 4664 309 4729 imo
326 4664 433 4731 uerius
443 4664 484 4729 ad
499 4663 722 4747 imponendum
737 4664 890 4731 maculam
906 4663 994 4744 genti
1009 4668 1138 4728 nostrae
1154 4658 1342 4725 Bohemicae

1149 4775 1181 4830 36
