2992 5258
539 446 580 498 41.
616 443 766 500 Arbitrium
783 445 954 502 arbitrorum.
1286 457 1350 522 439

152 643 265 730 utcky‘
287 661 336 727 tc,
380 644 487 712 Stibor
519 646 656 712 udwoda
669 595 924 733 Sedmihradsky‘,
946 652 1052 718 Lacck
1085 673 1102 717 z
1124 654 1257 721 Krawai
1277 656 1347 721 hol·

152 749 242 814 mistr
263 764 313 829 tc,
343 748 425 813 kndz
455 747 553 815 Sulek
583 751 717 832 proboso
739 750 975 835 Chatelowsky‘,
1005 753 1141 820 Waclaw
1171 755 1345 836 zDontna

152 848 279 916 Bohube
317 849 493 915 komendor
525 870 542 914 z
574 851 764 934 Manetinej,
798 853 936 918 Zmrzlik
977 855 1186 936 mincmaistr,
1219 855 1344 938 Nikolaj

154 970 170 1015 z
193 950 312 1028 Woiic,
345 949 408 1015 sud
430 950 536 1032 pedeti
558 952 714 1033 ptidtwili
740 972 813 1020 ‚sme
834 954 856 1018 k
878 959 965 1020 tomu
986 955 1074 1036 listu,
1096 956 1173 1022 rada
1193 953 1349 1035 krdlossa3

152 1070 171 1116 a
197 1068 249 1132 my
271 1050 334 1116 Jan
363 1050 538 1134 zHradce,
570 1053 689 1135 Ondiej
723 1074 740 1118 z
768 1054 869 1135 Dube,
892 1056 969 1122 Petr
1000 1057 1180 1137 nwalna,
1202 1056 1349 1121 Beneiek

153 1170 171 1214 z
208 1149 358 1232 Winaiic,
396 1148 532 1218 Wdclaw
568 1173 585 1217 z
615 1154 742 1237 Lestna,
779 1154 899 1220 Herart
934 1176 951 1219 z
987 1155 1165 1237 Kunstata,
1202 1156 1348 1222 lindiich

150 1271 168 1314 z
197 1251 378 1332 Plumlowa
407 1252 484 1319 Smil
516 1274 532 1317 z
563 1253 713 1336 Bictowa,
744 1238 830 1322 Senk
863 1277 880 1320 z
909 1257 1044 1339 Zojdaw,
1065 1258 1171 1324 Iiicht
1202 1258 1348 1324 holmistr

149 1351 311 1433 Saakdho,
338 1353 400 1419 Jan
435 1354 697 1437 zKobmberka,
723 1355 822 1423 deick
851 1358 998 1423 Rotstein
1034 1379 1054 1425 a
1089 1359 1204 1425 mnoho
1238 1358 1348 1442 jiny‘ch

150 1451 315 1536 dobry‘ch,
348 1454 413 1536 byli
454 1446 522 1520 ame
550 1457 599 1538 pii
639 1463 713 1522 tom.
755 1458 835 1523 leni
869 1458 936 1540 jest
975 1459 1036 1524 dan
1067 1465 1122 1524 ten
1154 1460 1283 1542 pouddll
1304 1480 1346 1543 po

153 1552 288 1619 suatim
314 1555 472 1638 Prokope,
502 1556 568 1622 leta
604 1575 645 1640 po
677 1557 814 1623 boiiem
832 1561 983 1625 aaronem
1015 1578 1056 1642 po
1090 1561 1225 1626 ttrntcti
1257 1563 1348 1627 atech

147 1652 373 1734 jedcntcteho.

168 1812 172 1823 .
254 1753 431 1839 (Apprcssa
453 1757 556 1840 sigilla
577 1759 695 1841 decem,
719 1778 851 1841 quorum
873 1766 996 1844 septem
1018 1761 1149 1842 avulsa.)

683 1942 700 1982 ¹1¹
807 1943 824 1983 ¹1¹

746 1986 763 2026 ¹1¹

236 2155 376 2238 'Primum
393 2156 466 2226 quod
482 2157 516 2212 D.
534 2159 753 2229 archiepiscopus
771 2175 831 2214 cum
857 2160 912 2214 anis
929 2160 1115 2215 sacerdotibus
1133 2167 1161 2217 et
1177 2160 1351 2229 adjutoribus

151 2246 238 2309 atquc
265 2256 299 2294 ex
325 2240 413 2295 altera
437 2248 514 2310 parte
540 2249 629 2298 rector
654 2244 837 2298 universitatis
855 2243 1000 2311 Pragensis
1025 2252 1054 2298 et
1078 2247 1207 2314 magister
1229 2246 1351 2300 Joannes

149 2324 213 2379 llus
239 2340 300 2378 cum
317 2324 379 2379 aliis
396 2326 531 2394 magistris
548 2334 576 2382 ct
592 2327 763 2396 adjutoribus
779 2329 850 2382 inter
863 2343 891 2382 se
904 2327 1056 2397 disceptant
1067 2344 1099 2382 ac
1111 2329 1231 2396 litigant:
1250 2328 1351 2384 debent

148 2410 262 2479 utrique
284 2409 406 2478 polliceri
429 2427 461 2465 ac
487 2411 558 2466 bona
582 2411 636 2467 fide
659 2413 772 2482 polliciti
794 2418 857 2467 sunt
879 2428 939 2467 cnm
964 2429 1004 2475 eo,
1029 2418 1060 2467 ut
1085 2414 1241 2481 ceteroquin
1268 2428 1351 2468 causa

152 2494 264 2562 cadant,
283 2509 313 2548 se
330 2493 364 2548 de
381 2493 424 2548 his
441 2494 565 2550 omnibus
583 2495 675 2551 litibus
693 2502 721 2551 et
737 2496 927 2552 controversiis
945 2496 972 2551 in
988 2496 1119 2565 judicium
1137 2504 1264 2552 venturos
1282 2512 1352 2565 esse,

152 2585 183 2632 et
206 2583 341 2632 venerunt
362 2579 469 2646 utrique
492 2579 544 2633 rite
568 2579 603 2634 ad
628 2581 741 2649 Regiam
758 2580 932 2649 Majestatem
950 2580 1063 2649 ejusque
1083 2580 1259 2648 consiliarios,
1276 2580 1353 2635 nulla

146 2677 182 2716 re
200 2662 308 2716 omissa
342 2661 414 2716 Acsi
431 2663 557 2732 princeps
575 2663 717 2733 saxoniae,
735 2664 858 2718 dominus
872 2664 969 2734 Stibor,
989 2670 1017 2718 et
1034 2664 1158 2719 dominus
1175 2665 1256 2719 aulae
1273 2679 1352 2733 prae·

151 2745 245 2800 fectus
262 2761 316 2799 non
333 2752 461 2814 poterunt
478 2762 510 2800 eo
527 2752 649 2816 tempore
666 2748 763 2804 adesse
781 2748 823 2803 vel
841 2749 865 2802 si
883 2749 947 2816 quid
964 2764 1018 2802 non
1035 2754 1179 2817 peragent:
1197 2754 1254 2802 tum
1266 2747 1353 2815 Regia

152 2829 289 2898 Maiestas
308 2829 474 2884 consiliarios
493 2845 557 2886 suos
575 2847 607 2885 ac
624 2831 745 2886 dominos
763 2831 901 2898 adhibeat,
920 2837 948 2886 et
965 2831 1095 2899 quidquid
1114 2831 1148 2887 R.
1160 2831 1198 2885 M.
1217 2832 1267 2885 hos
1289 2846 1352 2885 con·

155 2913 250 2969 sulcus
272 2913 388 2968 edixerit
404 2930 436 2968 ac
453 2915 630 2983 mandaverit,
648 2916 676 2970 id
693 2916 728 2971 ab
745 2916 868 2984 utrisque
885 2922 973 2970 ratum
991 2914 1124 2970 habeatur
1141 2922 1170 2970 et
1186 2914 1352 2969 observetur.

255 2998 324 3051 Item
334 2997 496 3053 arbitramur
505 3014 708 3068 censemusquc,
718 3000 751 3053 D.
770 2999 1001 3067 archiepiscopum
1019 3006 1047 3053 et
1055 2999 1168 3065 Regiam
1176 2997 1351 3065 Majestatem

149 3082 181 3135 in
208 3080 324 3148 gratiam
351 3082 564 3138 reconciliandos
590 3098 659 3151 esse,
687 3081 821 3150 debetque
839 3081 872 3136 D.
898 3083 1116 3151 archiepiscopus
1139 3098 1168 3136 se
1195 3081 1352 3136 submittere

150 3165 257 3233 Regiae
274 3164 430 3232 Maiestati,
454 3171 547 3234 utpote
571 3166 678 3221 domino
695 3182 753 3234 suo,
772 3173 800 3221 et
816 3181 912 3233 rogare
929 3166 1041 3233 Regiam
1059 3166 1252 3234 bdajestatem,
1278 3172 1309 3219 ut
1326 3165 1352 3219 ei

153 3249 263 3317 placeat
291 3248 408 3303 scribere
434 3249 468 3303 ad
487 3250 689 3304 sanctissimum
714 3256 828 3318 patrem,
856 3249 927 3317 quod
944 3249 1046 3316 Regiae
1068 3249 1207 3317 hiajestati
1237 3248 1352 3316 ejusque

154 3332 318 3387 consiliariis
328 3331 477 3400 videbitur,
487 3334 604 3402 itemque
614 3335 647 3388 D.
658 3333 877 3402 archiepiscopus
886 3332 1004 3388 scribere
1015 3333 1096 3388 debet
1105 3333 1141 3387 ad
1148 3332 1352 3387 sanctissimum

155 3423 262 3486 patrem
281 3416 427 3471 secundum
445 3418 600 3473 mandatum
618 3419 720 3487 Regiae
737 3417 894 3488 Majestatis
912 3418 1027 3485 ejusque
1043 3417 1265 3472 consiliariorum.

256 3500 325 3555 ltem
342 3500 461 3556 scribere
479 3501 561 3556 debet
577 3503 610 3556 D.
624 3503 850 3571 archiepiscopus
868 3501 903 3556 ad
918 3501 1121 3556 Sanctissimum
1138 3506 1253 3569 patrem,
1271 3516 1300 3554 sc
1318 3499 1353 3555 de

156 3586 200 3640 his
220 3585 412 3639 controversiis
430 3585 482 3639 rite
505 3585 540 3639 ad
558 3587 671 3655 Regiam
688 3587 859 3653 Majestatem
884 3585 912 3638 in
932 3584 1064 3653 judicium
1082 3584 1197 3652 venisse,
1216 3600 1304 3652 neque
1323 3598 1352 3638 se

157 3668 228 3724 ullos
246 3683 353 3723 errores
370 3669 398 3723 in
415 3670 467 3723 hac
484 3675 558 3724 terra
574 3686 662 3732 nosse,
680 3671 731 3725 nisi
749 3670 821 3737 quod
832 3670 1031 3723 controversiae
1043 3669 1114 3723 intor
1126 3684 1156 3723 se
1170 3675 1198 3723 et
1210 3669 1353 3736 magistros

156 3753 367 3821 intercesserint,
385 3759 467 3821 atque
485 3752 519 3807 de
538 3753 580 3807 his
598 3755 786 3808 controversiis
798 3769 827 3808 se
839 3753 890 3807 rite
901 3752 936 3807 ad
947 3752 1048 3821 Regiae
1058 3752 1213 3820 Majestatia
1222 3752 1354 3821 judicium

159 3838 277 3905 venisse;
297 3835 383 3906 Regia
400 3837 533 3905 hiajestas
550 3844 640 3892 autem
666 3838 694 3891 in
728 3837 867 3892 consilium
894 3835 1023 3890 adhibeat
1050 3837 1198 3904 episcopos,
1222 3835 1354 3904 doctores,

157 3921 309 3990 magistros,
332 3921 479 3990 praelatos,
503 3922 647 3990 principes,
671 3920 787 3976 barones
812 3921 936 3988 aliosque
959 3920 1078 3987 nobiles;
1104 3920 1177 3973 acsi
1196 3919 1257 3987 quis
1276 3934 1354 3974 error

158 4005 200 4059 rel
224 4005 317 4060 sitium
340 4006 449 4074 aliquod
473 3998 692 4074 deprehendatur
715 4004 758 4058 rel
782 4004 854 4073 apud
878 4004 1033 4059 sacerdotes
1052 4004 1095 4057 rel
1113 4003 1186 4071 apud
1204 4003 1350 4071 seculares,

158 4105 191 4144 ea
208 4106 243 4144 cx
261 4090 374 4144 oonsilio
392 4090 551 4145 clericorum
569 4095 596 4144 et
614 4089 776 4144 secularium
793 4089 879 4156 Regia
895 4089 1029 4156 Majestas
1046 4088 1126 4142 tollat
1142 4094 1171 4140 ot
1194 4087 1351 4140 ulciscatur.

256 4174 326 4228 ltem
351 4175 373 4228 si
399 4175 445 4242 qui
471 4174 514 4229 rel
540 4175 631 4228 clerici
657 4173 700 4227 rel
725 4173 862 4228 seculares
888 4189 905 4227 a
932 4188 1004 4242 papa
1030 4170 1252 4226 excommunicati
1282 4175 1354 4238 sunt,

158 4257 191 4311 1).
214 4257 434 4327 archiepiscopus
456 4274 506 4326 per
528 4259 621 4312 literas
645 4258 848 4312 Sanctissimum
870 4262 975 4325 patrem
993 4270 1089 4324 rogare
1107 4255 1197 4323 debet,
1215 4261 1246 4308 nt
1262 4269 1355 4310 omnes

158 4341 433 4397 excommunicatione
452 4342 609 4409 liberentur,
627 4359 659 4396 ac
676 4343 699 4397 ai
717 4358 786 4410 quae
811 4341 874 4395 lites
891 4341 919 4394 in
937 4340 1012 4395 curia
1029 4339 1169 4413 iustitutae
1187 4346 1250 4391 suut
1268 4338 1302 4392 de
1320 4338 1354 4392 iis

159 4426 358 4495 controversiis,
385 4441 433 4481 eae
461 4426 495 4481 ab
519 4434 632 4496 utraque
656 4433 732 4495 perte
757 4426 883 4480 desinant
908 4431 935 4479 et
958 4424 1064 4490 utrique
1082 4428 1272 4491 procuratores
1290 4437 1354 4477 snos

159 4516 316 4565 removeant
341 4513 568 4579 acquiescantqne
585 4513 613 4566 in
640 4528 688 4578 eo,
715 4510 786 4579 quod
803 4510 835 4564 R.
854 4511 892 4565 Μ.
919 4525 978 4563 cnm
1004 4507 1166 4562 consiliariis
1193 4506 1354 4575 supradictis

159 4593 316 4651 decreverit
351 4595 420 4648 ltem
438 4595 523 4664 siqui
541 4595 600 4649 aD.
618 4595 820 4664 archiepiscopo
838 4591 1055 4648 excommunicati
1073 4596 1145 4659 sunt,
1164 4605 1210 4644 eos
1220 4589 1252 4645 D.
1266 4589 1353 4644 archi·

161 4680 303 4749 episcopua
321 4678 595 4736 excommunicatione
613 4680 730 4735 liberare
746 4684 829 4746 atque
847 4676 1020 4731 interdictum
1036 4675 1134 4731 tollere
1152 4673 1240 4730 debet
