2992 5258
248 407 288 469 38
726 396 865 466 Epistulae
888 394 1004 465 scriptae
1072 470 1074 474 λ

250 605 545 675 communicaverunt,
579 603 735 663 educentes
766 606 848 661 exha
876 601 1033 671 civitatem,
1054 599 1273 663 'cmctflxcmnt
1298 609 1444 678 amquam

252 707 445 767 maledictum.

348 808 379 868 Si
401 809 489 882 igitur
511 805 645 867 Christus
667 805 739 865 talia
765 818 784 863 a
805 803 1008 866 sacerdotibus
1035 820 1143 878 passus
1171 811 1233 880 est,
1266 806 1325 879 qui·
1338 821 1439 866 omnes

249 910 403 983 languores
426 907 530 978 verbo,
564 906 652 981 idque
677 907 740 966 sine
762 907 888 979 pecunia
916 910 946 965 et
966 907 1107 966 sumtibus
1130 908 1254 978 curavit,
1288 906 1443 969 daemonia

236 1011 345 1094 ejecit,
376 1015 506 1070 mortuos
530 1009 686 1079 suscitavit,
719 1008 813 1083 legem
837 1008 884 1069 dei
907 1023 958 1068 eos
980 1008 1093 1079 docuit,
1126 1007 1238 1068 inulla
1269 1023 1301 1067 re
1334 1008 1443 1070 nemini

250 1113 357 1185 nocuit,
379 1126 473 1184 neque
495 1116 646 1184 peccatum
669 1108 746 1181 fecit,
768 1110 823 1170 hoe
845 1116 962 1181 tantum
985 1110 1052 1184 quia
1074 1125 1174 1170 eornm
1196 1109 1335 1169 mahtiam
1358 1109 1441 1170 dete·

250 1213 304 1273 xit:
327 1211 395 1287 quid
417 1212 562 1282 miramur,
584 1212 609 1271 si
632 1210 718 1271 hodie
734 1210 908 1271 Antichristi
923 1211 1055 1283 ministri,
1078 1211 1127 1285 qui
1149 1215 1217 1271 suut
1238 1210 1330 1286 magis
1353 1210 1441 1281 avari,
1470 1206 1474 1215 '

251 1314 401 1388 luxuriosi,
423 1312 558 1374 crudeles
580 1317 611 1373 et
635 1312 724 1372 astuti
747 1327 832 1387 quam
846 1312 1007 1384 Pharisaei,
1031 1328 1132 1373 servos
1155 1312 1202 1373 dei
1217 1314 1441 1388 persequuuthr,

250 1414 425 1477 contumelia
446 1412 589 1485 afficiunt,
614 1413 673 1473 illis
696 1413 880 1485 maledicunt,
903 1414 1235 1486 cosexcommuuiccnt,
1256 1414 1442 1476 incarcerant

249 1525 279 1580 et
300 1516 455 1579 occidunt?

346 1619 549 1690 Memineriiis,
571 1618 641 1694 quid
652 1623 754 1679 noster
774 1633 828 1680 rex
843 1623 873 1678 et
887 1618 1020 1679 domium
1037 1617 1158 1678 dixerit:
1182 1617 1242 1690 „Si
1257 1615 1360 1693 iuquit,
1378 1615 1440 1678 odit

248 1742 300 1787 vos
322 1722 455 1792 mundns,
478 1721 590 1790 scitote,
613 1719 690 1793 quod
712 1735 757 1779 me
779 1719 860 1794 prius
873 1719 940 1779 odio
962 1718 1078 1792 habuit3
1100 1718 1125 1779 si
1147 1734 1184 1781 ex
1198 1717 1305 1780 mundo
1321 1716 1437 1788 osseus,

247 1826 380 1898 mundns,
403 1822 480 1897 qnod
503 1827 660 1892 suum-est,
684 1819 830 1895 diligeret
852 1818 911 1881 Sed
933 1821 1001 1894 qnia
1023 1819 1060 1880 de
1081 1820 1188 1881 mundo
1210 1834 1269 1880 non
1290 1816 1378 1888 eshs,
1405 1822 1437 1879 et

249 1927 317 2003 quia
337 1941 392 2001 ego
421 1940 472 1983 vos
501 1922 577 1996 elegi
603 1921 639 1982 de
669 1920 790 1995 mundo,
821 1919 889 1980 ideo
920 1936 972 1981 vos
999 1920 1061 1981 odit
1081 1921 1214 1981 muudus.
1256 1919 1436 1980 Mementote

249 2025 391 2090 sermonis
414 2023 479 2097 mci,
502 2039 586 2098 quem
602 2022 715 2082 locutus
738 2039 801 2082 snm
819 2020 918 2082 vohis:
940 2038 999 2082 uon
1022 2027 1068 2081 est
1088 2024 1182 2097 major
1197 2037 1298 2089 servus
1321 2020 1440 2083 domino

249 2145 311 2190 suo.
340 2127 371 2187 Si
394 2141 439 2185 me
460 2123 608 2198 persecuti
630 2131 704 2195 suut,
727 2130 758 2184 et
778 2139 830 2183 vos
852 2128 1076 2198 persequentur.
1108 2122 1140 2188 Si
1161 2139 1255 2184 meum
1278 2138 1442 2192 sermonem

249 2234 452 2299 servaverunt,
485 2233 515 2288 et
543 2232 671 2286 reanum
702 2225 868 2287 servabunt
912 2225 971 2287 Sed
1001 2225 1073 2287 haec
1104 2228 1201 2288 omnia
1230 2223 1337 2287 facient
1357 2222 1439 2289 vohis

249 2337 371 2405 propter
392 2345 497 2390 nomeu
519 2344 622 2399 meum,
645 2327 791 2402 quianon
813 2333 957 2389 noverunt
977 2343 1050 2399 eum,
1073 2327 1123 2403 qui
1145 2326 1225 2391 misit
1245 2316 1319 2389 me.“

345 2431 393 2490 En
415 2430 529 2492 hahetis
552 2428 736 2504 prophetiam
760 2430 854 2491 nostri
871 2429 1039 2512 salvatoris,
1061 2430 1139 2507 quod
1160 2427 1240 2492 illius
1263 2427 1352 2492 electi
1373 2443 1439 2500 per·

249 2532 426 2594 secutionem
456 2546 573 2604 semper
593 2530 741 2604 patientur
768 2548 786 2590 a
806 2530 925 2603 maudo,
955 2530 1010 2591 hoc
1032 2535 1089 2601 est,
1118 2547 1136 2593 a
1158 2528 1242 2591 malis
1263 2528 1438 2598 hominibus,

250 2639 299 2708 qni
320 2633 404 2693 deum
426 2637 539 2705 petrem
563 2636 593 2690 et
614 2631 760 2692 dominum
782 2631 883 2694 desum
905 2632 936 2693 in
958 2633 1080 2694 renate
1102 2647 1161 2691 non
1184 2638 1335 2693 noverunt.
1364 2630 1438 2694 Nam

248 2735 319 2797 licet
339 2750 390 2794 ore
412 2730 606 2795 confiteantur
628 2749 660 2793 se
682 2733 767 2793 deum
797 2750 898 2805 nosse,
925 2741 1022 2795 tamen
1043 2731 1204 2794 malefactis
1229 2732 1289 2793 suis
1312 2746 1438 2794 eamne·

249 2842 326 2912 gunt.
354 2834 395 2895 Ut
416 2839 532 2894 sanctus
554 2833 662 2895 Paulus
685 2836 722 2895 ad
744 2835 841 2896 Titum
870 2836 958 2896 dicit:
989 2837 1117 2910 Quorum
1140 2850 1231 2909 opera
1261 2839 1330 2895 sunt
1350 2834 1442 2898 mani·

249 2936 345 2997 festa:
372 2935 501 3005 avaritia,
525 2936 655 3008 simonia,
677 2935 778 3008 fastus,
800 2937 932 3010 luxuria,
962 2936 1090 2998 desertio
1118 2942 1150 2997 et
1177 2942 1338 2997 contemtus
1360 2934 1442 2996 verhi

251 3038 312 3107 dei,
346 3023 452 3111 nmque
474 3035 615 3096 humanas
638 3037 810 3099 traditiones
833 3038 912 3097 omui
933 3038 1023 3098 verbo
1046 3037 1095 3097 dei
1117 3037 1298 3108 anteferunt,
1326 3035 1442 3097 humili·

250 3145 353 3210 tatem,
375 3142 586 3211 paupertatem,
608 3141 831 3212 temperantiam
853 3147 883 3202 et
908 3156 1034 3199 amorem
1058 3139 1167 3200 christi
1189 3139 1271 3198 nihili
1291 3136 1442 3198 facientes.

350 3238 447 3311 Quare
468 3255 527 3299 non
538 3240 697 3301 cessabunt
710 3242 779 3302 maii
794 3243 859 3315 pios
881 3242 1028 3317 persequi,
1041 3240 1135 3301 donec
1150 3242 1197 3302 hic
1211 3241 1319 3302 bellum
1332 3239 1442 3303 Christi

249 3347 279 3401 et
300 3339 473 3400 Antichristi
503 3339 627 3402 durabit.
678 3342 750 3401 Nam
779 3326 849 3403 dicit
870 3348 988 3404 sanctus
1010 3342 1132 3403 Paulus:
1165 3342 1289 3414 Omnes,
1315 3341 1364 3418 qui
1393 3341 1443 3415 ple

249 3441 345 3500 maere
375 3439 475 3499 volunt
495 3440 525 3498 in
553 3441 680 3514 Christo,
707 3446 943 3517 persecutionem
963 3446 1120 3520 patientur.
1160 3445 1267 3505 Verum
1294 3444 1361 3502 rnali
1389 3443 1442 3502 ho-

249 3542 343 3602 mines
366 3546 396 3601 et
417 3541 588 3603 seductores
610 3541 816 3616 proficientia
839 3534 932 3623 pejus,
964 3563 1081 3621 semper
1101 3551 1234 3609 errantes
1261 3551 1291 3606 ct
1310 3543 1340 3605 in
1360 3558 1441 3604 erro·

249 3657 310 3702 rem
333 3642 490 3703 mittentes.

350 3743 419 3803 Vult
448 3749 565 3804 sanetus
594 3744 703 3808 Paulus
730 3747 775 3807 his
804 3748 917 3820 verbis,
952 3750 1029 3823 quod
1051 3765 1151 3809 omncs
1173 3748 1215 3822 pii
1236 3734 1289 3821 pro
1324 3744 1442 3806 Christo

248 3845 482 3918 persecutionem
505 3847 662 3919 patientur.
685 3848 757 3908 Mali
778 3865 848 3909 vero
871 3849 1019 3922 errabunt,
1042 3855 1072 3909 ct
1086 3849 1161 3910 ahos
1184 3849 1334 3922 seducent,
1356 3847 1445 3908 acite

248 3947 278 4005 in
300 3945 411 4006 malitia
432 3947 704 4009 suamvoluntatem
725 3951 756 4010 in
771 3951 966 4023 perditionem
984 3951 1154 4025 implebunt.
1178 3948 1369 4022 Prophetavit
1389 3946 1444 4023 igi·

249 4052 296 4106 tur
318 4045 354 4105 de
375 4045 435 4107 illis
458 4047 592 4109 Salvator
613 4049 731 4113 dicens:
761 4051 847 4124 Ecce,
870 4069 925 4127 ego
942 4053 1023 4112 mitto
1039 4068 1090 4111 vos
1113 4051 1189 4111 sicut
1209 4064 1279 4109 oves
1300 4048 1330 4107 iu
1347 4049 1444 4109 medio

248 4147 391 4221 luporum.
418 4148 523 4210 Estote
545 4166 616 4226 ergo
645 4153 805 4224 prudentes
830 4153 904 4214 sicut
934 4158 1100 4225 serpentes,
1131 4158 1160 4212 et
1191 4150 1339 4225 simplices
1369 4150 1445 4212 sicot

249 4248 415 4321 columbae,
441 4256 471 4311 et
491 4260 592 4312 cavete
614 4252 651 4311 ab
666 4253 846 4327 hominihns3
872 4270 938 4315 nam
967 4253 1085 4314 hadent
1112 4268 1163 4313 ros
1193 4253 1225 4313 in
1246 4251 1386 4322 concilia,
1414 4257 1446 4312 et

248 4350 278 4409 in
300 4353 457 4426 synagon
480 4354 540 4413 suis
569 4351 760 4428 flagellabunt
780 4372 849 4427 vos,
883 4361 912 4415 et
941 4354 1038 4415 tradet
1060 4352 1150 4415 irater
1172 4352 1292 4414 fratrem
1313 4352 1343 4412 in
1365 4367 1442 4412 mor·

248 4456 321 4522 tem,
344 4457 374 4513 et
394 4460 480 4527 pater
500 4451 597 4527 filium,
620 4462 650 4515 et
671 4463 848 4533 consurgent
869 4455 922 4517 filii
944 4461 1045 4518 contra
1066 4462 1179 4531 patrem
1201 4461 1231 4516 et
1252 4461 1388 4526 matrem,
1412 4460 1445 4515 et

150 4546 153 4551 ’
248 4561 340 4615 morte
362 4552 491 4633 afficient
512 4572 580 4630 eos,
603 4561 633 4618 et
653 4564 739 4618 eruut
759 4558 847 4620 invisi
880 4558 1013 4620 omnibus
1045 4563 1168 4633 propter
1199 4573 1303 4617 nomen
1337 4572 1441 4620 meum.

250 4654 305 4732 Qui
326 4661 422 4717 autem
444 4658 677 4731 perseveraverit-
704 4677 795 4736 usque
819 4661 856 4723 ad
879 4658 974 4741 finem,
996 4658 1043 4721 hic
1066 4658 1162 4720 snms
1187 4657 1251 4722 erit.
1281 4657 1368 4721 Etsi
1390 4674 1442 4718 vos
