2992 5258
493 406 514 461 Ι,
548 407 617 460 Acta
634 411 697 458 ante
715 405 785 458 iuter
804 406 1015 460 constantiense.
1275 413 1335 475 241

514 506 521 535 l

149 613 251 672 uellent
276 612 444 684 imponere,
474 616 506 668 ut
534 624 567 669 se
596 608 794 668 inscriberent
814 609 922 668 ibidem
942 610 1028 683 juxta
1048 609 1122 684 legis
1144 611 1193 670 dei
1215 619 1245 671 et
1262 612 1338 684 juris

149 713 275 772 canonici
296 712 488 784 exigentiam,
512 710 537 767 si
559 724 618 767 non
640 709 751 766 erroris
773 709 963 780 pertinaciam
984 710 1031 768 vel
1053 709 1198 769 haeresim
1219 712 1250 769 in
1272 729 1339 770 enm

148 813 273 885 legitime
295 811 463 883 probarent,
485 809 522 867 ad
544 824 670 880 poenam
691 807 817 866 talionis.
856 809 968 881 Quibus
991 810 1124 868 omnibus
1147 826 1243 869 coram
1260 813 1338 872 dicto

150 912 181 969 D.
203 911 436 983 Archiep'iscopo
475 916 505 967 et
531 908 618 966 etiam
648 908 789 979 praelatis
821 909 851 966 in
884 908 1016 980 proximo
1048 910 1178 983 generali
1212 913 1337 971 concilio
1378 960 1381 966 .

148 1010 362 1072 Constantiensi
401 1026 464 1067 cum
487 1008 535 1066 dei
557 1007 665 1066 auxilio
687 1008 748 1065 vult
774 1007 970 1079 respondere,
999 1008 1060 1081 juri
1081 1016 1176 1080 stare,
1209 1017 1239 1069 et
1255 1014 1341 1085 juxta

149 1117 310 1170 sanctorum
339 1116 453 1181 patrum
482 1109 601 1167 decreta
627 1114 658 1165 et
685 1124 814 1165 oenones
845 1125 926 1165 suam
952 1109 1148 1167 innocentiam
1176 1111 1207 1168 in
1230 1111 1339 1171 Christi

149 1211 259 1269 nomine
297 1211 509 1269 demonstrare.
552 1208 599 1265 Ad
628 1224 711 1281 quern
742 1208 858 1280 quidem
883 1208 925 1269 M.
960 1209 1103 1269 ,loannem
1139 1208 1175 1268 de
1204 1211 1341 1272 Jesenicz

150 1310 297 1369 doctorem
319 1310 434 1382 quidum
447 1308 574 1366 famosus
587 1307 703 1366 Ulricus
717 1307 811 1366 dictus
829 1308 912 1366 Sivab
931 1309 967 1366 de
981 1307 1155 1379 Suabenicz,
1180 1311 1341 1373 marsulcus

151 1411 219 1469 dicti
240 1410 277 1468 D.
299 1410 428 1469 conradi
448 1408 671 1480 archiepiscopi,
694 1407 729 1466 de
753 1409 854 1466 eadem
878 1409 958 1468 curia
979 1407 1051 1468 loris
1074 1411 1237 1483 egrediens,
1261 1415 1340 1474 dicto

152 1510 265 1568 domino
294 1509 409 1568 doctori
439 1513 469 1566 et
495 1507 573 1580 parti
607 1523 677 1565 suae
700 1506 737 1564 ud
759 1487 882 1565 eundem
904 1508 1013 1567 curiam
1036 1516 1066 1567 et
1087 1509 1124 1568 ad
1145 1514 1343 1584 praesentiam

150 1609 183 1668 D.
222 1608 448 1680 Archiepiscopi
491 1606 666 1679 praescripti
701 1612 733 1665 et
766 1607 964 1678 praelatorum
999 1613 1069 1668 tunc
1102 1620 1344 1686 congregatorum

150 1709 310 1768 omnimode
355 1710 520 1781 ingressum
562 1707 736 1779 denegabat,
779 1722 917 1766 asserens
959 1713 989 1766 et
1023 1708 1132 1780 dicens,
1168 1711 1204 1769 D.
1239 1713 1344 1772 hreini·

153 1810 319 1881 episcopum
349 1809 562 1881 praescriptum
592 1814 717 1878 protunc
745 1823 809 1867 cum
837 1807 963 1867 dominis
985 1808 1127 1879 praelatis
1152 1812 1343 1885 praescriptis

151 1910 293 1982 negotium
321 1911 434 1982 regium
463 1913 653 1981 pertractare,
692 1913 795 1979 petens
816 1907 1003 1966 nihilominus
1025 1909 1172 1967 dominum
1194 1911 1344 1972 doctorem

151 2009 358 2082 praescriptum
388 2009 420 2066 in
442 2008 539 2080 aliquo
561 2006 692 2065 locorum
714 2012 798 2065 extra
820 2006 941 2065 eandem
964 2008 1073 2067 curiam
1094 2011 1281 2088 praestolari,
1314 2019 1345 2071 et

154 2117 346 2168 consummato
377 2125 436 2181 per
482 2107 606 2166 eundem
638 2107 674 2165 D.
707 2107 967 2179 Archiepiscopum
1003 2124 1066 2166 cum
1105 2109 1230 2169 dominis
1259 2126 1344 2184 prae·

153 2206 214 2267 letis
235 2210 365 2281 negotiis
387 2224 440 2266 seu
460 2213 586 2266 tractatu
608 2208 689 2281 regio
712 2209 904 2278 praescripto,
926 2209 1076 2266 riceversa
1096 2213 1212 2279 reverti,
1235 2217 1267 2270 ut
1288 2213 1346 2273 sibi

156 2313 247 2377 emeat
269 2310 421 2380 ingressus
443 2310 541 2366 curioe
565 2307 774 2378 praescriptae.
815 2307 927 2370 Ibidem
949 2324 1016 2366 mox
1038 2309 1132 2368 dictus
1155 2310 1288 2371 dominus
1312 2320 1345 2373 et

156 2409 286 2479 magister
312 2409 444 2468 loannes
472 2409 575 2466 doctor
596 2407 774 2479 aliquamdiu
796 2422 849 2478 pro
872 2409 1007 2479 ingressu
1030 2409 1160 2482 ejusdem
1183 2413 1281 2471 curiae
1302 2414 1340 2472 ad

159 2510 344 2576 praesentium
383 2508 453 2567 dicti
480 2508 518 2568 D.
541 2507 766 2578 Archiepiscopi
800 2513 830 2566 et
862 2506 1058 2578 praelatorum
1092 2511 1269 2582 supplicans,
1291 2528 1346 2573 nec

160 2605 284 2666 ellectum
315 2608 453 2666 obtinens
491 2624 561 2666 suae
595 2608 837 2679 supplicationis,
872 2607 1043 2667 solemniter
1076 2616 1121 2667 cst
1155 2618 1345 2684 protestatus,

162 2709 227 2778 quot
253 2716 312 2767 tam
340 2707 406 2778 sibl,
436 2723 522 2780 qnam
543 2707 584 2765 M.
605 2708 713 2768 loanni
742 2706 806 2766 Hus
832 2710 913 2779 'parti
947 2724 1017 2766 suae
1040 2709 1191 2782 ingressus
1214 2712 1346 2783 eiusdem

163 2809 246 2866 curiae
279 2807 542 2879 archiepiscopalis
575 2806 613 2866 ed
646 2807 844 2878 praesentiam
879 2809 971 2878 ipsius
993 2808 1029 2866 D.
1061 2810 1284 2883 Archiepiscopl
1317 2819 1348 2872 et

164 2908 346 2975 praelatorum
373 2913 441 2966 tunc
467 2913 708 2979 congregatorum
738 2923 796 2965 non
825 2904 979 2978 patefecit,
1010 2908 1077 2980 quin
1108 2910 1163 2967 imo
1192 2910 1270 2969 idem
1302 2913 1347 2970 in·

165 3019 269 3075 gressus
290 3008 364 3079 ipsis
385 3007 517 3066 totaliter
537 3012 583 3065 est
604 3007 774 3078 denegatus,
795 3012 898 3078 petens
921 3005 977 3064 sibi
999 3023 1089 3078 super
1107 3012 1278 3080 praemissis
1293 3027 1348 3082 per

165 3119 202 3162 ne
226 3108 368 3166 notarium
397 3106 544 3179 publicum
573 3106 790 3177 infrascriptum
819 3124 907 3164 unum
929 3106 975 3164 vol
997 3106 1082 3177 plura
1103 3105 1167 3166 fieri
1190 3114 1220 3167 et
1241 3108 1347 3170 confici

167 3203 296 3273 publicum
331 3207 555 3267 instrumentum
589 3224 641 3264 seu
673 3205 792 3278 publica
823 3206 1023 3265 instrnmenta.
1066 3208 1143 3266 Acta
1174 3214 1242 3267 sunt
1272 3209 1347 3270 haec

169 3316 238 3376 anno,
264 3308 432 3383 indictione,
463 3306 519 3375 die,
548 3321 659 3378 mense,
687 3305 771 3374 hora,
792 3302 961 3377 pontificatu
983 3311 1014 3364 et
1034 3304 1100 3365 loco
1122 3307 1227 3380 quibus
1250 3325 1347 3381 snpra,

169 3408 353 3471 praesentibus
374 3407 484 3465 ibidem
505 3405 726 3465 honorabilibus
750 3412 780 3464 et
794 3405 929 3485 discretis
945 3406 1014 3464 viris
1027 3406 1144 3465 Simone
1161 3408 1198 3467 de
1211 3408 1347 3469 Tissnon

171 3514 240 3562 mero
269 3507 435 3579 theologiae
468 3506 669 3576 baccalaureo,
697 3505 816 3564 Simone
850 3504 885 3564 de
914 3505 1099 3579 Itokyczano,
1129 3508 1274 3582 Procopio
1310 3510 1347 3570 de

171 3595 254 3679 Plzun,
272 3607 394 3667 Nicoluo
417 3605 454 3666 de
477 3605 613 3680 Stoyczin
635 3611 666 3664 et
686 3607 800 3666 Joanne
824 3607 859 3665 de
875 3604 1033 3677 Przibram,
1056 3607 1220 3667 liberalium
1242 3610 1348 3668 artium

173 3703 307 3777 aessens,
327 3724 383 3766 nec
409 3707 578 3765 nonFrana
600 3706 761 3776 Czotronis,
783 3707 962 3780 Hieronymo
984 3706 1165 3767 Schrollonis
1194 3708 1348 3783 dePraga,

174 3795 268 3864 Joenne
288 3808 328 3871 de,
346 3806 492 3866 Michnicz
514 3813 545 3865 et
554 3805 732 3879 Hieronymo
755 3806 792 3865 de
814 3804 908 3879 Ujezd
931 3806 1046 3866 clericis
1069 3808 1253 3868 studentibus
1275 3809 1347 3868 Pra-

176 3902 257 3965 ttnsis
275 3913 304 3967 et
322 3906 555 3978 Lutomyslensis
577 3906 714 3976 diocesis,
735 3906 861 3965 testibus
884 3906 962 3965 circa
984 3908 1154 3978 praemissa

350 4024 392 4082 Et
419 4038 474 4096 ego
496 4022 626 4082 lacobus
648 4022 763 4082 Moless
792 4030 878 4083 natos
909 4023 978 4082 olim
1004 4024 1155 4083 Ambrosii
1177 4024 1347 4097 Pragensis,

433 4124 568 4196 publicus
596 4123 741 4195 imperiali
772 4126 945 4184 auctoritate
975 4142 1009 4185 ac
1030 4126 1231 4185 universorum
1253 4125 1345 4184 domi·

434 4242 537 4284 norum
567 4226 776 4299 magistrorum,
805 4226 957 4286 doctorum
987 4232 1016 4284 et
1044 4224 1220 4286 scholarium
1251 4226 1346 4284 almae

431 4326 628 4386 universitatis
644 4325 732 4385 studii
753 4325 919 4399 Pragensis,
937 4328 1052 4401 juratus
1075 4325 1205 4385 notarius
1228 4342 1263 4384 nc.

657 4512 833 4521 noo-»o—-ao-
838 4512 853 4520 ι-
