2992 5258
379 394 414 449 ΙΙ.
433 394 475 449 De
489 394 526 448 lt.
537 393 562 448 l.
577 394 636 448 llus
655 394 827 448 Constantiae
845 396 872 449 iu
891 411 1027 450 carcerem
1044 398 1175 467 conjecto.
1312 390 1374 466 263

183 598 322 659 labantur
344 598 475 670 proinde,
496 604 528 657 ut
549 599 680 669 ipsorum
702 599 812 657 domiui
834 600 892 658 sint
906 601 998 673 magle
1021 601 1058 659 ad
1072 602 1209 660 unionem
1228 602 1374 674 lnelirrati3

182 699 230 756 rel
251 715 290 757 an
312 697 504 770 particulares
526 699 691 757 haereticos
713 699 786 757 inibi
819 699 1028 759 condemnatos
1049 700 1224 774 intelligant,
1254 701 1401 787 subpar-0

181 806 304 871 gentes,
334 799 411 871 quod
440 800 527 858 etlam
557 799 699 858 haeretiei
727 799 757 857 io
779 798 856 858 sacto
880 801 994 859 unionis
1022 801 1077 859 huc
1098 802 1250 860 venientes
1273 806 1375 860 essent

180 900 229 971 pie
251 898 408 959 tolerandi.
451 899 701 958 ReverendissImi
723 905 823 970 patres
851 906 881 958 et
902 900 1022 960 domini!
1054 900 1120 959 Siue
1143 902 1229 974 primi
1257 902 1375 960 illorum

181 1017 234 1059 seu
256 999 379 1059 secundi
400 1000 554 1059 uideantur
576 1007 606 1059 et
626 1001 741 1072 possint
761 1001 895 1074 intelligi,
929 1001 1039 1060 domim
1060 1016 1118 1060 non
1150 1006 1254 1073 petunt
1285 1000 1373 1070 aliud,

181 1102 239 1160 alsi
260 1100 340 1174 quod
368 1100 433 1171 ipse
455 1101 496 1160 M.
519 1102 605 1161 doen.
629 1101 691 1159 Hus
713 1101 883 1172 praedictus
906 1102 1001 1174 possit
1022 1107 1052 1160 et
1072 1102 1169 1160 valeat
1194 1101 1322 1174 gaudere
1345 1106 1376 1160 et

181 1201 223 1259 uti
244 1200 342 1268 simili,
364 1215 421 1272 qua
442 1198 486 1257 illi
508 1199 576 1259 lreti
598 1207 672 1272 suut,
695 1200 838 1270 libertate,
861 1217 926 1259 cum
947 1203 1012 1273 ipse
1027 1200 1066 1260 ed
1087 1201 1143 1260 hoe
1165 1217 1279 1259 sacrum
1300 1216 1372 1259 con·

183 1300 280 1359 cilium
303 1309 419 1373 sponte,
441 1316 500 1359 non
522 1300 582 1358 alia
601 1300 637 1358 de
661 1317 748 1359 causa
769 1301 850 1357 veuit
871 1308 900 1358 ct
921 1300 1029 1370 libere,
1050 1301 1108 1361 nisi
1133 1307 1165 1360 ut
1186 1299 1271 1359 fidem
1294 1315 1375 1358 suam

183 1400 298 1470 publice
326 1407 533 1473 recognoscat,
562 1401 642 1458 eliu
664 1415 844 1473 quocumque
866 1399 970 1473 alege
994 1402 1042 1459 dci
1064 1408 1094 1461 et
1122 1401 1230 1459 unione
1253 1407 1375 1459 sanctae

181 1502 282 1559 matris
304 1500 449 1559 ecclesiae
472 1499 629 1559 doceretur
657 1507 827 1568 extraneus,
861 1500 937 1572 qnod
959 1501 989 1558 in
1012 1516 1048 1558 eo
1070 1500 1167 1560 eidem
1188 1500 1375 1559 reconciliari

182 1600 268 1659 vellet
286 1607 318 1659 et
341 1602 432 1669 unire,
454 1607 484 1658 et
504 1600 610 1659 nedum
632 1615 672 1668 se,
694 1599 747 1658 sed
770 1606 801 1658 et
822 1616 890 1660 suos
912 1599 1042 1659 fautores
1065 1606 1096 1659 et
1117 1601 1174 1660 sibi
1196 1601 1228 1658 iu
1249 1600 1379 1658 veritate'

181 1700 378 1759 adhaerentes
401 1699 438 1757 ad
459 1700 537 1758 idem
551 1715 739 1771 promovere,
763 1716 884 1772 quorum
905 1706 1020 1758 constat
1042 1701 1124 1772 quasi
1145 1702 1285 1772 maj0rcm
1306 1715 1375 1771 par·

177 1804 234 1859 tem
257 1817 326 1860 csse
346 1801 376 1858 ln
398 1817 489 1873 regno
521 1800 688 1859 Bohemiae.
732 1800 828 1858 Etiam
851 1799 906 1859 huc
927 1803 1008 1858 vemt
1028 1801 1104 1867 ideo,
1133 1807 1166 1858 ut
1193 1799 1376 1872 praeclarum

172 1915 298 1974 regnum
319 1899 477 1958 Bohemiae
499 1901 559 1972 Jam
586 1900 691 1959 dictum
715 1899 819 1958 dudum
843 1899 964 1959 sinistra
981 1900 1110 1958 delatum
1130 1898 1249 1958 infamia
1270 1900 1376 1959 exhinc

169 2000 275 2058 valeat
297 2001 461 2072 expurgari.

281 2100 450 2168 Postremo,
481 2099 718 2158 reverendissimi
741 2106 841 2170 patres
871 2105 900 2158 et
915 2098 1039 2158 domInil
1062 2100 1303 2172 quemadmodum
1316 2100 1374 2158 Vc·

163 2207 259 2259 strae
293 2200 490 2259 Pateruitates
513 2201 549 2257 ad
572 2200 734 2271 principale
755 2200 877 2271 potitum
892 2198 1093 2258 favorabiliter
1109 2199 1234 2261 domiuis
1250 2216 1374 2272 respou-

159 2300 295 2368 derunt,
316 2299 393 2358 tacta
414 2295 467 2358 Mn
495 2300 557 2357 Ilus
582 2299 679 2357 divina
700 2299 846 2357 mediante
874 2300 990 2371 justitia
1017 2317 1081 2357 cum
1104 2301 1181 2358 omui
1203 2306 1373 2358 mansuetu·

160 2400 248 2458 dinc
278 2399 354 2456 velle
384 2400 522 2471 cxpedIro
550 2399 697 2468 celeriter,
732 2399 841 2456 domini
868 2402 928 2471 jam
958 2398 1028 2457 dicti
1058 2400 1094 2458 dc
1125 2398 1230 2458 affectu
1259 2400 1374 2458 siucero

157 2497 297 2559 Vestris
318 2499 547 2558 Paternitetibus
570 2498 702 2557 raserunt
724 2501 855 2558 actiones
878 2500 1051 2571 graciarum,
1074 2505 1104 2556 et
1126 2516 1190 2556 cum
1212 2499 1374 2559 auxiliante

154 2599 233 2658 deo
257 2605 360 2670 optata
382 2600 412 2656 iu
434 2598 568 2658 ellectum
590 2600 715 2657 uotiuum
738 2598 865 2657 deducta
888 2598 1002 2666 sueriut,
1024 2599 1128 2657 nedum
1140 2599 1198 2670 ipsi
1212 2601 1242 2656 in
1257 2605 1372 2657 vestro·

150 2712 242 2757 rum
264 2700 442 2774 praesentia,
466 2699 519 2757 scd
542 2704 571 2757 et
593 2715 690 2756 coram
711 2704 773 2756 toto
795 2698 1059 2770 regnoBohemiae
1083 2706 1113 2757 ct
1140 2699 1219 2768 alibi,
1242 2700 1373 2757 ubicum-

147 2815 232 2873 que
262 2800 450 2869 devenerint,
480 2801 595 2859 Vestris
624 2801 724 2857 volunt
752 2798 984 2858 Pateruitatibus
1012 2806 1112 2872 grates
1144 2798 1270 2858 reddero
1306 2815 1373 2870 per·

150 2896 344 2958 immensas.

275 2998 432 3062 Praesens
451 2998 530 3062 hace
557 2997 669 3062 cedula
686 2997 769 3060 lecta
799 3001 849 3060 est
871 2997 904 3061 in
926 2994 1114 3061 Constantia
1135 3014 1192 3077 pro
1215 3011 1373 3076 responso

159 3096 378 3162 dominorum
410 3098 635 3181 deputatorum
667 3098 699 3161 in
732 3116 827 3161 causa
858 3097 1002 3176 magistri
1035 3097 1168 3161 Ioannis
1198 3095 1268 3160 Hus
1289 3096 1374 3177 apud

156 3194 295 3262 fratres
316 3197 459 3263 Minores
473 3199 506 3261 In
528 3198 698 3263 rel'ectori0
713 3214 827 3277 magno
842 3196 882 3261 de
907 3195 1054 3260 mandato
1071 3195 1267 3259 domInorum
1283 3213 1374 3274 prae·

157 3296 352 3378 dictorum,
373 3298 583 3363 Bohemorum
606 3297 755 3362 videlicet
775 3304 810 3361 et
830 3297 1034 3373 Pelonorum,
1057 3315 1116 3377 per
1136 3296 1170 3360 P.
1194 3294 1233 3359 de
1255 3296 1297 3360 M.
1320 3295 1373 3360 dle

161 3396 312 3476 sabbati,
335 3416 417 3478 quae
433 3403 503 3462 erat
517 3397 625 3462 XVIII
645 3398 763 3462 mensis
778 3397 862 3478 Maji,
879 3415 984 3462 coram
1000 3404 1068 3461 tota
1089 3397 1219 3460 natione
1242 3396 1374 3462 Germa-

170 3498 251 3561 nica
282 3501 315 3561 ct
346 3497 506 3579 deputatis
540 3499 678 3562 omnium
699 3499 832 3565 aliarum
853 3498 1031 3576 nationum,
1066 3495 1159 3562 videl.
1182 3495 1372 3574 Gallicanae,

170 3592 312 3661 Italicae
335 3602 369 3662 et
390 3599 582 3677 anglicanae
608 3605 830 3679 praesentata:

279 3696 400 3762 Ibidem
435 3699 575 3789 oblatum
601 3705 651 3763 est
688 3704 913 3762 transsumtum
946 3696 1192 3761 instrumentum
1213 3696 1374 3777 publicum

174 3795 285 3875 sigillo
307 3815 421 3878 magno
443 3797 660 3863 universitate
683 3798 780 3862 studii
802 3797 971 3878 Pragensis
994 3797 1175 3877 sigillatum,
1200 3796 1231 3860 in
1253 3815 1314 3877 quo
1330 3797 1372 3859 ll.

173 3896 270 3961 dean.
295 3896 364 3960 Hus
385 3897 479 3962 fidem
495 3915 583 3963 suam
605 3899 791 3963 catholicam
806 3896 983 3977 confitetur,
1006 3896 1157 3962 ertIculos
1180 3896 1241 3959 sibi
1256 3896 1372 3959 inultos

175 3994 257 4061 false
269 3998 427 4078 ascriptos
450 3998 597 4063 refellens
620 4007 703 4063 etse
728 3998 767 4062 de
783 4017 846 4062 non
861 3997 1087 4079 comparitione
1110 3996 1270 4076 personali
1287 3996 1372 4058 lielte

178 4115 351 4175 excusans3
387 4104 420 4162 ct
440 4097 518 4162 illud
551 4105 777 4163 transsumtum
803 4116 885 4163 anno
912 4097 1028 4162 domiui
1050 4096 1099 4160 Μ0
1121 4093 1285 4159 CCCCXII
1299 4095 1374 4158 mle-

182 4213 250 4261 sum
279 4196 384 4262 luerat
404 4198 519 4263 loanni
540 4216 642 4280 papae
663 4198 787 4278 XXIII,
820 4204 854 4262 et
874 4197 907 4261 iu
925 4196 1032 4279 janule
1055 4193 1208 4259 ecclesiae
1231 4192 1260 4256 S.
1284 4193 1373 4258 Petri

183 4294 299 4384 Romae
323 4304 397 4362 tune
419 4315 601 4378 appensum.

278 4397 337 4461 llla
358 4415 450 4476 vero,
483 4396 522 4460 ad
544 4415 624 4479 quae
647 4395 764 4460 domini
786 4397 818 4460 in
840 4396 903 4460 iste
924 4394 1035 4460 cedula
1057 4392 1267 4474 respondent,
1298 4399 1373 4459 sunt

182 4514 333 4578 respousa
362 4498 487 4563 concilii
509 4505 657 4563 oretenus
680 4496 765 4561 dieta
787 4496 957 4579 prachctIs
980 4495 1114 4560 dominis
1127 4493 1315 4560 Bolremieae
1338 4501 1372 4559 ct

127 4648 131 4660 .
182 4597 348 4664 Polonicae
372 4598 508 4664 nationis
532 4617 591 4679 pcr
613 4598 798 4679 episcopum
821 4597 1088 4662 Carcasonensem
1110 4595 1281 4675 proposita.
