2992 5258
155 417 218 481 242
359 411 431 465 Petri
448 408 482 464 dc
499 379 677 467 Mlauenovie
694 408 789 464 relatio
808 407 842 463 ‹le
860 408 897 462 hl.
915 408 940 465 J.
959 409 1017 464 Hus
1034 425 1129 466 eausa:

254 615 289 674 In
304 616 420 674 nomine
431 615 539 673 domini
552 615 654 673 Amen.
680 615 765 671 Anno
780 613 939 672 nativitatis
955 612 1087 687 ejusdem
1098 612 1351 675 bt⁰coccx11w

154 715 313 774 indictione
346 716 484 787 septima,
518 715 564 773 die
587 715 669 775 Jovis
691 713 850 785 penultima
869 713 976 772 mensis
997 715 1136 786 Augusti,
1170 715 1244 773 hora
1266 715 1350 787 quasi

154 832 305 884 nonarum,
326 813 511 887 pontificatus
534 814 711 874 sanctissimi
723 814 754 871 iu
771 814 886 873 christo
910 814 1002 886 patris
1017 820 1048 872 et
1061 813 1169 872 domini
1194 814 1292 873 nostri
1313 814 1350 876 D.

153 914 278 973 ioannis
298 912 396 973 di'vina
409 914 595 986 providentia
614 930 709 984 papae
732 911 840 982 XXIII,
863 912 1047 985 pontificatus
1069 914 1115 971 sni
1136 930 1212 972 anno
1234 915 1352 987 quinto,

154 1015 184 1073 iu
203 1013 267 1073 sala
283 1015 428 1085 superiori
449 1015 552 1074 domus
573 1013 761 1072 habitationis
784 1012 888 1070 famosi
908 1013 963 1069 viri
984 1012 1020 1071 D.
1041 1011 1123 1071 Petri
1143 1013 1182 1072 de
1209 1012 1351 1085 Swojssin

158 1115 228 1172 dicti
241 1114 375 1183 Zmrzlik,
396 1114 528 1186 magistri
544 1120 676 1172 monetae
693 1112 871 1170 serenissimi
887 1112 1028 1183 principis
1043 1117 1074 1170 ot
1088 1112 1198 1170 domiui
1209 1112 1244 1171 D.
1258 1113 1349 1171 Wen·

154 1214 244 1273 ceslai
265 1214 463 1272 Romanorum
491 1220 522 1271 et
543 1211 704 1271 Bohemiae
735 1213 822 1283 regis,
852 1212 926 1269 sitae
955 1212 985 1270 iu
1007 1213 1111 1286 majori
1133 1213 1252 1273 civitate
1274 1213 1352 1271 Pra-

152 1314 237 1386 geusi
259 1313 337 1373 circa
357 1314 565 1372 monasterium
588 1313 681 1371 saneti
695 1312 799 1371 Jacobi
820 1311 956 1382 apostoli,
986 1312 1017 1371 in
1039 1313 1096 1371 mei
1116 1313 1224 1371 notarii
1239 1311 1351 1385 publici

155 1413 313 1484 subscripti
344 1419 375 1472 ct
405 1413 522 1472 testium
550 1413 720 1485 praescotia
747 1411 999 1484 infrascriptarum
1027 1412 1065 1470 ad
1093 1412 1150 1471 hoo
1179 1414 1351 1486 specialiter

153 1520 321 1572 vocatorum
344 1513 518 1572 constitutus
541 1511 737 1584 personaliter
758 1511 939 1570 honorabilis
954 1513 999 1570 vir
1010 1511 1141 1571 Joannes
1155 1513 1192 1572 de
1204 1514 1351 1583 Jesenicz,

152 1612 293 1685 magister
321 1613 425 1670 artium
455 1618 484 1670 et
511 1612 615 1671 doctor
645 1612 838 1683 decretorum,
859 1617 1032 1682 procurator
1052 1616 1083 1669 et
1104 1611 1220 1670 nomina
1243 1627 1351 1684 procu·

152 1712 263 1770 notorio
281 1711 462 1770 honorabilis
477 1711 531 1770 viri
553 1711 685 1782 magistri
699 1712 784 1770 ioan.
797 1711 859 1769 Hus
887 1711 923 1769 de
935 1710 1088 1781 Busirem,
1109 1712 1269 1770 baccalarii
1290 1711 1352 1771 ior-

153 1813 224 1871 mati
248 1812 278 1870 in
305 1826 389 1870 sacra
413 1810 563 1882 theologia
588 1811 785 1869 universitatis
809 1811 897 1869 studii
910 1811 1077 1899 Pragonsis,
1105 1813 1301 1871 reverendum
1321 1812 1354 1871 in

155 1913 272 1972 Christo
300 1919 414 1984 patrem
442 1918 472 1969 et
493 1911 529 1972 D.
553 1910 720 1987 b'ieolaum,
748 1913 917 1982 episcopum
940 1912 1168 1971 Nazaretensem
1200 1918 1231 1970 et
1251 1911 1352 1984 iuqui-

155 2013 275 2072 sitorem
309 2011 475 2070 haereticae
511 2011 662 2081 pravitatis
698 2010 824 2070 civitatis
860 2019 890 2071 ct
930 2012 1056 2072 diocesis
1094 2011 1252 2085 Pragensir
1296 2026 1353 2083 pcr

156 2112 255 2171 sedem
283 2111 473 2184 apostolicam
495 2110 664 2182 specialiter
692 2110 860 2181 deputatum
880 2112 998 2188 ibidem,
1020 2112 1217 2184 personaliter
1238 2111 1351 2170 cousti-

150 2218 252 2287 tutum,
274 2211 422 2270 humiliter
442 2217 473 2269 et
493 2227 557 2268 curn
578 2209 718 2268 instantia
738 2211 906 2282 requisivit:
943 2212 1115 2270 Reverendo
1137 2213 1239 2285 paterl
1261 2210 1347 2272 scitia

153 2311 279 2384 aliquem
301 2326 431 2369 errorem
452 2311 498 2369 vel
520 2309 664 2369 haeresim
687 2310 723 2368 de
738 2311 797 2368 ΜΝ
819 2311 933 2371 Joanne
949 2310 985 2370 de
999 2312 1153 2382 Hminem,
1175 2312 1250 2370 alias
1260 2310 1351 2372 Hune

154 2412 210 2483 Qui
232 2411 268 2473 D.
291 2410 430 2471 Nicolaus
460 2427 517 2469 non
550 2412 715 2483 compulsus
744 2418 795 2469 not
823 2419 949 2482 coactns,
978 2411 1032 2471 sed
1060 2419 1173 2484 sponte,
1194 2412 1293 2471 libare
1313 2427 1350 2471 ae

154 2507 272 2583 publice
294 2512 403 2569 ibidem
424 2512 603 2583 recognovit,
636 2511 736 2569 dicens
758 2511 832 2569 baec
856 2512 903 2570 vel
925 2512 970 2571 his
993 2512 1098 2571 similia
1117 2512 1209 2571 verba
1228 2513 1262 2570 in
1282 2511 1347 2571 rui·

151 2612 216 2683 gari
226 2610 400 2669 Bohemico:
438 2611 521 2684 ,Ego
544 2610 641 2668 multis
659 2615 689 2667 ct
709 2610 842 2681 pluribus
863 2610 976 2669 vicibus
990 2611 1049 2668 ΜΓο
1070 2612 1178 2672 ioanni
1191 2611 1257 2670 Hos
1279 2628 1345 2671 con·

151 2718 285 2770 versatus
301 2727 373 2780 snm,
395 2727 493 2770 secum
508 2709 688 2771 comedendo
704 2716 734 2769 et
749 2709 885 2778 bibendo,
907 2716 938 2768 et
953 2711 1136 2770 sermonibus
1151 2714 1212 2772 suia
1229 2712 1346 2784 saepius

151 2811 270 2870 interlui
298 2827 333 2868 oo
361 2811 535 2870 collationes
564 2810 665 2882 plures
694 2812 731 2869 de
754 2810 879 2869 diversis
903 2828 1006 2869 sacrae
1028 2813 1190 2884 scripturae
1213 2814 1343 2872 materiis

150 2911 295 2983 faciendo,
322 2928 476 2983 numquam
497 2910 623 2983 aliquem
637 2912 666 2969 in
689 2911 754 2982 ipso
776 2912 876 2969 inueni
899 2928 1027 2971 errorem
1049 2912 1095 2971 vel
1117 2914 1273 2983 haeresim,
1295 2912 1344 2971 sed

151 3012 181 3070 in
204 3013 336 3071 omnihus
358 3012 455 3070 verbis
478 3018 508 3070 et
528 3011 667 3083 operibus
689 3013 750 3070 suis
771 3013 864 3083 ipsum
881 3029 997 3084 semper
1011 3029 1110 3070 verum
1125 3018 1156 3072 et
1168 3013 1344 3073 catholicum

151 3112 296 3170 hominem
323 3112 429 3182 reperi,
458 3128 512 3169 nec
534 3112 646 3183 aliquid
673 3112 704 3169 in
726 3127 762 3169 eo
783 3113 892 3184 reperi,
915 3113 992 3185 qnod
1014 3113 1160 3173 baeresim
1180 3113 1282 3186 sapiat
1300 3113 1344 3171 vel

37 3196 41 3202 ’
150 3211 308 3269 errorem.“
335 3212 443 3270 lterum
466 3211 594 3270 secundo
618 3212 741 3270 eundem
762 3212 800 3275 D.
829 3213 982 3272 Nicolaum
1005 3214 1174 3286 episcopum
1196 3219 1229 3273 et
1248 3213 1342 3287 inqui·

154 3312 273 3369 sitorem
302 3310 396 3370 dictus
425 3310 466 3368 M.
489 3312 620 3369 Joannes
642 3319 815 3382 procurator
836 3313 952 3370 nomine
982 3329 1038 3385 quo
1070 3328 1161 3384 supra
1179 3312 1344 3386 interrogo·

150 3411 192 3468 vit
212 3415 244 3468 et
264 3410 423 3481 requisivit,
445 3424 483 3469 au
505 3390 612 3481 aliquis
633 3410 780 3469 hominum
802 3410 910 3470 dictum
931 3411 971 3469 Μ.
994 3413 1137 3471 ioannem
1159 3411 1224 3471 Hus
1246 3428 1346 3472 coram

151 3510 217 3581 ipso
243 3516 275 3568 ut
303 3510 477 3581 inquisitore
506 3509 672 3569 haereticae
694 3511 847 3581 pravitatis
875 3512 912 3570 de
940 3512 1037 3585 aliqua
1058 3512 1175 3571 haeresi
1197 3512 1347 3573 accusarit

151 3617 181 3667 et
202 3609 239 3667 de
260 3608 379 3666 haeresi
400 3607 545 3666 convicit?
575 3609 751 3684 Respondit,
772 3611 842 3683 quia
863 3628 881 3668 a
901 3616 1034 3683 tempore
1055 3612 1116 3681 illo,
1148 3613 1226 3671 sicut
1245 3613 1344 3685 ipsunt

151 3708 192 3766 bt.
214 3709 358 3767 Joannem
380 3708 443 3766 Hus
472 3709 607 3780 cognovit
638 3715 668 3767 ot
699 3710 764 3780 ipse
797 3711 890 3769 iactus
924 3718 970 3770 est
1000 3711 1159 3784 inquisitor
1189 3713 1342 3785 pravitatis

150 3808 318 3866 haereticae
346 3808 377 3865 in
405 3809 520 3867 civitate
550 3816 579 3865 et
607 3808 720 3867 diocesi
742 3809 898 3881 Pragensi,
922 3816 954 3869 ut
984 3810 1166 3889 praefertur,
1196 3828 1342 3887 nusquam

150 3908 256 3980 uliquis
285 3908 407 3967 eurrdem
429 3908 511 3966 Mf¹¹¹n
532 3910 675 3967 ioannem
697 3909 759 3968 Hus
782 3911 818 3968 do
850 3911 966 3969 haeresi
988 3928 1086 3970 coram
1107 3912 1173 3985 ipso
1194 3913 1346 3975 accusarit

150 4018 201 4065 aut
221 4009 347 4066 convicit
367 4024 457 4080 usque
480 4014 595 4079 tempus
623 4024 783 4085 praesens3
810 4010 934 4085 addens,
956 4012 1033 4084 qnod
1060 4014 1125 4083 ipse
1145 4011 1192 4070 Μ’
1212 4012 1345 4071 Joannes

150 4108 213 4166 Hus
235 4107 337 4167 literas
367 4123 435 4166 suas
461 4115 595 4178 patentes
624 4106 660 4164 de
690 4124 767 4166 nuno
789 4110 939 4181 praesenti
962 4112 1162 4183 suprascripto
1184 4112 1216 4170 in
1239 4112 1344 4171 diebm

149 4208 257 4266 mensis
279 4208 403 4280 Augusti
435 4207 526 4265 valvis
554 4207 730 4267 cathedralis
759 4208 902 4268 ecclesiae
924 4209 1082 4283 Pragensis
1105 4219 1137 4270 at
1157 4211 1226 4270 aliis
1248 4212 1344 4272 colle·

149 4307 237 4378 giatis
264 4313 295 4366 et
326 4307 543 4380 parochialibus
573 4308 706 4366 ecclesiis
729 4309 854 4368 civitatis
876 4310 1035 4383 Progensis
1074 4319 1104 4370 et
1140 4312 1236 4384 portis
1275 4313 1348 4373 dieti

150 4405 260 4465 domini
274 4407 309 4469 D.
323 4407 414 4479 Regis
436 4413 465 4465 et
488 4406 703 4480 archicpiscopi
716 4408 873 4482 Progensis
896 4410 1012 4482 publice
1034 4409 1136 4483 niiixit,
1158 4411 1235 4471 hanc
1256 4413 1286 4473 in
1310 4430 1346 4475 so

149 4508 299 4564 materiam
315 4508 513 4568 continentes:
536 4508 662 4580 qualiter
681 4510 746 4581 ipse
768 4508 830 4567 vult
850 4526 1019 4582 componore
1042 4528 1141 4570 coram
1152 4511 1189 4570 D.
1202 4511 1345 4573 Conrado

152 4604 373 4680 archiepiscopo
388 4608 529 4682 Pragcnsi
553 4613 582 4667 ct
603 4607 736 4667 omnibus
757 4610 897 4680 praelatis
920 4627 954 4670 ae
975 4611 1054 4670 clero
1077 4613 1161 4684 regni
1179 4612 1346 4675 Bohcmiae
