2992 5258
423 423 465 479 hl.
482 421 517 477 Η.
552 420 700 477 Consilium
716 418 753 475 Μ.
770 418 911 475 Jacobelli.

648 624 684 691 ll

458 842 630 907 consillum
653 840 696 907 Μ.
716 841 877 946 incohelli.

567 1066 770 1076 ..η-..μ-

286 1161 331 1230 (E
347 1159 408 1215 MS.
425 1161 566 1214 uniuersis.
585 1158 677 1229 Prag.
693 1158 753 1221 ΙΙΙ,
774 1158 808 1213 G.
827 1155 855 1223 6,
868 1158 922 1230 sol.
941 1158 977 1213 10
993 1162 1048 1230 oq.)

271 1462 434 1532 ,Couassium
451 1460 488 1515 Μ.
506 1459 649 1528 Jacohelli,
668 1461 757 1516 devoti
775 1459 903 1530 theologi,
921 1461 955 1516 de
973 1461 1139 1530 pacificando
1156 1465 1265 1535 regno.“

174 1631 345 1712 Quaeritur
371 1632 452 1700 al).
484 1634 571 1713 Rege
603 1632 636 1697 iu
665 1631 911 1712 congregatione
942 1633 1166 1715 magistrorum
1194 1636 1266 1703 uui·

66 1735 236 1801 versitatis
264 1733 429 1801 consilium
462 1734 501 1800 de
522 1733 606 1800 hona
638 1731 832 1800 couscientia
852 1732 893 1798 ad
913 1731 990 1814 hoc,
1018 1733 1101 1815 quod
1125 1734 1186 1803 vliat
1206 1756 1268 1820 par

69 1840 108 1901 et
121 1835 292 1901 concordie
305 1836 338 1900 iu
359 1835 445 1902 clero
468 1841 502 1900 et
522 1833 762 1918 populndiviso,
789 1838 823 1899 et
844 1834 928 1915 quud
942 1852 1074 1916 regnum
1096 1834 1267 1905 Buhemae

70 1935 202 2003 iufamia
223 1935 424 2017 denigratum
444 1935 485 2002 ad
505 1936 658 2002 honorem
680 1934 850 2018 prisduum
872 1936 1073 2004 reformetur.

173 2038 237 2104 Pro
251 2054 312 2118 quo
328 2034 574 2104 advertendum:
600 2034 693 2115 Quod
714 2041 766 2102 eat
786 2036 940 2116 quaedam
962 2055 1023 2119 pax
1045 2042 1079 2121 et
1099 2040 1269 2107 concordia

70 2137 243 2204 mundana
264 2143 297 2202 et
318 2136 461 2219 gentilis,
488 2155 569 2219 quae
591 2135 739 2202 consistit
759 2135 792 2201 iu
818 2136 1033 2218 prosperitate
1054 2138 1213 2207 mundana
1233 2147 1271 2209 et

73 2239 183 2321 quieta
211 2237 504 2321 superabundantia
532 2236 767 2319 temporalium,
799 2236 847 2303 sic
878 2237 1025 2303 similiter
1053 2238 1155 2306 honor
1176 2242 1268 2323 regui

74 2339 193 2406 dicitur
215 2357 287 2406 esse
309 2339 495 2406 bonafama
516 2336 802 2420 quoadmnndum,
825 2356 887 2404 unu
909 2338 1011 2404 modo.
1045 2340 1116 2408 Alia
1137 2346 1187 2407 est
1207 2360 1270 2424 pax

75 2447 110 2508 et
130 2441 300 2508 concordia
320 2441 452 2523 propria
473 2439 727 2506 Christianorum
748 2439 781 2505 iu
803 2434 931 2506 Christo
953 2439 1041 2521 lesu,
1064 2447 1100 2507 ut
1120 2441 1270 2510 videlicet

76 2542 120 2608 sit
145 2540 359 2608 multitudinis
381 2540 578 2608 credentium
605 2558 660 2607 cur
681 2558 778 2605 uuum
805 2546 840 2605 et
868 2540 973 2606 anima
993 2559 1070 2620 uua,
1094 2541 1267 2609 secuudum

76 2640 311 2710 ordinationem
339 2641 569 2724 euangelicam,
604 2649 695 2708 extra
716 2658 808 2725 quam
833 2641 939 2707 mullus
971 2648 1022 2708 est
1049 2642 1208 2709 hominum
1230 2642 1270 2709 de

77 2743 246 2812 salvandis.
288 2743 401 2810 Pacem
422 2760 500 2824 ergo
530 2747 564 2809 et
585 2742 786 2808 concordiam
807 2742 909 2824 prirno
931 2741 1024 2808 modo
1045 2742 1162 2809 dictam
1183 2745 1269 2828 prin·

78 2845 225 2929 cipaliter
246 2843 422 2926 inquirere,
454 2842 652 2911 obmittendo
679 2860 786 2908 veram
809 2842 1019 2910 Christianam
1041 2864 1167 2927 pacem,
1197 2864 1271 2912 con·

79 2947 244 3013 sistentem
266 2945 299 3009 iu
320 2945 524 3011 observantia
548 2944 628 3024 legis
650 2943 786 3024 Christi,
821 2961 884 3008 uon
905 2952 956 3010 ost
976 2942 1115 3010 fidelium
1137 2944 1272 3011 Christi-

79 3064 210 3115 anorum
242 3044 301 3112 sed
332 3045 516 3127 gentilium3
548 3045 623 3126 quia
654 3043 808 3126 scriptum
840 3050 907 3110 est:
940 3045 1020 3111 haec
1052 3046 1136 3110 euim
1168 3046 1274 3111 omnia

80 3155 192 3230 gentes
224 3146 397 3230 inquirunt.
441 3146 488 3210 nd
517 3145 688 3211 secundam
719 3152 826 3211 autem
858 3162 968 3227 pacem
1000 3151 1034 3210 et
1068 3145 1268 3212 concordiam

80 3247 219 3318 secundo
236 3247 330 3314 modo
363 3247 488 3328 dictam,
514 3248 740 3313 consistentem
764 3245 797 3311 in
820 3245 1019 3312 ordinatione
1041 3246 1121 3329 legis
1143 3246 1272 3328 Christi,

79 3351 260 3432 obligantur
280 3365 391 3415 omnes
412 3348 540 3430 fideles,
567 3366 661 3430 reges
684 3353 718 3414 et
739 3347 901 3431 pmneipes
922 3351 956 3412 et
977 3347 1095 3413 domini
1117 3353 1150 3413 et
1172 3347 1273 3413 omnis

77 3454 216 3538 populus
245 3450 482 3518 observandam.
526 3450 605 3516 Cum
637 3466 713 3531 ergo
735 3449 797 3515 ista
828 3454 939 3514 sancta
964 3467 1026 3530 pau
1048 3453 1082 3515 et
1103 3448 1274 3515 concordia

75 3550 106 3621 io
131 3553 221 3620 clero
253 3556 288 3618 et
308 3553 340 3618 iu
362 3552 479 3636 populo
512 3551 556 3617 sit
578 3552 670 3616 nimis
692 3552 837 3633 dirupta,
869 3569 906 3616 ac
927 3568 986 3633 per
1007 3550 1067 3616 hoe
1087 3547 1190 3616 honor
1221 3548 1273 3614 dei

72 3657 117 3723 sit
149 3659 345 3721 contemtus:
378 3651 504 3718 ridetur
525 3650 609 3734 quod
630 3652 668 3716 D.
691 3651 759 3717 Rex
781 3669 851 3716 cum
873 3651 990 3717 ceteris
1011 3650 1182 3732 regnicolis
1203 3648 1273 3715 dili·

70 3754 266 3837 gentissime
297 3753 417 3818 instent
446 3752 486 3818 ad
516 3750 772 3818 reformationem
795 3750 888 3833 hujus
910 3751 998 3833 pacis
1020 3756 1054 3816 et
1075 3750 1273 3831 concordiae,

66 3855 283 3925 simoniacum
298 3852 467 3933 haeresim,
482 3852 648 3932 adulteria,
665 3850 1149 3932 fornicationes,concubinatus,
1162 3869 1273 3935 super·

63 3955 305 4025 abundantium
336 3953 558 4036 temporalium
588 3960 622 4020 et
647 3953 804 4019 secularia
825 3952 964 4019 dominia
984 3952 1018 4017 iu
1040 3952 1126 4019 clero
1148 3953 1275 4018 destru-

64 4059 173 4138 endo,
196 4055 236 4122 ad
258 4054 389 4121 liberius
412 4054 600 4137 explendum
622 4054 654 4118 in
677 4054 724 4118 eis
746 4052 944 4119 sacerdotale
966 4051 1114 4132 odicium,
1136 4059 1170 4118 et
1191 4051 1275 4134 quod

61 4163 190 4228 vivant
221 4156 393 4222 secuudum
426 4155 567 4237 regulam
600 4154 830 4236 evangelicam,
864 4158 897 4219 et
928 4158 1164 4234 consequentur
1191 4152 1277 4234 quod

63 4261 239 4343 reliquum
260 4257 373 4339 vuulgus
397 4256 611 4321 Christianum
633 4255 728 4336 digne
749 4255 845 4321 etiam
867 4255 1008 4321 ambulet
1029 4254 1192 4320 vocatione
1215 4272 1277 4336 qua

62 4369 228 4430 vocatum
260 4364 325 4433 est,
356 4356 529 4424 secuudum
569 4356 798 4423 ordinationem
843 4355 1071 4435 evangelicam
1104 4370 1276 4435 omnesque

65 4460 331 4532 eonsuetudines
352 4465 500 4542 patenter
522 4463 634 4525 contra
655 4457 757 4539 legem
780 4456 898 4522 Christi
920 4457 952 4521 iu
975 4455 1185 4521 Christianam
1207 4456 1275 4539 ple·

67 4558 155 4631 bem
188 4561 388 4629 introductae
421 4559 613 4640 evellantur,
646 4558 826 4641 incipiendo
852 4578 871 4624 a
892 4556 993 4639 primo
1016 4574 1091 4638 rege
1113 4574 1214 4639 usque
1236 4555 1277 4622 ad

72 4665 229 4733 ultimum
250 4662 373 4728 laicum.
