2992 5258
150 387 212 451 264
360 385 433 441 Petri
451 385 485 441 de
502 385 681 441 hlladeuovic
698 385 795 441 relatio
813 385 846 440 de
864 385 902 440 M.
919 384 944 438 J.
962 385 1020 441 Ilus
1038 400 1138 441 eausa:

248 587 424 668 Responsio
446 588 487 652 ad
504 605 658 669 responsa
680 587 822 669 episcopi
836 588 1097 670 Lutomyslensis,
1119 606 1200 668 quae
1221 604 1345 670 propo·

151 694 261 753 suerat
283 687 334 751 die
354 687 455 766 devie,
478 687 553 751 Xl'l
575 687 693 751 mensis
715 687 800 767 hlaji.

249 790 498 849 Reverendissimi
524 797 623 861 patres
654 796 684 848 et
713 790 834 849 domini!
862 789 944 849 Sicut
965 789 1040 848 alias
1062 790 1110 848 dio
1131 789 1250 863 Lunae,
1271 788 1351 848 XIII

150 890 316 963 praesentis
339 891 447 948 niensis
460 890 541 962 Maji,
562 889 677 948 nobiles
701 890 810 948 domini
823 889 998 947 BohemIcae
1020 896 1052 949 et
1071 890 1229 949 PolonIeae
1251 890 1349 948 natio·

133 990 197 1050 ‚nis
229 988 362 1049 cedulam
396 990 540 1062 quaudam
568 990 682 1048 Vestris
714 989 945 1049 Pateruitatibus
975 988 1132 1048 offerentes
1160 990 1257 1061 ipsam
1284 988 1348 1061 legi

150 1088 291 1159 fecerant,
313 1092 395 1162 cujus
419 1090 535 1162 quidem
558 1089 679 1148 cedulae
703 1090 834 1149 clausula
855 1089 956 1148 ultima
976 1105 1030 1161 pro
1052 1096 1135 1161 parto
1162 1089 1349 1148 domiuornrn

152 1196 184 1250 et
209 1189 352 1248 nobilium
375 1190 411 1248 de
437 1188 587 1258 Bohemia,
610 1208 681 1259 enm,
703 1196 735 1249 ut
756 1188 931 1262 praefertur,
954 1189 1051 1247 oblata
1074 1188 1179 1249 inisset
1208 1189 1349 1258 ellectu,

151 1291 319 1359 continens
344 1290 469 1362 qualiter
489 1289 527 1347 ad
549 1289 692 1347 dictorum
714 1289 896 1347 dominorum
923 1292 954 1345 et
975 1288 1115 1347 nobilium
1144 1290 1183 1348 de
1204 1288 1352 1349 Bobemia

150 1389 328 1450 audIentiam
352 1389 507 1448 deductum
529 1394 588 1458 est,
611 1389 756 1461 quomodo
779 1387 893 1461 qnidam
916 1386 1060 1458 praeclari
1082 1389 1165 1461 regni
1186 1386 1350 1449 Bohemiae

148 1493 209 1563 jam
231 1489 301 1548 dicti
324 1494 382 1548 tam
403 1490 434 1548 iu
455 1488 567 1547 honore
590 1502 673 1560 qoam
696 1487 773 1546 sama
794 1487 1007 1546 obtrectatores
1029 1495 1059 1547 et
1070 1489 1176 1547 aemuli
1197 1489 1236 1547 ad
1256 1503 1348 1547 auree

150 1590 364 1648 Paternitatam
387 1587 557 1647 vestrarum
580 1588 786 1656 deduxissent,
820 1588 964 1661 quomodo
993 1594 1203 1646 sacramentum
1233 1587 1348 1659 pretio-

152 1689 297 1748 sissinium
320 1689 469 1761 souguiuis
493 1689 602 1747 domiui
624 1704 678 1760 per
699 1688 867 1746 Bohemiam
887 1691 947 1759 jam
961 1688 1168 1758 deportaretur
1188 1688 1219 1745 in
1240 1686 1350 1746 flascu-

151 1788 204 1858 Iis,
228 1789 362 1861 quodque
375 1795 500 1846 sutores
519 1790 580 1861 jam
602 1786 804 1846 confessiones
825 1788 961 1846 audirent
990 1795 1019 1845 et
1041 1794 1259 1845 sacrosanctum
1282 1803 1352 1846 cor-

150 1903 206 1959 pus
228 1887 401 1946 domiuienm
422 1886 488 1946 aliis
509 1887 723 1946 miuistrarent:
756 1904 823 1945 mox
844 1902 1000 1959 assurgens
1029 1886 1165 1945 dominus
1188 1887 1352 1960 episeopus

152 1987 385 2060 LutomysleusIs
407 1986 495 2055 dixit,
523 1987 590 2059 quia
612 1987 664 2045 illa
685 1986 756 2045 talia
767 1993 921 2060 tangerent
943 2003 1007 2044 eum
1030 2004 1094 2044 cum
1115 1987 1349 2047 adhaerentibus

154 2087 225 2163 suis,
247 2087 285 2145 ad
307 2103 392 2160 quam
412 2102 621 2158 responsurum
644 2103 676 2145 so
688 2087 806 2157 obtulit,
829 2089 984 2147 torminum
1007 2088 1063 2145 sibi
1086 2087 1201 2145 adhoc
1223 2085 1350 2161 praefigi

150 2186 309 2259 postulavit
330 2192 361 2245 et
382 2202 417 2244 eo
439 2186 612 2245 adveniente
635 2187 800 2258 respondit,
824 2190 906 2260 quus
928 2188 1133 2259 responsionIs
1160 2187 1249 2258 eopia
1279 2194 1352 2258 post

154 2286 279 2345 dominis
301 2290 348 2344 est
367 2292 564 2359 praesentata.
607 2287 639 2344 In
664 2303 720 2358 que
741 2287 936 2358 responsione
957 2288 1035 2344 inter
1057 2293 1155 2345 cetera
1180 2285 1237 2344 hoe
1258 2304 1349 2345 nnurn

151 2384 313 2455 confitetur,
329 2402 361 2445 se
384 2385 614 2445 Paternitatibus
630 2387 742 2445 VestrIs
764 2387 964 2458 proposuisse,
988 2386 1066 2459 quod
1088 2386 1207 2458 sanguis
1233 2386 1349 2446 Christi

150 2486 262 2545 ibidem
279 2488 341 2559 jaan
363 2485 535 2558 deportatur
555 2486 585 2544 in
608 2485 736 2545 flaseuIIs
759 2502 810 2544 sen
830 2485 956 2544 vasculis
978 2501 1036 2543 non
1059 2487 1255 2558 consecratis3
1287 2486 1349 2545 alia

151 2586 209 2646 dno
231 2591 339 2658 puncta
359 2586 522 2657 praemissa
542 2587 573 2644 iu
595 2587 674 2644 dieta
695 2587 876 2644 dominorum
898 2585 1003 2645 cedula
1031 2586 1128 2656 posita
1153 2592 1183 2645 et
1204 2587 1243 2645 ad
1262 2587 1347 2659 ipso·

150 2703 214 2744 rum
243 2685 422 2744 audientiam
450 2687 620 2758 pervenisse
654 2686 808 2758 proposita
834 2703 866 2744 se
898 2691 987 2760 negat
1015 2686 1052 2743 ad
1086 2701 1173 2744 aures
1200 2685 1346 2745 dictarum

152 2786 322 2845 vestrarum
345 2786 555 2845 Paternitatum
584 2787 754 2855 deduxisse,
787 2787 865 2845 inter
894 2793 993 2845 cetera
1014 2787 1044 2844 in
1067 2787 1145 2846 dleta
1166 2802 1220 2844 sua
1241 2785 1348 2845 cedula

152 2886 250 2959 aliqua
270 2886 447 2953 intricando,
471 2903 545 2959 quae
567 2887 676 2944 domiui
697 2887 728 2944 in
749 2886 878 2958 ipsorum
901 2892 981 2945 carta
1003 2887 1170 2958 praedicta,
1199 2886 1237 2945 ad
1260 2904 1348 2959 qnam

151 2987 332 3059 respondere
355 3002 387 3045 se
410 2986 528 3057 obtth,
555 3003 614 3045 non
636 2986 811 3058 ponebant.
827 3002 882 3045 nee
904 2987 940 3045 de
963 2987 1037 3057 ipsis
1061 2987 1187 3059 aliquam
1209 2985 1347 3046 iecerunt

152 3089 338 3145 mentionem.

252 3188 324 3246 Ideo
347 3187 529 3258 respondent
550 3186 667 3256 domim,
690 3187 768 3259 qnod
789 3187 863 3257 illus,
886 3203 960 3260 qnae
983 3204 1080 3244 coram
1103 3186 1218 3245 Vestris
1239 3186 1346 3246 Pater·

154 3287 295 3346 nitatibus
325 3304 357 3346 se
379 3288 570 3359 proposuIsso
600 3284 722 3355 fatetur,
752 3287 916 3345 nullatenus
940 3287 1040 3345 volunt
1062 3287 1200 3358 credero,
1231 3305 1297 3347 cum
1317 3287 1349 3346 in

153 3387 226 3447 soIIs
247 3384 323 3445 fietis
345 3392 377 3445 et
397 3387 569 3460 excogitatis
592 3386 812 3444 narrationibus
827 3385 942 3444 solidari
965 3387 1162 3456 dinoscuntur,
1184 3387 1242 3446 nIsi
1264 3387 1347 3460 prius

156 3502 199 3556 ea,
221 3502 296 3560 quae
318 3486 389 3546 dicti
406 3487 503 3558 regni,
526 3491 558 3544 ut
579 3485 758 3557 praefertur,
781 3485 958 3544 diffamatba
980 3493 1058 3555 sont,
1080 3487 1226 3558 veracius,
1248 3485 1348 3546 effica-

153 3587 215 3645 cius
238 3592 268 3645 et
289 3584 465 3645 laudabilius
487 3586 657 3659 probaverit
678 3603 746 3645 esso
768 3603 851 3659 vera3
876 3595 906 3645 et
929 3588 954 3645 si
975 3603 1025 3657 ea,
1050 3588 1125 3646 sicut
1146 3587 1347 3658 praemittunt,

152 3702 224 3744 vera
244 3702 311 3746 esse
333 3685 518 3759 probaverit,
551 3703 608 3746 non
639 3688 772 3762 dubium,
806 3689 874 3760 quin
902 3687 1011 3746 domini
1044 3687 1205 3759 supradicti
1234 3693 1347 3746 tantum

153 3785 230 3843 sieut
260 3786 325 3857 ipse
357 3787 402 3845 vel
431 3787 554 3860 amplius
588 3789 624 3847 do
659 3788 789 3861 quohbet
814 3789 867 3847 tali
895 3789 942 3847 vel
965 3764 1186 3861 aliquoehmque
1214 3788 1348 3848 indicto

151 3900 253 3958 reguo,
275 3886 353 3958 qnod
375 3886 460 3956 absit,
483 3895 650 3961 emergente
684 3888 823 3946 seandalo
856 3887 1015 3946 condolere
1049 3895 1080 3947 et
1111 3887 1265 3947 molestari
1286 3887 1348 3946 vel·

152 3986 216 4045 lent
237 3987 324 4045 etad
346 3987 440 4057 ipsum
457 3987 617 4047 sedandum
640 3993 670 4046 et
684 3987 867 4047 evellendum
883 3988 943 4046 suis
966 3988 1066 4047 conari
1087 3987 1206 4058 vitibus,
1228 3994 1262 4047 ut
1275 3986 1346 4048 dieti

151 4087 236 4160 regni
256 4087 320 4145 veri
340 4086 466 4146 heredes
488 4094 519 4145 et
539 4087 675 4147 catholici
698 4087 865 4148 Christiani.

251 4187 341 4246 Ponit
362 4188 490 4246 seeundo
513 4187 723 4260 principaliter,
747 4189 825 4262 quod
852 4189 911 4259 illa,
935 4205 1008 4262 quae
1032 4204 1128 4246 eoram
1151 4188 1267 4247 Vestris
1287 4187 1345 4247 Pa·

153 4288 339 4347 ternitatibns
370 4289 525 4361 proposuit
547 4297 576 4348 et
596 4289 625 4347 in
650 4290 728 4348 dicta
758 4306 810 4347 sua
832 4296 913 4347 carta
942 4290 1056 4347 demum
1078 4288 1205 4360 proponi
1226 4286 1345 4346 manda·

154 4388 210 4457 vit,
243 4388 281 4446 ad
312 4388 454 4447 honorem
482 4396 512 4447 et
539 4389 691 4448 tuitionem
719 4390 864 4461 praedicti
893 4390 978 4462 regni
1005 4389 1122 4459 fecerit,
1151 4404 1266 4461 ponens
1295 4403 1347 4460 pro

155 4502 259 4557 cansa,
291 4504 328 4546 ne
360 4489 455 4562 ipsum
493 4504 612 4564 reguum
645 4506 698 4561 per
731 4495 827 4549 sectas
857 4489 1013 4560 pestiferas
1041 4488 1175 4549 infamari
1205 4495 1236 4549 ot
1262 4486 1348 4548 fidem

155 4585 315 4657 periclitari
339 4590 496 4662 contingat.
