2992 5258
152 417 214 498 674
390 408 596 466 Controversiae
614 408 648 465 ule
664 410 795 479 religione
813 414 840 467 11
858 410 1002 468 liobemie:
1022 412 1097 469 1411.

151 616 331 681 munionem
347 612 606 679 sacramentalem
622 614 825 697 parvulorum
841 633 912 680 6666
934 633 1102 682 erroneam
1123 614 1228 696 quoad
1248 622 1337 682 mate

150 717 229 781 riam
252 721 285 781 et
301 713 405 797 quoad
426 713 566 780 formam.

251 816 289 880 lt.
311 816 379 880 vult
401 813 573 880 efficaciter
602 814 772 880 ostendere
799 820 833 880 et
854 814 977 888 docere
1008 815 1166 897 quomodo
1189 816 1232 882 Μ.
1255 817 1338 882 Jaco-

151 917 210 983 bus
233 915 415 999 praedictus
427 914 571 981 abutitur
585 914 762 997 scripturis,
777 921 927 999 corrupte
943 916 1110 997 allegando
1137 923 1171 984 et
1193 915 1273 983 ialse
1293 935 1339 983 666

151 1016 346 1099 exponendo,
368 1016 498 1096 vultque
519 1016 650 1081 realiter
665 1015 839 1081 dissolvere
859 1015 964 1081 omnia
978 1023 1167 1097 argumenta
1179 1014 1222 1082 M.
1237 1016 1340 1099 Jacobi
1370 1079 1373 1082 ,

153 1136 224 1183 6666
246 1117 454 1183 claudicantia
487 1123 520 1182 et
540 1116 721 1183 nullomodo
746 1115 967 1183 concludentia
988 1116 1185 1199 praedictam
1213 1135 1340 1184 commu·

150 1219 277 1283 6166661
298 1218 508 1300 parvulorum.
835 1283 838 1292 ,

249 1318 288 1382 It.
311 1317 493 1400 praedictus
514 1317 556 1382 Μ.
582 1317 688 1383 Simon
710 1316 779 1382 vult
799 1316 859 1381 hoc
880 1315 986 1381 lacere
1007 1333 1114 1383 coram
1135 1316 1338 1397 auditoribus,

151 1437 209 1502 per
229 1419 469 1484 universitatem
491 1419 686 1498 Prageusem
708 1418 758 1482 vel
780 1416 936 1483 aliomodo
958 1416 999 1482 ad
1020 1417 1081 1482 hoc
1108 1419 1337 1511 rationabiliter

151 1518 315 1598 eligendis
338 1518 391 1599 qui
414 1518 516 1583 scient
537 1517 711 1600 dijudicare
733 1518 819 1582 inter
838 1518 1006 1582 1611161616
1029 1523 1063 1583 61
1083 1517 1265 1585 1616116166.

250 1619 287 1684 It.
310 1618 378 1683 vult
399 1636 433 1683 se
456 1618 644 1684 submittere
667 1618 699 1682 in
722 1616 778 1681 tali
793 1615 1009 1699 disputatione
1031 1618 1143 1684 talium
1165 1617 1336 1686 auditorum

147 1720 266 1804 judicio
290 1725 323 1783 et
345 1719 555 1802 dispositioni,
578 1719 604 1782 si
627 1718 668 1782 M.
690 1718 829 1783 lacobus
850 1717 996 1783 similiter
1016 1717 1123 1798 iacere
1144 1719 1284 1786 audebit

248 1821 288 1887 It.
311 1820 385 1902 quia
405 1819 448 1883 M.
470 1819 577 1885 Simon
599 1818 781 1903 praedictus
810 1817 949 1884 intendit
969 1837 1029 1902 per
1050 1836 1139 1886 suam
1161 1821 1258 1887 talem
1282 1819 1337 1885 dis·

150 1921 346 2003 putationem
367 1919 441 1985 lites
463 1927 496 1984 et
511 1919 687 1985 discordias
709 1921 742 1985 in
764 1937 863 2001 regno
879 1919 1050 1986 Bohemiae
1071 1939 1111 1986 ex
1139 1922 1336 2005 parrulomm

150 2021 368 2086 communione
391 2038 526 2084 erronea
548 2027 677 2086 exortas
699 2025 877 2102 amputare:
901 2021 974 2088 ideo
995 2039 1059 2086 non
1087 2021 1230 2087 intendit
1250 2021 1336 2087 talem

149 2120 361 2187 inordinatam
384 2120 639 2203 disputationem,
662 2125 823 2186 carentem
847 2120 1119 2203 dijudicandum,
1146 2123 1276 2205 majoris
1294 2121 1336 2187 in·

150 2219 245 2287 dubie
266 2221 332 2286 litis
354 2226 388 2286 61
409 2220 549 2287 scandali
574 2221 788 2302 generativam
811 2221 1002 2288 subintrare.

401 2671 541 2738 „Articuli
559 2679 656 2724 eontra
675 2670 715 2725 Μ.
732 2670 871 2724 Simonem
889 2672 922 2724 do
942 2671 1089 2726 Tmou

247 2806 295 2872 Ne
317 2805 456 2871 dedecus
468 2805 580 2887 culpae
595 2811 739 2872 transeat
755 2806 874 2888 absque
900 2806 1173 2888 decorejustitiae
1196 2814 1229 2875 et
1250 2828 1333 2893 prae·

149 2906 317 2973 sumtionis
339 2911 504 2989 peccatum
525 2907 585 2971 'sub
607 2892 734 2973 silentio
761 2906 982 2986 incorrectum,
1012 2913 1212 2990 protestatur
1232 2918 1334 2976 6166.

150 3007 250 3074 1111661
272 3008 405 3088 singulis
428 3007 547 3072 Christi
568 3006 714 3073 fidelibus
735 3007 777 3071 M.
799 3007 939 3073 lacobus
960 3006 1000 3072 de
1022 3007 1112 3087 Mica
1140 3009 1227 3089 quod
1247 3027 1334 3093 para·

153 3116 206 3174 tus
229 3115 279 3173 661
300 3114 335 3173 61
354 3109 423 3174 vult
437 3108 595 3173 deducere
618 3116 651 3174 et
673 3108 789 3174 docere
806 3126 845 3173 ex
860 3108 1019 3192 scriptura
1032 3110 1219 3177 authentica
1239 3120 1270 3177 et
1290 3130 1333 3176 ra·

150 3210 236 3275 tione
259 3216 370 3274 contra
391 3227 500 3274 omnes
515 3209 660 3275 veritatis
682 3208 856 3275 catholicae
871 3209 1081 3289 adversarios,
1096 3217 1131 3277 et
1153 3213 1334 3294 praesertim

150 3317 261 3375 contra
275 3309 317 3374 M.
331 3310 489 3375 Simonem
504 3308 705 3389 (1611666611,
722 3311 971 3376 communionem
992 3313 1253 3378 sacramentalem
1267 3332 1334 3396 par·

150 3411 294 3476 valorum
312 3428 462 3475 1666666
479 3429 644 3476 61166666
659 3429 718 3477 166
733 3410 861 3477 16111611
877 3411 1078 3492 evangelicae
1092 3410 1264 3494 dissonam,
1283 3412 1335 3479 sed

149 3510 268 3576 eisdem
290 3511 431 3592 parvulis
454 3511 685 3576 commodosam
709 3530 747 3576 ex
770 3513 930 3579 sententia
951 3512 1126 3592 doctomm,
1150 3520 1336 3596 etpraeser·

79 3676 81 3680 ,
151 3611 208 3675 tim
231 3611 259 3675 b.
282 3610 435 3693 Dionysii,
462 3611 607 3693 discipuli
630 3612 660 3676 S.
688 3612 787 3693 Pauli,
817 3630 910 3695 quem
938 3630 1107 3679 erroneum
1134 3630 1282 3680 asserere
1305 3615 1334 3679 11

155 3727 193 3775 66
215 3717 306 3793 parte
329 3712 449 3792 absque
471 3710 627 3776 infallibili
650 3710 809 3776 evidentia
835 3711 1056 3778 videturesse
1084 3716 1289 3781 temerarium
1309 3720 1336 3781 61

152 3811 331 3892 superbiam
354 3830 466 3894 sapere
488 3812 582 3876 nimis
603 3829 763 3892 magnam.

248 3929 287 3994 It.
309 3930 377 3994 vult
390 3928 474 3993 idem
490 3929 530 3994 M.
545 3930 692 4009 lacobus,
705 3930 877 3995 secundum
892 3930 976 4013 quod
990 3930 1069 3995 deus
1084 3930 1221 4014 dederit,
1234 3936 1332 3998 osten·

151 4029 228 4095 dere
251 4036 284 4095 61
298 4028 422 4109 docere,
444 4029 529 4112 quod
543 4048 606 4096 non
621 4030 739 4096 abusus
755 4036 806 4096 est
826 4026 1002 4112 scripturae
1026 4031 1057 4095 in
1074 4032 1239 4113 praefatae
1260 4050 1335 4098 com·

149 4129 307 4195 munionis
328 4131 469 4211 materia,
499 4137 649 4214 corrupte
682 4150 736 4197 aas
762 4131 930 4213 allegando
958 4137 1014 4198 aut
1034 4131 1114 4198 salse
1143 4132 1333 4218 exponendo,

149 4238 182 4296 et
203 4230 375 4295 secundum
398 4231 482 4313 quod
503 4231 581 4297 deus
604 4232 664 4297 61111
685 4232 811 4298 dederit
832 4232 1026 4316 respondere
1058 4234 1257 4314 argumentis
1277 4253 1332 4300 ma·

117 4331 323 4414 ·gistrorum
352 4332 412 4397 sibi
443 4351 577 4414 arguere
608 4333 791 4414 volentium,
818 4339 852 4400 61
872 4334 1045 4417 praecipuo
1073 4334 1116 4399 M.
1143 4333 1281 4402 Simonis
1300 4333 1334 4400 de

149 4431 299 4514 Tissnou,
329 4433 418 4515 cujus
445 4440 632 4523 argumenta
659 4432 743 4499 idem
771 4433 813 4499 M.
835 4434 974 4501 lacobus
1000 4434 1150 4502 aestimat
1178 4453 1243 4502 non
1270 4452 1333 4500 6666

152 4529 294 4598 efficacia
319 4532 375 4598 sed
397 4533 490 4599 nimis
513 4535 670 4601 somniata
685 4535 726 4615 (1)
750 4534 790 4600 61
812 4534 1062 4601 666611161116
1090 4535 1332 4601 communionem

153 4631 345 4711 praedictam
368 4653 533 4700 erroneam
555 4640 611 4699 ant
632 4634 791 4700 dissonam
813 4634 876 4716 legi
897 4634 958 4700 dei.
