2992 5258
499 420 615 478 Articuli
634 424 711 492 primi
728 436 792 478 anu.
811 421 884 479 1408.
1239 424 1296 492 159

103 624 207 708 posita
220 625 333 709 majori
345 627 564 710 propositione
586 628 652 692 scil.
675 628 751 693 ista:
782 627 988 709 „Quicunque
1010 645 1068 708 pro
1091 627 1297 692 sacramentis

104 728 235 809 exigunt
251 728 417 810 pecuniam
433 735 467 794 et
477 729 517 794 ab
531 729 749 795 exactionibus
765 747 890 795 cessare
905 730 1026 809 uolunt,
1043 735 1118 794 sunt
1135 729 1298 796 simoniaci

103 833 135 893 et
146 829 194 893 sic
204 827 388 909 haeretici“,
404 829 592 894 subsumunt
603 830 757 894 minorem
768 830 876 895 istam:
895 828 1088 910 ,sedomnes
1100 829 1226 911 plebani
1238 849 1297 912 pro

103 929 312 994 sacramentis
324 928 457 1010 exigunt
471 929 636 1011 pecuniam
648 936 681 995 et
692 925 731 994 ab
742 929 960 996 exactionibus
972 948 1099 996 cessare
1111 930 1250 1011 nolunt,“
1265 937 1299 997 et

103 1028 167 1111 ipsi
185 1028 297 1095 volunt
311 1029 395 1095 illam
410 1030 595 1110 concedere,
618 1031 762 1112 sequitur
780 1030 985 1111 formalitaer,
1004 1030 1086 1112 quod
1107 1049 1216 1098 omues
1233 1032 1299 1114 ple-

103 1129 180 1195 bani
190 1137 266 1195 suut
277 1129 440 1196 haeretici.
466 1130 528 1196 Sed
545 1148 605 1212 ego
622 1149 703 1212 nego
722 1132 885 1211 minorem,
899 1131 973 1212 quia
983 1131 1049 1197 scio
1063 1132 1179 1198 multos
1192 1132 1299 1215 pleba-

104 1247 174 1311 nos,
190 1232 244 1313 qni
256 1249 426 1312 numquam
440 1232 581 1312 exigunt,
597 1232 655 1296 sed
670 1232 795 1313 quaudo
811 1249 942 1297 necesse
955 1237 1013 1313 est,
1025 1232 1065 1297 de
1077 1233 1216 1315 propriis
1228 1252 1300 1316 pro·

103 1337 228 1411 curant,
243 1332 411 1397 audientes
425 1332 504 1397 illud
519 1331 649 1415 capituli
666 1333 810 1414 „Summa
822 1333 931 1399 uobis“
949 1334 1095 1414 glossam,
1112 1351 1192 1414 quae
1207 1333 1297 1400 dicit:

104 1431 138 1497 Si
162 1431 321 1513 sacerdos,
347 1432 402 1514 qui
416 1451 455 1497 ex
467 1433 571 1498 officio
583 1434 696 1499 adhoc
713 1440 842 1499 tenetur
854 1442 886 1498 et
903 1434 956 1515 qui
974 1434 1071 1499 habet
1089 1435 1216 1514 victum,
1235 1435 1302 1499 suis

105 1533 288 1615 sumptibus
298 1539 429 1600 tenetur
439 1534 618 1617 spiritualia
629 1535 837 1601 ministrare.‘¹
853 1534 1002 1616 (oecon.
1015 1537 1087 1601 dist.
1102 1536 1145 1600 1⁰.
1157 1533 1302 1615 Sufficit)

281 1715 398 1785 „Quinta
414 1718 555 1786 responsio
574 1718 607 1771 ad
626 1719 740 1786 primum
758 1718 900 1772 articulum
918 1718 1126 1772 accusantium.“

209 1834 328 1913 Quinto
343 1834 414 1901 dico
438 1836 606 1907 articulum
622 1836 690 1902 fore
706 1836 828 1916 falsum,
852 1837 925 1918 quia
940 1835 1050 1903 dicunt
1064 1855 1114 1903 me
1131 1836 1305 1902 laudabiles

108 1937 357 2003 consuetudines
391 1937 581 2018 infringere,
610 1959 681 2005 cum
713 1945 820 2004 tamen
850 1956 909 2019 ego
932 1956 1047 2019 pravas
1068 1939 1250 2003 exactiones
1271 1938 1305 2001 iu

108 2053 258 2105 sermone
273 2033 437 2120 prohibui,
457 2039 654 2105 concordans
677 2058 747 2104 cum
762 2038 816 2103 illo
833 2037 919 2103 dicto
942 2039 1071 2120 capituli
1088 2037 1155 2120 ,Ad
1172 2041 1307 2120 Aposto-

108 2138 231 2218 bcam“
246 2156 309 2220 quo
324 2138 455 2205 dicitur:
479 2157 593 2222 pravas
610 2140 792 2205 exactiones
808 2138 878 2204 fieri
893 2139 1105 2222 probibemus.
1121 2139 1208 2218 Quae
1224 2139 1308 2204 euim

109 2239 240 2321 pravior
262 2240 468 2320 cousuetudo,
492 2258 584 2322 quam
600 2259 681 2321 qliae
697 2246 747 2305 est
761 2261 780 2305 a
795 2240 914 2305 sanctis
937 2240 1081 2322 patribus
1103 2253 1137 2305 et
1151 2240 1191 2306 ab
1207 2241 1307 2306 eccle·

109 2339 160 2405 sia
180 2339 358 2422 prohibita,
389 2348 467 2423 puta
494 2341 665 2424 inportuna
686 2346 954 2407 sacramentorum
983 2341 1121 2422 exactio,
1149 2359 1230 2423 quac
1251 2360 1309 2424 per

112 2439 240 2521 longam
262 2441 416 2524 temporis
439 2458 559 2507 moram
576 2461 639 2507 nou
654 2449 763 2524 potest
783 2444 816 2508 iu
836 2443 952 2508 bonam
974 2443 1118 2525 converti
1140 2448 1306 2508 consuetu·

111 2541 228 2621 dinem,
251 2559 322 2607 cum
343 2541 387 2608 sit
408 2541 448 2607 de
471 2560 505 2607 se
528 2543 618 2607 mala.
643 2542 733 2607 Unde
750 2561 808 2624 pro
827 2543 889 2608 isto
912 2542 990 2608 dicit
1012 2543 1184 2625 capitulum
1209 2541 1307 2623 ,Cum

111 2642 145 2705 iu
177 2642 367 2708 ecclesiae“:
401 2648 516 2724 putant
547 2650 653 2709 autem
684 2643 793 2724 plures
815 2662 853 2708 ex
875 2643 935 2708 hoc
958 2643 1077 2724 licere,
1111 2644 1186 2724 quia
1207 2643 1309 2722 legem

112 2742 225 2808 mortis
246 2741 287 2808 de
310 2742 405 2822 longa
426 2743 598 2808 invaluisse
620 2743 849 2808 consuetudine
871 2742 1083 2824 arbitrantur,
1114 2762 1177 2809 uon
1206 2750 1311 2810 atten-

112 2842 238 2923 dentes,
261 2842 346 2924 quod
368 2848 457 2909 tanto
472 2844 619 2925 graviora
634 2850 709 2908 sunt
724 2844 863 2922 crimina,
886 2851 1003 2924 quanto
1019 2843 1138 2909 diutius
1153 2843 1311 2910 infelicem

113 2941 251 3008 animam
278 2943 442 3009 tenuerint
469 2943 639 3022 alligatam.
681 2943 764 3009 Ecce
793 2944 955 3025 appellant
986 2944 1183 3009 exactionem
1210 2945 1312 3025 legem

115 3043 239 3123 mortis,
263 3061 343 3124 quae
358 3062 422 3107 nou
439 3050 546 3126 potest
561 3042 648 3108 licita
669 3041 737 3107 ficri
753 3048 886 3125 propter
899 3043 1024 3122 longam
1039 3044 1311 3117 consuetudinem,

113 3143 172 3210 sed
194 3150 315 3227 quanto
337 3144 462 3224 longius
478 3142 613 3223 durabit,
637 3148 725 3208 tauto
749 3150 913 3209 exactores
930 3161 1004 3208 suos
1019 3144 1147 3224 gravius
1162 3143 1313 3209 condem-

113 3246 213 3312 nabit
236 3245 330 3324 Quod
350 3251 457 3310 autem
480 3244 603 3309 exactio
625 3243 737 3309 illusit
752 3244 1070 3326 pravacousuetudo,
1092 3250 1183 3326 patet
1206 3249 1244 3309 13
1260 3262 1311 3325 qu.

114 3351 153 3411 2⁸
176 3364 216 3412 ex
246 3345 385 3426 registro
407 3345 438 3410 b.
450 3344 607 3425 Gregorii,
638 3344 691 3425 qui
713 3344 805 3410 dicit:
832 3344 969 3424 ,Qucsta
990 3349 1040 3410 est
1061 3344 1153 3410 uobis
1174 3343 1314 3411 Nereida

113 3446 294 3513 clarissime
320 3445 458 3525 femina,
492 3445 576 3526 quod
597 3443 638 3509 ab
659 3463 697 3510 ea
718 3444 837 3510 solidos
859 3464 917 3529 pro
945 3444 1027 3511 filiae
1049 3463 1125 3509 suae
1148 3444 1314 3527 sepultura

112 3545 317 3613 Frateruitas
341 3545 397 3610 V¹⁸
428 3544 557 3627 exigere
573 3543 664 3610 velit:
686 3544 747 3610 hoc
761 3551 867 3610 autem
883 3545 993 3611 vitium
1011 3550 1044 3610 et
1057 3563 1125 3618 nos,
1147 3552 1315 3628 postquam

114 3649 179 3716 deo
195 3652 328 3715 auctore
343 3647 384 3713 ad
399 3647 601 3729 episcopatus
616 3645 769 3711 honorem
784 3647 984 3726 accessimus,
999 3646 1039 3711 de
1055 3645 1191 3711 ecclesia
1206 3650 1316 3711 nostra

114 3749 279 3816 vetuimus
291 3746 418 3813 omuino
430 3751 464 3813 et
473 3764 533 3830 per
545 3765 673 3829 pravam
686 3747 947 3812 cousuetudinem
959 3747 1105 3829 usurpari
1117 3764 1316 3829 nequaquam

115 3849 352 3936 permisimus.“
376 3847 459 3913 Ecce
488 3847 572 3928 quod
602 3847 664 3911 iste
693 3846 912 3912 sanctissimus
935 3866 1018 3929 papa
1040 3848 1236 3912 exactionem
1258 3864 1315 3929 pro

114 3950 288 4034 sepultura
298 3953 390 4015 vocat
403 3947 515 4013 vitium
526 3948 652 4013 omuino
665 3947 899 4029 prohibitumet
910 3967 967 4029 per
980 3965 1177 4029 consequens
1189 3949 1315 4012 omuino

116 4052 276 4132 illicitum,
288 4058 322 4117 et
332 4049 513 4115 nullomodo
521 4067 580 4131 per
588 4067 718 4130 pravam
730 4048 991 4113 consuetudinem
999 4048 1225 4129 usurpandum.
1235 4047 1316 4111 Cou-

117 4151 218 4219 cordo
233 4150 331 4217 etiam
351 4150 383 4213 in
399 4149 635 4231 praedicatione
648 4167 718 4213 cum
734 4148 872 4230 capitulo
890 4149 958 4228 „Ad
972 4148 1197 4230 apostolicam“
1216 4145 1247 4210 iu
1264 4146 1318 4212 illa

117 4250 373 4336 particula:pias
382 4249 627 4315 consuetudines
636 4249 846 4331 praecipimus
855 4248 1126 4329 observare;quia
1138 4247 1317 4331 praedicavi

119 4350 321 4436 persaepius,
347 4349 431 4431 quod
452 4349 628 4432 plebesiani
655 4357 805 4414 tenentur
824 4350 882 4414 sub
907 4366 1009 4431 poena
1031 4348 1153 4429 peccati
1176 4348 1320 4413 mortalis

119 4450 321 4536 presbyteris
331 4468 403 4515 cum
414 4450 492 4533 ipsis
506 4450 724 4516 laborantibus
738 4450 769 4512 in
783 4451 880 4514 verbo
892 4449 942 4513 dci
960 4455 992 4514 et
1006 4450 1039 4513 iu
1051 4447 1265 4525 sacramentis,
1278 4447 1318 4511 de

120 4550 210 4616 vitae
219 4549 410 4616 necessariis
421 4551 561 4630 gratuite
576 4549 754 4632 providere.
778 4549 858 4614 Item
873 4550 974 4631 prima
995 4568 1045 4629 qu.
1071 4553 1103 4611 1ει
1125 4566 1163 4610 ex
1186 4548 1319 4612 concilio

122 4650 352 4720 Cabilouicusi:
370 4651 560 4733 statuimus,
581 4658 616 4717 ut
631 4653 715 4717 sicut
726 4669 784 4733 pro
803 4650 986 4717 dedicandis
1002 4647 1143 4714 ecclesiis
1159 4653 1192 4713 et
1207 4646 1319 4713 dandis
