2992 5258
470 427 783 482 annis1412-1414ex
800 424 889 480 exilio.
918 426 960 480 21.
984 429 1025 480 22.
1305 426 1346 495 47

147 629 382 708 tribulationis;
414 629 490 694 item
524 647 564 694 ne
597 628 760 695 dementes
796 626 931 694 officium
967 628 1107 693 divinum
1134 634 1341 695 arrestarent.

148 730 242 808 Quod
263 737 371 796 autem
391 749 412 795 a
432 730 569 795 veritate
602 727 783 811 effugerem,
820 727 942 795 confido
965 728 1005 793 de
1038 729 1175 811 domino,
1211 727 1285 811 quia
1311 730 1344 792 in

148 831 261 896 eadem
297 831 434 896 veritate
468 830 544 895 mihi
574 831 760 896 occumbere
782 829 968 912 praestabit.
1008 828 1103 894 Scitis
1124 830 1240 911 itaque,
1266 828 1349 912 quod

149 932 322 1014 oportebat
344 930 503 996 Christum
526 931 602 1013 pati,
625 936 661 996 ut
682 931 751 1013 ipse
772 936 954 1009 attestatur,
987 929 1020 993 in
1049 936 1192 1010 tempore
1214 935 1346 1012 epatre

150 1032 209 1096 sibi
231 1032 396 1114 deputato.
424 1030 545 1096 Idcirco
567 1028 700 1095 firmiter
721 1031 867 1111 teneatis,
890 1029 983 1113 quod,
1006 1028 1244 1095 sicutdominus
1267 1030 1345 1097 deus

151 1132 299 1213 dignatus
321 1130 419 1197 inerit
438 1149 560 1197 mecum
582 1131 718 1213 operari,
751 1128 808 1197 fiet
839 1129 932 1209 illud;
968 1129 1081 1211 quodsi
1102 1130 1216 1212 dignus
1237 1132 1347 1197 morti-

152 1231 299 1299 ficatione
320 1233 468 1297 inventus
490 1230 590 1312 luero,
612 1231 796 1312 dignabitur
816 1249 869 1297 me
891 1231 932 1297 ad
953 1231 1034 1298 banc
1056 1249 1208 1313 evocare3
1231 1233 1350 1297 sivero

153 1332 300 1414 dignatus
322 1331 427 1412 luerit,
451 1332 720 1414 praedicationem
743 1330 828 1414 plebi
851 1350 927 1397 snae
942 1350 1131 1415 prorogare,
1154 1333 1352 1398 haecomnia

154 1434 184 1498 in
204 1439 367 1516 potestate
389 1433 461 1515 ejus
494 1433 636 1516 reposita
656 1439 732 1498 sunt
766 1438 862 1513 atqua
884 1433 1058 1499 voluntate.
1102 1432 1254 1499 Fortasse
1276 1451 1348 1514 gra·

154 1540 258 1601 tenter
280 1553 330 1599 me
352 1535 386 1598 in
407 1533 561 1615 Pragensi
583 1532 712 1599 civitate
732 1533 888 1613 viderent,
921 1542 957 1599 nt
989 1534 1093 1615 boras,
1125 1533 1239 1599 misses
1262 1540 1351 1599 cete·

154 1652 250 1714 reque
278 1631 382 1698 officia
412 1639 645 1716 postponerent
675 1634 713 1713 ii,
746 1652 825 1715 qnos
858 1635 971 1716 pungit
1015 1634 1211 1717 praedicatio
1242 1640 1353 1700 sancta

154 1735 191 1799 ob
228 1734 411 1814 avaritiam,
443 1734 599 1799 luxuriam
632 1739 728 1814 atque
760 1734 958 1815 superbiam;
1000 1734 1057 1799 sed
1089 1751 1145 1798 vos
1175 1734 1264 1800 verbi
1300 1732 1351 1798 dei

155 1834 321 1915 zelatores
344 1836 394 1900 cni
406 1834 652 1915 conformamini,
675 1834 813 1900 libenter
833 1841 966 1917 propter
986 1834 1103 1901 bonum
1125 1854 1175 1901 me
1191 1841 1350 1916 tamquam

155 1935 241 2000 robis
264 1935 442 2017 proximum
462 1935 629 2001 caritative
651 1934 814 2000 videretis.
841 1934 994 2001 Similiter
1016 1942 1050 2001 et
1071 1954 1130 2017 ego
1147 1953 1204 2002 vos
1215 1934 1354 2001 libenter

156 2035 305 2114 intuerer,
329 2035 523 2117 verbumque
544 2036 597 2100 dei
620 2035 709 2100 vobis
731 2034 965 2117 praedicarem3
995 2037 1027 2100 in
1050 2037 1111 2103 hoc
1132 2037 1215 2101 enim
1237 2041 1271 2100 et
1292 2035 1349 2100 ali·

156 2152 243 2200 orum
264 2136 467 2202 sacerdotum
489 2135 586 2202 debet
608 2152 680 2201 esse
701 2154 823 2202 summa
843 2134 1017 2217 diligentia.
1061 2136 1151 2202 Vaeh
1177 2135 1349 2202 sacerdoti·

156 2235 220 2315 bns,
242 2235 299 2317 qui
321 2237 452 2302 verbum
473 2235 525 2302 dei
547 2236 637 2301 nihili
660 2235 818 2318 penduntl
853 2237 928 2317 Vae,
951 2237 1005 2317 qni
1036 2237 1221 2319 praedicare
1241 2241 1353 2301 tenen·

157 2344 206 2401 tur
227 2344 262 2401 et
281 2354 348 2402 non
369 2338 570 2420 praedicantl
595 2337 662 2403 Vae
684 2343 799 2418 antem,
822 2336 875 2419 qui
897 2336 1083 2420 praedicare
1106 2344 1139 2403 et
1152 2337 1264 2403 audire
1280 2355 1353 2421 pro·
1421 2384 1426 2391 -

157 2437 280 2504 bibenti
323 2438 408 2505 Laus
431 2455 506 2503 vero
528 2438 600 2517 illis,
637 2438 691 2519 qui
723 2438 857 2504 audiunt
889 2443 922 2504 et
950 2437 1133 2505 custodiunt
1154 2438 1243 2517 illud,
1280 2437 1354 2518 quin

158 2538 303 2606 Christus
324 2539 387 2606 illis
410 2538 623 2620 indulgentias
645 2538 789 2619 largitur,
823 2539 984 2620 inquiens:
1016 2539 1117 2618 Beati,
1145 2538 1199 2619 qui
1221 2536 1355 2601 andiunt

159 2640 285 2705 verbnm
307 2640 360 2705 dei
382 2645 416 2704 et
437 2639 621 2705 custodiunt
642 2640 729 2704 illud.
774 2640 872 2718 Quam
895 2638 1160 2705 beatificationem
1182 2643 1217 2703 et
1238 2636 1354 2703 anditi-

158 2757 245 2806 onem
274 2741 425 2822 dignetur
455 2740 621 2822 suffragari
648 2740 738 2806 vobis
767 2739 846 2823 deus
868 2739 967 2822 pater'
989 2745 1021 2804 et
1050 2737 1133 2804 filius
1163 2743 1196 2803 et
1224 2738 1355 2820 spiritus

161 2847 295 2922 sanctus,
316 2860 400 2906 unus
421 2842 500 2907 dens
521 2848 681 2921 aeternus,
706 2841 894 2906 benedictus
920 2841 952 2904 in
975 2839 1092 2906 secula.
1115 2841 1224 2905 Amen.

257 2958 288 3010 E
303 2957 366 3011 ΜΒ.
386 2959 470 3028 capit.
489 2956 579 3026 Prap.
599 2958 631 3011 F.
648 2956 697 3010 20.
710 2958 763 3027 fol.
782 2957 843 3011 112.
879 2957 941 3010 MS.
958 2958 1032 3009 unio.
1050 2955 1139 3024 Prag.
1159 2955 1200 3013 X.
1218 2955 1246 3007 E
1270 2952 1316 3008 24.

259 3040 339 3095 mdo.
356 3043 387 3094 in
404 3057 469 3110 opp.
487 3040 561 3108 Hae,
580 3041 604 3103 Ι,
621 3038 660 3095 98
675 3043 699 3109 dr
716 3038 778 3097 123.
798 3042 902 3111 Hdfler,
920 3042 964 3104 Il,
981 3039 1050 3094 220.

733 3388 792 3465 22.

606 3575 916 3664 Eisdem.

171 3794 253 3859 Qum
277 3794 429 3851 celebretur
452 3795 561 3867 natalie
579 3795 694 3860 Christi,
718 3799 821 3851 multae
843 3814 898 3849 ease
921 3814 1036 3859 caucos,
1066 3815 1114 3849 cur
1131 3795 1253 3850 boorrines
1269 3811 1353 3864 qucum

542 3883 661 3936 maxime
677 3883 833 3951 gaudeant,
851 3886 970 3951 espault.

638 4051 725 4117 (1412,
742 4052 784 4104 25.
802 4049 879 4115 Dec.)

357 4218 477 4287 „Quarta
495 4216 634 4286 eppental

258 4351 438 4420 Carissimil
462 4353 542 4431 Quia
564 4373 584 4419 a
604 4354 693 4418 vobis
716 4371 801 4419 nnnc
823 4349 935 4420 eiristo'
948 4359 1144 4436 segregatus,
1172 4352 1251 4418 adeo
1274 4353 1358 4436 quod

163 4450 295 4519 tortasse
316 4454 417 4519 multa
439 4454 528 4519 vobis
552 4454 738 4537 praedicare
761 4473 829 4518 sum
855 4453 1019 4535 indignus,
1064 4460 1203 4520 attamen
1232 4456 1359 4549 caritas,

163 4570 250 4633 qnam
272 4573 349 4637 erga
372 4572 429 4620 vos
444 4554 555 4635 habeo,
579 4562 673 4636 urget
687 4574 746 4636 me,
772 4562 806 4621 nt
820 4556 932 4620 saltem
947 4556 1068 4636 aliquot
1082 4554 1214 4620 verbula
1232 4561 1356 4621 vestrae

163 4652 259 4722 dicam
278 4654 417 4722 caritati.
462 4654 555 4732 Ecce,
578 4656 741 4736 carissimi,
764 4656 890 4736 quidam
913 4656 1045 4736 angelus
1067 4655 1164 4737 qnasi
1188 4655 1281 4722 bodie
1302 4675 1358 4739 pa·
