2992 5258
327 390 368 444 st.
386 388 439 444 hia
457 402 530 443 cono
548 386 585 441 ad
601 387 657 442 bar·
676 385 743 441 orth-
761 386 802 440 98.
829 382 880 439 Lit
899 384 953 452 Sig.
971 383 1006 438 ad
1024 383 1081 438 bar.
1098 382 1166 439 orth.
1277 386 1339 449 619

148 587 400 675 pestiferorum
422 591 454 654 in
471 608 569 671 regno
584 588 754 655 Bohemiae
769 605 861 669 quam
884 588 916 652 in
938 586 1156 651 marchionatu
1177 583 1338 649 Moraviae

148 690 327 758 haeresium
351 696 383 756 et
405 709 548 757 errorum
570 689 848 770 dogmatisatnres‚
871 693 1056 765 sectatores,
1079 686 1281 752 defensorum
1302 703 1339 749 ac

148 792 308 858 fautorum
338 790 505 870 roborum,
533 790 598 872 jam
627 807 782 855 censurae
811 788 985 870 spiritualis
1016 805 1165 853 mucrone
1188 786 1338 852 citatione

149 893 310 974 personali
332 893 470 972 decreta
492 889 665 956 secundum
687 891 854 955 canonicas
869 888 1049 955 sanctiones
1071 888 1339 970 duximusproce-

149 993 288 1060 dendum
305 1001 339 1060 et
353 993 488 1059 ulterius
510 992 727 1074 procedemus,
749 999 845 1075 prout
867 1009 920 1055 res
936 998 1025 1057 tanta
1039 989 1182 1070 exegerit
1197 994 1230 1054 et
1243 989 1340 1053 suerit

150 1101 380 1179 opportunum;
408 1094 455 1160 sic
477 1094 560 1175 quod
594 1094 746 1159 ecclesiae
773 1092 962 1157 universalis
984 1091 1153 1158 confortati
1181 1088 1340 1172 praesidio

149 1197 182 1261 in
212 1196 261 1262 his
288 1203 323 1261 et
351 1213 459 1261 eornm
489 1195 675 1262 executione
702 1195 770 1260 vm
798 1193 901 1259 Nob¹⁰⁸
930 1210 965 1258 se
991 1192 1090 1258 velint
1117 1198 1150 1256 et
1171 1190 1342 1270 dignentur

151 1298 283 1376 hahere,
317 1297 402 1379 quod
433 1314 490 1361 vos
512 1295 654 1362 reddatis
675 1295 761 1362 inter
789 1302 986 1378 opportunos
1008 1293 1150 1374 ejusdem
1171 1290 1244 1357 fidei
1259 1290 1341 1356 zela·

151 1404 238 1465 tores
260 1399 293 1464 in
316 1397 434 1462 Christi
455 1397 568 1462 militia
589 1397 689 1477 magis
713 1403 746 1461 et
766 1397 866 1476 magis
887 1395 1054 1476 gratiosos
1077 1411 1133 1459 vos
1155 1391 1288 1474 proinde
1302 1392 1342 1456 ab

149 1498 221 1582 ipsa
245 1499 381 1565 ecclesia
403 1498 583 1563 earumdem
606 1498 805 1564 nobilitatum
828 1498 923 1578 digna
944 1497 1058 1562 merita
1077 1497 1111 1561 in
1134 1512 1189 1563 eos
1210 1493 1343 1561 aselicis

149 1600 322 1665 memoriae
347 1599 412 1663 suis
440 1598 738 1680 praedecessoribus
761 1598 963 1664 laudabiliter
990 1605 1169 1680 propagata
1188 1597 1261 1662 aitis
1276 1596 1342 1661 lau·

151 1700 224 1764 dum
241 1699 419 1782 praeconiis
435 1699 592 1777 attollere,
619 1705 653 1764 et
667 1699 694 1763 si
717 1699 940 1783 opportunitas
962 1717 997 1762 se
1013 1698 1174 1777 obtulerit,
1196 1698 1344 1778 congruis

150 1817 324 1882 repensare
352 1798 619 1864 retributionibus
644 1800 766 1880 jugiter
788 1799 1009 1881 astringamur.
1033 1799 1105 1863 Dat.
1129 1797 1343 1875 Constantine,

151 1899 195 1964 VI
217 1898 279 1965 kal.
302 1900 429 1981 Aprilis,
452 1898 495 1964 A⁰
517 1899 599 1964 XVI.

151 2552 449 2668 Sigismundus
475 2588 550 2641 rex
577 2557 839 2679 orthodoxos
871 2553 1103 2640 Bohemiae
1135 2569 1177 2639 et
1203 2554 1345 2641 Mora-

151 2692 247 2773 viae
272 2691 456 2776 barones
487 2692 694 2795 hortatur,
739 2704 786 2774 ut
812 2694 910 2799 paci
937 2693 1060 2802 regui
1087 2719 1344 2775 conservan-

536 2826 616 2910 dae
644 2855 819 2934 operam
847 2825 960 2910 dent.

534 3072 716 3139 Corrstantiae,
736 3075 808 3139 1416,
827 3076 861 3127 30
877 3072 958 3127 Mart.

498 3374 542 3433 (s
558 3373 619 3426 ors.
638 3373 734 3426 vienn.
753 3371 833 3434 asar,
847 3374 900 3442 soz.
919 3372 1002 3439 254.)

250 3691 303 3773 My
325 3691 477 3772 Sigmund
499 3711 514 3754 z
538 3692 629 3757 bodie
651 3694 769 3759 milosti
790 3681 922 3777 Rimshp'r
945 3694 1015 3759 krail
1037 3713 1077 3777 po
1100 3697 1163 3760 use
1178 3700 1253 3778 easy
1276 3716 1346 3761 ron-

149 3791 299 3857 mnoiitel
329 3793 394 3856 iise
424 3792 614 3875 aUherslry'
636 3810 674 3858 oc,
704 3794 774 3859 krail
804 3795 995 3876 wnkazujem
1026 3794 1200 3878 ueiebny'm
1221 3797 1347 3863 Kunra·

150 3891 225 3956 toni
247 3890 490 3973 arcibiskupowi
506 3893 706 3971 Pradskemu,
728 3895 850 3961 Janowi
873 3895 954 3961 bisk.
977 3895 1250 3977 Litornpblslre'mu
1273 3916 1345 3963 uro-

150 3991 265 4075 neny'm
295 3992 417 4058 Janowi
451 4014 467 4057 z
500 3994 709 4074 Micbalowic‚
743 3996 865 4061 Janowi
901 4017 918 4060 z
952 3996 1184 4062 Wartcnberha
1226 3998 1346 4081 otjinad

150 4111 168 4156 z
190 4092 318 4172 Ralska,
341 4093 457 4158 Ottowi
480 4114 496 4157 u
520 4094 672 4177 Bergowa
693 4096 829 4179 ajiny‘m
844 4097 958 4179 prindm
973 4099 1138 4180 rytieiiem
1167 4100 1344 4181 ipanosem

149 4212 166 4258 s
180 4194 278 4259 wasie
294 4201 412 4277 strany,
431 4196 568 4279 wernp'm
584 4198 654 4262 nim
670 4198 787 4280 mily‘m
803 4200 910 4264 milost
932 4199 1111 4263 kralowslrd
1126 4219 1146 4264 a
1160 4201 1223 4264 wie
1238 4200 1345 4265 dobrd.

250 4308 428 4392 Duostojni,
452 4314 582 4377 urnaeni
605 4315 702 4378 wdrni
724 4314 806 4380 mili!
841 4314 944 4380 Wiete
977 4316 1085 4396 dubie,
1108 4317 1222 4382 kterah
1245 4318 1346 4382 welmi

150 4408 231 4491 pied
260 4408 418 4491 hrdthp‘mi
449 4415 522 4492 easy
554 4418 586 4476 ta
615 4413 757 4479 uelebnd
787 4415 998 4496 adnostojnd
1019 4415 1139 4481 horona
1161 4403 1265 4482 Ceshd
1286 4437 1344 4498 pro

151 4509 262 4590 walby,
291 4509 377 4590 jedto
408 4510 528 4577 drahne
551 4514 626 4577 casu
650 4533 676 4576 w
698 4513 751 4578 nie
781 4516 899 4596 trivaly‚
923 4516 996 4597 byla
1018 4517 1113 4597 radia,
1135 4536 1153 4581 a
1175 4517 1289 4583 hterak
1312 4527 1346 4582 ta

146 4607 225 4691 iistd
246 4607 347 4676 ndika
373 4627 388 4675 s
411 4611 525 4678 weliki
546 4614 635 4697 praei
667 4614 782 4682 atahe
803 4619 841 4682 he
863 4618 898 4681 sc
918 4616 982 4698 pan
1004 4617 1089 4685 buob
1109 4617 1176 4685 sam
1198 4618 1264 4686 suri
1285 4619 1343 4685 mi·
