2992 5258
479 403 520 455 69.
538 402 671 469 Anonymi
689 401 786 458 literae
804 402 839 458 da
855 418 930 458 conc.
948 403 1040 459 const.
1292 407 1354 472 543

155 605 271 671 biensis
293 605 397 686 possit
417 606 686 687 appropinquare,
703 624 761 688 pro
784 625 862 689 pace
884 606 1011 671 unionis
1032 605 1186 672 ecelesiae
1209 623 1353 672 consum·

153 705 285 771 manda:
307 705 386 771 alias
409 705 561 771 timerent
582 706 824 773 dissolutionem
846 707 988 784 concilii,
1022 714 1156 788 propter
1177 708 1352 773 carentiam

154 806 346 886 victualium,
369 825 450 887 quae
466 806 574 887 potius
595 806 634 871 ad
657 814 777 872 turmas
799 807 833 872 in
854 807 973 888 campis
992 805 1137 886 jacentes
1158 806 1354 873 deduceren-

154 913 217 972 tur.
260 906 322 984 Qui
345 905 512 987 respondit
533 913 643 971 sancte
665 912 699 973 et
720 905 847 983 deifice,
871 907 954 988 quod
977 907 1037 971 hoc
1059 906 1128 972 fieri
1149 925 1212 972 non
1235 914 1353 988 posset,

154 1007 230 1089 quia
258 1006 323 1088 iam
356 1007 532 1088 principes,
567 1008 711 1078 comites,
749 1008 885 1073 barones
912 1014 945 1072 et
976 1007 1028 1072 alii
1062 1006 1154 1072 malti
1187 1008 1354 1073 occasione

154 1124 293 1190 guerrae
308 1107 393 1172 illius
409 1125 565 1190 expensas
588 1108 654 1188 Jam
668 1107 828 1188 fecerunt,
851 1115 885 1174 et
906 1107 1095 1189 praesertim
1111 1108 1173 1184 illi,
1196 1125 1276 1189 quos
1291 1108 1354 1173 dux

154 1207 245 1291 prius
275 1208 456 1274 molestavit
489 1214 522 1273 et
547 1208 693 1274 inbonis
723 1209 888 1289 spoliavit,
917 1226 996 1290 quos
1029 1225 1180 1273 revocare
1205 1209 1266 1274 sibi
1290 1227 1353 1274 non

154 1308 288 1375 liceret:
319 1307 376 1374 sed
399 1308 460 1374 hoc
484 1326 518 1372 se
554 1308 710 1374 facturum
734 1309 896 1388 submisit,
929 1307 1013 1390 quod
1041 1308 1068 1372 si
1091 1308 1129 1371 D.
1151 1309 1354 1390 apostolicus

155 1410 224 1475 ruit
255 1408 393 1490 aliquam
424 1409 631 1474 munitionem
654 1409 797 1490 episcopi
830 1408 1084 1474 Constantiensis
1117 1409 1167 1474 val
1189 1410 1349 1476 civitatem

154 1509 281 1591 imperii
304 1510 500 1587 subintrare,
535 1511 602 1576 vult
628 1510 747 1575 incolas
769 1516 826 1575 aut
848 1510 885 1574 D.
908 1509 1059 1591 Episcopi
1082 1509 1131 1574 vel
1153 1527 1212 1573 sua
1233 1510 1354 1590 obliga-

155 1609 243 1675 tione
259 1610 435 1687 absolvere,
458 1618 492 1675 et
513 1610 597 1692 quod
619 1610 803 1676 fidelitatem
819 1611 856 1675 D.
880 1610 1063 1692 apostolico
1086 1611 1352 1692 compromittant,

155 1710 380 1793 promittentes
402 1711 480 1776 alias
503 1713 692 1777 securitates
713 1711 881 1792 adbibere,
909 1729 988 1793 quas
1010 1711 1048 1774 Ι).
1073 1712 1274 1793 apostolicus
1297 1730 1354 1793 po·

154 1812 301 1890 stularet,
323 1812 491 1878 dummodo
507 1814 575 1895 ipse
592 1814 688 1878 etiarn
709 1831 822 1878 senon
840 1812 989 1878 recedere
1008 1811 1173 1891 obligaret,
1188 1830 1352 1893 quousque

155 1912 272 1977 iactum
295 1913 421 1978 unionis
443 1919 573 1978 sanctae
596 1914 776 1979 inchoatum
799 1912 861 1977 line
884 1913 991 1978 debito
1013 1911 1231 1990 clauderetur,
1255 1913 1303 1977 vel
1326 1913 1353 1977 si

154 2012 261 2095 potius
277 2013 374 2078 vellet
395 2032 466 2078 esse
488 2014 521 2078 in
536 2014 628 2078 bonis
643 2014 681 2078 D.
704 2013 802 2078 Ducis
815 2013 971 2092 Aristriae,
995 2021 1029 2077 et
1043 2012 1179 2091 eligeret
1192 2013 1353 2079 civitatem

155 2111 225 2192 ejus
258 2112 389 2178 ditionis
423 2132 642 2195 utrumcunque
664 2114 774 2189 vellet,
808 2114 892 2178 illam
922 2114 1082 2178 civitatem
1105 2133 1175 2177 curn
1197 2114 1251 2179 illo
1285 2120 1353 2179 toto

154 2212 307 2278 districta
344 2215 550 2280 circumcirca
572 2216 734 2280 civitatem
768 2232 830 2279 non
853 2215 921 2278 vult
942 2214 1120 2294 inquietare
1157 2222 1189 2278 ct
1212 2214 1352 2280 turbare.

154 2319 188 2378 ct
209 2313 306 2396 (vnit)
328 2313 514 2395 disponere,
549 2314 633 2396 quod
661 2334 770 2380 omnes
796 2314 986 2380 accedentes
1020 2315 1057 2378 b.
1081 2315 1298 2394 apostolicum
1319 2323 1352 2379 ct

155 2412 345 2479 recedentes
376 2416 471 2495 plena
494 2434 571 2497 pace
605 2415 673 2480 sine
696 2415 781 2480 omni
803 2414 950 2480 molestia
978 2414 1191 2496 perfruantur.
1236 2414 1352 2479 Datum

154 2520 191 2579 ut
215 2532 323 2595 supra.

655 2708 853 2716 -η

724 2892 785 2968 70.

151 3118 454 3232 Sigismundus
480 3149 555 3202 rex
580 3131 787 3202 retractat
817 3118 1048 3229 aboletque
1073 3149 1223 3203 ornnes
1255 3123 1350 3205 lite-

149 3284 222 3340 ras
256 3255 388 3358 „salvi
422 3253 702 3360 conductuS,“
735 3284 840 3364 quas
872 3266 1144 3338 concesserat
1165 3258 1236 3359 eia,
1279 3260 1351 3367 qui

347 3387 528 3472 aderant
547 3391 590 3471 in
613 3388 794 3473 coneilio
824 3385 1156 3472 Constanticnsi.

555 3636 739 3702 Constantine,
759 3638 833 3703 1415,
850 3638 867 3689 8
885 3639 950 3703 Apr.

230 3921 278 3983 (E
294 3920 355 3975 MS.
374 3921 513 3976 universio.
533 3918 624 3990 Prop.
643 3922 703 3984 III,
723 3923 759 3978 G.
777 3922 804 3984 8,
817 3922 869 3991 fol.
888 3920 955 3975 103⁶
981 3920 1118 3991 [mendose
1136 3922 1277 3993 scriptol.)

256 4225 476 4307 Sigisrnundus
507 4226 557 4291 dci
587 4225 691 4307 gratia
724 4226 933 4291 Rornanorum
965 4228 1352 4308 r·exseurpordng,n1stus

153 4347 193 4392 ac
216 4326 413 4406 iliturgamae,
440 4326 634 4404 Dalmatiae,
658 4326 804 4392 Croatiae
827 4344 862 4391 st,
888 4347 951 4392 rex.
977 4328 1141 4392 Universis
1164 4333 1197 4390 ct
1218 4328 1353 4407 siugulis

154 4429 238 4492 hanc
259 4432 390 4491 nostrae
412 4427 636 4492 declarationis
660 4427 806 4508 paginam
828 4427 1020 4508 inspecturis
1044 4436 1153 4508 proteat
1176 4426 1352 4503 evidenter,

152 4527 241 4609 quod
271 4544 329 4592 uos
351 4527 391 4592 ad
421 4528 500 4593 haec
521 4528 649 4593 favente
673 4527 779 4593 divina
806 4516 973 4593 clernentia
994 4529 1026 4592 in
1048 4529 1127 4593 solio
1151 4529 1266 4610 regalis
1288 4529 1350 4593 cla-

153 4627 262 4694 ritatis
295 4627 456 4707 collocati,
492 4628 713 4693 universorum
743 4627 1002 4694 Christicolarum
1024 4628 1142 4710 quieti,
1174 4630 1352 4695 voluntarie
