2992 5258
158 382 199 449 66
619 379 762 451 Epistolac
780 378 896 449 scriptae

160 593 202 638 tes
220 591 250 637 ut
267 598 328 637 eum
346 582 465 650 diligatis
482 597 516 635 ex
533 588 589 636 toto
607 582 688 637 corde
707 590 737 637 et
753 599 787 638 ex
804 588 862 637 tota
880 582 1019 636 voluntate
1031 587 1130 649 vestra,
1150 582 1300 651 proximum
1308 597 1357 637 au·

84 700 88 707 -
159 673 213 720 tem
231 674 349 720 vestium
367 673 398 720 ut
414 673 518 720 vosmet
534 666 607 735 ipsos
625 674 653 720 et
670 666 813 734 diligentes
831 682 891 720 eum
910 682 969 720 curn
987 681 1020 719 eo
1044 659 1182 719 laetemini
1207 665 1267 719 sine
1292 664 1355 719 iinc.

157 751 253 804 Amen.
278 751 347 805 Nam
366 750 408 804 bis
426 750 530 804 duobus
548 751 700 818 praeceptis
718 750 843 804 universa
860 750 904 803 lex
922 757 999 804 vetus
1016 765 1048 803 ac
1065 764 1134 803 nova
1151 747 1253 801 nititur.
1277 748 1355 803 State

157 834 185 886 in
202 833 246 887 via
263 841 291 888 et
308 834 409 901 audite,
427 841 458 888 ut
474 834 667 903 poenitentiam
685 835 797 902 probam
814 835 914 902 agatis3
948 834 1011 888 iude
1035 833 1106 888 enim
1124 833 1262 900 continget
1278 832 1355 887 vobis

158 931 270 983 regnum
280 916 406 971 coeleste.
424 916 496 970 Nam
512 916 679 984 poenitentia
688 931 752 969 vera
767 923 808 970 est
824 917 926 971 sanitas
943 916 1059 983 animae,
1084 915 1220 969 restitutio
1237 915 1353 980 virtutis,

133 1036 137 1043 -
158 1005 188 1053 ut
196 1000 469 1055 sanctusBernardus
479 1006 594 1054 testatur
604 999 710 1054 dicens:
729 999 768 1064 „0
779 1001 952 1069 poenitentia,
971 1001 1073 1055 sanitas
1082 1000 1197 1067 animae,
1215 999 1352 1054 restitutio

157 1083 271 1152 virtutis,
289 1084 429 1153 dissipatio
446 1090 626 1153 peccatorum,
645 1085 748 1138 eversio
765 1086 914 1154 gehennae,
943 1091 1020 1153 porta
1037 1084 1114 1152 coeli,
1141 1085 1184 1138 vin
1208 1084 1354 1152 iustorum,

157 1169 265 1223 satiatio
282 1168 447 1224 beatorum‘.
482 1168 651 1237 Operquam
669 1168 778 1223 beatum
795 1169 939 1238 hominem,
957 1169 1002 1237 qui
1020 1169 1212 1237 poeniteutiam
1230 1174 1352 1222 sancum

156 1259 229 1305 amat
247 1260 274 1307 et
291 1268 376 1321 osque
394 1252 429 1307 ad
447 1253 517 1307 vitae
535 1253 614 1307 finem
633 1255 734 1307 servat!
754 1253 830 1309 State
849 1254 875 1308 in
893 1254 937 1307 ria
954 1253 1007 1321 dei,
1025 1252 1125 1306 fratres
1139 1253 1202 1319 cari,
1221 1259 1352 1320 perpetuo
1374 1324 1378 1330 Ι

156 1334 327 1403 proficientes
344 1337 372 1391 in
389 1337 444 1390 vita
461 1342 563 1405 sancta,
581 1352 648 1391 neve
667 1337 779 1392 cessetis
796 1337 865 1391 bene
883 1352 978 1406 agere,
996 1351 1066 1399 nam,
1085 1336 1130 1390 ubi
1147 1342 1254 1404 tempus
1272 1335 1352 1389 adve-

156 1420 235 1487 nerit,
252 1420 347 1475 vivetis
363 1421 391 1474 in
408 1420 492 1475 coelis
510 1429 650 1489 perpetuo.
685 1424 781 1475 Amen.

159 1739 204 1835 C)
220 1734 418 1841 Epistolao
433 1736 605 1844 scriptae
619 1759 717 1821 anno
732 1740 820 1822 1414
834 1761 883 1821 ox
896 1736 1037 1821 itinere
1051 1737 1348 1820 constantiensi.
1367 1828 1375 1845 .

726 1991 788 2064 33.

538 2161 967 2248 Intimatio.

156 2344 304 2406 Dederat,
321 2341 388 2398 belle
399 2361 427 2395 se
444 2345 506 2396 sisti
518 2361 612 2396 coram
627 2346 836 2415 archiepiscopo
854 2355 879 2397 ct
897 2363 989 2399 coram
1009 2347 1126 2399 concilio
1139 2344 1345 2397 constantiensi

266 2435 305 2492 ut,
322 2429 347 2479 ei
363 2429 425 2494 quia
441 2428 563 2482 haeream
580 2431 694 2482 crimine
711 2447 740 2481 sc
757 2439 939 2483 acmcootarcav
955 2432 1001 2492 eit,
1019 2431 1044 2482 ei
1061 2429 1236 2497 respondeat.

564 2563 686 2631 (Progne,
707 2567 779 2631 1414,
797 2566 830 2618 26
848 2563 928 2631 Aug.)

288 2728 360 2797 ,Ista
377 2729 474 2784 cedula
491 2747 550 2784 cum
569 2730 630 2784 aliis
647 2731 698 2785 suit
715 2730 851 2800 applicata
869 2746 918 2797 per
931 2737 1014 2783 totam
1031 2730 1165 2784 civitatem
1184 2731 1347 2797 Progensem

321 2813 364 2867 die
382 2813 484 2868 XXVII
509 2816 607 2869 mensis
625 2817 739 2882 Augusti
761 2817 790 2869 in
814 2815 1004 2869 convocatione
1026 2814 1143 2867 omnium
1165 2814 1348 2882 praelatorum

320 2897 435 2951 civitatis
454 2905 481 2951 et
498 2898 630 2952 dioecesis
648 2897 815 2964 Propensis.“

253 3032 407 3113 Magister
421 3033 562 3099 ioannes
581 3031 620 3097 de
636 3032 805 3111 Husinecz,
829 3052 937 3098 sacrae
956 3032 1133 3112 theologiae
1150 3031 1346 3096 baccalarius

153 3131 315 3212 formatus,
339 3135 406 3198 vult
428 3151 613 3216 comparere
635 3152 740 3199 coram
756 3132 1019 3199 reverendissimo
1039 3138 1131 3214 patre
1148 3133 1183 3196 Ι).
1200 3131 1346 3197 Conrado

153 3232 392 3315 archiepiscopo
410 3233 571 3315 Prageusi,
594 3235 703 3316 Apost.
729 3232 819 3298 Sedis
833 3233 963 3314 Legata
983 3233 1016 3296 in
1031 3233 1256 3299 convocatione
1273 3249 1346 3314 pro·

153 3333 235 3398 xima
257 3334 394 3399 omniurn
410 3335 622 3416 praelatorum
645 3341 677 3400 et
699 3335 775 3399 cleri
797 3335 889 3415 regni
904 3334 1084 3414 Bobemioe,
1107 3338 1238 3415 paratus
1260 3350 1341 3397 sem-

153 3452 212 3515 per
232 3433 273 3499 nd
295 3434 544 3501 satisfactionem
568 3436 651 3501 omni
674 3436 818 3516 poscenti
841 3452 913 3501 eum
935 3434 975 3499 de
997 3452 1043 3514 ea,
1066 3452 1147 3516 quae
1169 3435 1202 3499 in
1223 3450 1262 3499 eo
1284 3437 1345 3512 est,

152 3532 215 3598 fide
236 3542 269 3599 et
290 3552 357 3617 spe,
389 3534 525 3600 reddere
548 3536 721 3616 rationem,
755 3541 788 3600 et
819 3536 859 3601 ad
889 3535 1056 3601 videndum
1090 3541 1123 3599 et
1154 3531 1345 3600 audiendum

151 3653 260 3701 ornnes
282 3640 315 3700 et
336 3637 493 3717 singulos,
525 3636 578 3717 qui
608 3636 726 3701 erroris
756 3637 962 3717 pertinaciam
984 3636 1034 3700 vel
1056 3634 1214 3701 baeresim
1236 3650 1345 3714 quom·

150 3754 283 3816 cumque
305 3736 365 3800 sibi
388 3735 546 3801 voluerint
568 3737 748 3818 imponere,
781 3741 815 3801 ut
845 3755 878 3802 se
908 3738 1084 3803 inscribant
1111 3734 1227 3801 ibidem
1252 3733 1346 3816 juxta

149 3937 245 4001 resim
273 3935 305 3999 in
327 3954 399 4001 eum
421 3937 563 4019 legitime
585 3937 799 4019 probaverint,
822 3938 862 4002 ad
884 3956 1017 4019 poenam
1041 3937 1177 4001 talionis.
1220 3933 1344 4012 Quibus

148 4036 293 4101 omnibns
316 4053 421 4101 eornm
443 4036 528 4103 dieto
552 4038 587 4101 Ι).
610 4038 860 4120 Arcbiepiseopo
883 4044 916 4103 et
942 4038 1102 4119 praelatis,
1138 4041 1171 4102 et
1192 4037 1288 4101 etiam
1311 4035 1344 4098 in

148 4136 310 4219 proximo?
321 4137 463 4218 generali
496 4138 629 4203 concilio
661 4138 913 4217 constantiensi,
947 4157 1017 4203 cum
1045 4137 1096 4202 dei
1129 4137 1246 4203 auxilio
1277 4136 1346 4201 vult

148 4237 357 4319 respondere,
387 4238 452 4319 Juri
486 4245 587 4316 sture,
621 4258 658 4304 ac
686 4240 778 4320 juxta
807 4245 988 4303 sanctorum
1003 4244 1135 4329 patrum
1158 4237 1289 4302 decreta
1310 4242 1344 4300 et

149 4355 286 4403 canones
307 4356 396 4403 suam
417 4339 629 4404 innocentiam
651 4341 683 4404 in
708 4339 827 4404 Christi
849 4339 974 4405 nomine
997 4339 1225 4404 demonstrare.
1269 4335 1341 4400 Dat.

148 4437 304 4503 dominico
328 4439 469 4520 proximo
491 4444 565 4520 post
585 4439 700 4505 festum
723 4457 748 4503 s.
770 4440 1012 4505 Bartholomaei.

246 4537 343 4590 EMS.
363 4539 550 4593 Mlucieaocic.
568 4540 597 4591 ia
607 4538 705 4592 Murco
723 4537 923 4607 Bobcnap.17.
936 4537 1000 4592 MS.
1026 4533 1217 4598 Vanaoott,
1235 4532 1343 4599 tottii.

246 4622 324 4676 sarr.
342 4625 372 4675 a
389 4623 482 4690 upra.
501 4624 579 4691 psai.
599 4622 637 4676 B.
656 4621 683 4674 2.
704 4621 776 4690 opp.
796 4621 869 4683 Has,
888 4622 913 4682 r,
931 4621 958 4674 ι).
977 4621 1074 4690 incar
1093 4622 1117 4683 1,
1138 4620 1196 4674 rra.
