2992 5258
170 408 231 471 212
406 401 599 459 Accusationes
616 400 653 457 bl.
671 402 697 456 J.
717 402 776 457 Hus
791 402 906 470 ejusque
923 414 1062 472 responso.
1096 402 1121 456 ll.

170 606 285 676 Christi,
307 604 477 665 nuauiiestus
492 607 547 664 deo
563 613 593 665 et
607 605 780 676 bominibus,
803 613 939 678 quantum
950 607 989 664 ad
1007 606 1147 678 iudicium
1163 604 1363 666 extrinsecum

168 706 313 766 sensuale.
355 707 387 765 Si
418 713 515 765 autem
546 707 626 765 vadit
656 708 721 766 istis
752 707 907 765 virtutibus
939 706 1105 775 contrarie,·
1138 723 1202 765 cum
1235 722 1295 765 nou
1326 706 1365 765 sit

166 807 275 867 Christi
297 807 517 865 communicatio
540 807 577 864 ad
598 806 694 865 Belial
716 804 765 886 (2⁸
787 806 854 865 Cor.
878 802 926 886 6),
960 814 990 865 et
1017 807 1146 879 quinon
1168 813 1215 864 est
1235 822 1357 874 meeum,

169 913 271 966 contra
293 923 339 964 me
361 912 417 976 est,
439 907 481 964 uit
503 905 853 980 Christusfflatth.12):
876 905 1020 979 quomodo
1043 912 1090 964 est
1109 921 1196 964 verus
1218 911 1249 964 et
1269 905 1362 963 mani·

165 1106 286 1166 obvians
314 1104 430 1166 Christo
457 1106 488 1162 in
517 1106 645 1165 moribus
674 1106 754 1164 etin
776 1106 855 1164 vita?
893 1102 948 1185 [Et
966 1105 1023 1164 hoc
1054 1103 1229 1176 intelligitur
1260 1102 1358 1177 quoad

163 1207 268 1265 merita
294 1212 324 1264 ot
349 1221 408 1263 non
431 1204 526 1277 quoad
548 1203 666 1282 officia]
710 1204 796 1265 Unde
819 1204 951 1265 Christus
973 1204 1101 1273 Petrum,
1127 1204 1194 1262 dum
1216 1203 1275 1263 sibi
1303 1201 1359 1263 luit

163 1307 194 1365 in
214 1305 363 1364 voluntate
384 1304 474 1363 verbe
496 1306 660 1364 contrarius
682 1302 801 1386 (Matth.
826 1304 877 1382 16)
898 1310 967 1376 post
987 1304 1211 1376 promissionem
1226 1303 1356 1363 dationis

163 1405 287 1464 clavium
314 1405 429 1463 vocavit
456 1403 593 1462 Seianam
619 1406 639 1463 i.
664 1409 692 1463 'e.
721 1407 934 1474 adversantem,
963 1404 1077 1462 dicens:
1114 1404 1196 1462 Vade
1219 1411 1290 1476 post
1310 1418 1355 1460 me

163 1505 279 1574 Seiana,
312 1504 482 1565 scandalum
503 1504 573 1561 mibi
595 1521 635 1571 es,
669 1507 815 1578 quianon
845 1506 924 1576 sapis
948 1521 991 1574 ea,
1025 1520 1099 1577 quae
1122 1503 1169 1563 dei
1191 1510 1270 1574 sunt,
1302 1501 1356 1561 sed

162 1605 317 1667 bominum.
351 1604 382 1663 Si
405 1620 475 1676 ergo
497 1603 611 1673 Petrus,
634 1600 743 1676 primus
767 1605 875 1664 Christi
896 1605 1022 1664 vicarius
1044 1604 1082 1661 ab
1103 1604 1169 1675 ipso
1190 1603 1305 1662 electus
1326 1606 1357 1661 et

162 1704 306 1764 ecclesiae
344 1705 512 1777 specialiter
539 1705 708 1782 deputatus,
739 1712 860 1764 vocatus
889 1711 935 1764 est
955 1723 973 1764 a
995 1704 1111 1764 Christo
1134 1702 1275 1772 Somnos,
1308 1701 1357 1775 qui

160 1811 258 1864 tamen
279 1821 316 1863 es
337 1804 442 1864 affectu
465 1804 630 1862 dilectionis
653 1804 844 1864 dissuadebat
864 1805 921 1864 sibi
945 1806 1047 1864 mortis
1070 1803 1167 1863 subire
1191 1802 1354 1875 supplicis:

161 1921 214 1963 eur
239 1905 325 1975 alius,
355 1905 384 1963 in
412 1904 473 1963 vita
507 1903 624 1963 Christo
657 1904 780 1976 amplius
810 1906 987 1974 contrarius,
1016 1919 1075 1962 nou
1106 1904 1256 1962 diceretur
1284 1917 1354 1961 rere

161 2004 285 2064 Satanas
308 2011 338 2063 et
358 2020 412 2076 peu
433 2019 617 2075 consequens
639 2003 834 2064 Antichristus
850 2006 897 2063 vel
912 2006 976 2077 ejus
996 2004 1130 2073 vicarius,
1151 2003 1200 2060 vel
1221 2002 1355 2061 minister

160 2105 337 2178 praecipuus
371 2103 566 2163 Antichristi?
598 2104 662 2162 Hoc
694 2105 821 2176 capitulo
842 2106 886 2163 IX
919 2106 949 2162 in
980 2103 1050 2161 lolio
1073 2101 1118 2161 3⁰.
1161 2103 1202 2161 Et
1221 2102 1264 2161 ibi
1286 2117 1355 2174 pro·

160 2203 246 2263 batur
262 2203 345 2262 dietis
360 2202 440 2260 beati
454 2202 605 2271 Bernardi,
627 2203 676 2276 qui
691 2203 773 2262 dicit:
797 2203 945 2276 „Ministri
960 2209 1028 2263 sunt
1042 2202 1152 2263 Christi
1172 2207 1204 2261 et
1224 2203 1355 2261 serviunt

158 2301 370 2376 Anticbrlsto“‚
398 2308 490 2360 etex
518 2302 604 2361 dictis
632 2303 711 2361 beati
735 2304 899 2378 Augustini,
927 2305 975 2377 qui
1007 2304 1094 2376 longe
1116 2304 1243 2373 deducit,
1276 2303 1354 2377 quod

159 2403 202 2462 sic
229 2403 260 2461 in
282 2402 372 2460 Petro
401 2402 507 2474 signati
536 2408 604 2462 sunt
631 2402 715 2474 boni,
747 2405 791 2464 sic
811 2404 842 2462 in
863 2403 941 2463 tuda
963 2404 1069 2477 signati
1097 2408 1166 2463 sunt
1193 2401 1277 2473 meli,
1304 2403 1353 2476 qni

160 2512 227 2562 suut
248 2502 311 2574 eius
334 2500 445 2561 vicarii.

255 2601 369 2660 Ibidem
390 2607 508 2660 sanctus
529 2600 701 2660 Ambrosius
723 2603 772 2663 22.
796 2620 843 2674 qu.
866 2603 981 2662 ultima:
1008 2603 1117 2661 Cavete
1139 2601 1248 2661 iratres
1270 2617 1351 2661 meu-

157 2702 284 2774 dacinm3
316 2701 498 2760 mendacium
534 2717 659 2774 namquo
691 2708 752 2771 est,
784 2719 817 2761 sc
844 2702 1035 2763 christianum
1063 2703 1163 2761 dicere
1196 2707 1226 2760 et
1258 2717 1351 2774 opera

157 2801 266 2861 Christi
280 2816 340 2859 non
359 2798 465 2859 lacere.
488 2801 674 2860 Mendacium
690 2809 742 2872 est,
765 2804 934 2876 episcopum
950 2803 1134 2862 sacerdotem
1148 2802 1196 2862 vel
1211 2802 1352 2863 clericum

157 2916 189 2960 se
211 2898 354 2974 profiteri,
376 2906 407 2959 et
428 2901 575 2959 contraria
595 2901 662 2960 huie
685 2896 780 2961 ordini
802 2905 929 2976 operari.

251 3001 325 3060 Item
354 3003 390 3057 2·
417 3018 442 3074 q.
471 3004 498 3060 7.
543 3001 651 3060 Omnes
681 3003 806 3075 praelati
838 3020 897 3062 non
926 3020 980 3075 pro
1012 3001 1155 3075 praelatis
1184 3000 1351 3072 habentur3

154 3116 261 3159 nomen
283 3100 359 3158 enim
380 3115 438 3158 nou
462 3099 531 3160 lacit
552 3100 723 3173 episcopum
745 3102 798 3162 sed
819 3100 885 3162 vita.
908 3103 982 3162 Item
1003 3102 1183 3175 Augustinus
1204 3103 1236 3161 in
1260 3117 1349 3175 quae·

155 3200 298 3259 stionibus
322 3199 433 3258 Orosii:
457 3200 536 3260 Sciat
557 3217 589 3259 se
611 3217 670 3260 non
685 3218 752 3262 esse
768 3203 945 3275 episcopum,
968 3202 1017 3275 qui
1033 3217 1172 3274 pracesse
1187 3201 1347 3272 desiderat,

154 3316 212 3359 non
234 3299 376 3372 prodesse
398 3316 433 3360 to.

250 3399 324 3457 Item
346 3399 540 3460 destinotione
564 3403 601 3461 4⁰
622 3403 676 3461 sub
703 3403 834 3463 rubrica:
863 3402 929 3462 Non
953 3409 1088 3461 estsere
1117 3400 1269 3471 sacerdos,
1301 3400 1351 3475 qui

152 3499 318 3556 nominatur
339 3500 490 3572 sacerdos,
521 3502 593 3561 dicit
621 3502 861 3576 chrysostomus:
891 3503 977 3561 blulti
1005 3503 1175 3561 sacerdotes
1203 3506 1236 3560 et
1264 3501 1351 3574 ponci

157 3598 338 3657 sacerdotes.
380 3599 426 3658 Ad
455 3601 533 3659 idem
556 3607 624 3661 sunt
652 3604 744 3663 sancti
759 3603 963 3677 Hieronymus,
987 3603 1155 3677 Gregorius,
1187 3601 1349 3675 Remigius,

154 3696 328 3770 Cyprianus.
992 3713 999 3725 ’

204 3820 207 3825 ·
252 3798 301 3855 22.
325 3797 431 3872 „Papo
451 3797 571 3861 totilla
591 3802 695 3870 bestie,
718 3804 754 3862 de
769 3820 829 3877 qao
843 3803 967 3863 babetur
980 3802 1014 3862 in
1031 3799 1210 3874 apocalypsi.
1233 3798 1353 3859 Datum

151 3895 261 3956 catilli
281 3897 387 3957 bellum
405 3901 505 3971 facere
525 3918 590 3960 cum
609 3903 749 3962 sauctis.“
772 3905 835 3963 Ista
851 3903 1015 3977 propositio
1030 3917 1088 3959 uon
1111 3905 1159 3960 est
1178 3900 1210 3959 in
1231 3900 1350 3960 libello.

251 3997 302 4059 23.
327 3997 420 4076 „Quis
438 4002 532 4070 potest
552 4003 631 4062 licite
645 4005 825 4076 praedicere
844 4007 947 4065 coratm
960 4002 1162 4062 inhibitionem
1169 4002 1347 4072 papalem!

151 4095 185 4155 Si
203 4097 414 4172 interrogative
436 4100 494 4159 ista
515 4103 680 4175 propositio
701 4105 826 4176 ponitur,
863 4120 937 4177 quae
958 4109 1058 4162 tanmn
1079 4117 1138 4160 non
1161 4099 1204 4160 sic
1225 4102 1350 4173 ponitur

150 4196 180 4256 iu
201 4196 310 4268 libello,
332 4205 436 4270 posset
456 4201 493 4259 ad
513 4217 577 4260 eam
592 4205 775 4276 responderi,
798 4205 875 4278 quod
889 4204 939 4263 ille
955 4208 1057 4276 posset
1071 4202 1151 4261 heito
1169 4201 1343 4273 praedicere

151 4302 253 4356 contra
272 4298 474 4357 inhibitionem
496 4301 638 4372 papalem,
661 4305 707 4362 cui
729 4304 801 4363 dous
823 4305 1009 4376 praeciperet
1029 4309 1132 4361 eontra
1151 4301 1236 4359 illam
1256 4317 1341 4374 prse-

150 4394 258 4455 dicare.
302 4396 350 4457 Sic
379 4398 456 4457 enim
481 4400 609 4472 apostoli
636 4403 842 4474 praedicarunt
869 4410 972 4462 contra
998 4401 1200 4460 inhibitionem
1228 4399 1341 4475 episeo-

150 4509 252 4567 porum
273 4495 304 4554 in
326 4497 499 4558 Jerusalem.
541 4499 582 4560 Et
602 4504 783 4574 praedicavit
804 4505 833 4565 S.
856 4504 985 4562 Hilarius
1013 4507 1115 4561 contra
1139 4499 1340 4561 inhibitionem

150 4608 253 4665 papae,
285 4592 334 4668 qui
356 4595 474 4658 favebat
494 4598 611 4662 haeresi
634 4604 817 4666 Asianorum.
860 4605 922 4661 lmo
952 4599 1102 4662 verilitate
1122 4615 1170 4668 est
1189 4608 1250 4668 ista
1271 4616 1337 4677 pro·
