2992 5258
181 210 243 275 380
432 204 638 261 Controuersiae
656 204 690 261 de
707 205 837 274 religione
855 205 882 261 in
901 205 1042 264 Bobenia:
1060 209 1136 263 1410.

184 410 264 477 rutis
285 428 344 493 per
365 426 401 476 se
424 416 457 475 et
479 428 548 476 curn
570 409 641 474 aliis
663 411 824 493 magistris
847 418 880 477 et
903 410 1088 478 doctoribus
1111 414 1189 481 satie
1211 431 1271 498 per
1284 416 1376 496 louge

183 519 327 595 tcmpora
350 511 552 590 examinatis,
576 512 668 577 nobis
690 512 811 578 referre
835 520 1042 593 curaverunt,
1065 522 1099 581 et
1119 533 1177 581 nos
1199 515 1260 598 ipsi
1284 517 1377 583 etiam

183 612 363 678 luculenter
384 631 423 679 ex
450 612 568 678 eisdem
591 612 777 684 invenimus,
801 612 981 693 praedictos
997 602 1096 681 libros
1116 614 1251 682 loannis
1267 614 1381 683 wicta

181 713 423 783 haeresiarchae
438 713 595 778 haeresim
613 713 811 778 manifestam
832 715 864 777 in
887 732 922 780 se
945 715 1118 807 continere,
1142 723 1175 782 et
1190 718 1378 799 praesertim

181 817 221 883 de
244 833 379 897 corpore
402 823 434 880 et
456 815 611 893 sanguine
634 813 752 879 domini
776 815 876 880 nostri
899 816 978 881 besu
1001 815 1129 883 Christi.
1152 817 1289 884 Nomina
1303 836 1378 884 uero

181 918 334 985 librorum
367 917 434 982 sive
463 922 672 994 tractatuum,
702 915 734 979 in
768 915 881 996 quibus
914 918 1040 982 articuli
1073 917 1200 985 erronei
1221 918 1379 985 haeresim
1443 961 1480 999 Δ

181 1019 248 1085 sive
277 1019 448 1084 scissuram
477 1018 509 1080 iu
539 1015 600 1080 fide
622 1016 777 1082 catholica
799 1017 976 1098 sapientes,
1012 1024 1087 1083 suut
1107 1019 1184 1083 iste:
1206 1016 1379 1101 Diatopru,
1415 1077 1483 1111 ἢ

185 1117 366 1203 litalopus,
388 1120 441 1182 De
455 1118 675 1180 incarnatione
700 1117 906 1190 verbidium,
930 1117 982 1179 De
1003 1137 1129 1198 corpore
1145 1115 1267 1182 Christi
1280 1120 1486 1202 major-⁸

183 1228 216 1286 et
237 1222 349 1301 minor,
374 1221 427 1283 De
449 1220 599 1295 trinitate,
623 1218 674 1280 De
695 1218 787 1290 ideis,
810 1219 863 1281 De
883 1218 1095 1300 hypotheticis,
1121 1219 1315 1301 Decolopua
1330 1220 1489 1295 DQ„

182 1322 412 1386 universalibus
425 1318 573 1399 realibus,
597 1320 648 1382 De
661 1319 818 1395 Simonis,
841 1322 895 1384 De
903 1320 1067 1402 fratribus
1081 1318 1220 1403 dyscolis
1232 1326 1261 1382 et
1275 1320 1372 1383 malis
1391 1349 1489 1411 q,

181 1424 234 1487 De
253 1425 492 1506 probationibus
502 1422 768 1504 propositionum,
791 1421 845 1484 De
858 1421 1031 1497 attributis,
1053 1421 1106 1484 De
1127 1421 1492 1498 individualibus-⁸23

182 1527 346 1607 temporis,
375 1527 428 1588 Dc
448 1525 586 1586 materia
607 1532 636 1585 et
652 1525 781 1605 sarna,
810 1525 863 1587 De
885 1521 1027 1584 dominio
1049 1519 1148 1600 cicili,
1170 1520 1274 1604 Super
1287 1545 1489 1598 evan-ss.

179 1625 263 1707 petia
285 1646 443 1688 sermones
475 1645 533 1708 per
566 1625 717 1690 circulum
747 1626 830 1690 anni.
854 1624 977 1690 Deinde
1000 1623 1201 1706 hujusmodi
1223 1626 1326 1707 libris
1348 1647 1488 1704 utar

183 1728 422 1810 praescribitur,
445 1746 503 1810 per
518 1746 576 1791 nos
599 1727 746 1792 etdictos
769 1726 938 1807 magistros
961 1732 995 1791 et
1017 1727 1165 1793 doctores
1181 1728 1484 1822 examinatizja

182 1828 411 1894 deliberatione
445 1827 552 1893 debita
586 1835 619 1892 et
651 1828 783 1892 corrsilio
816 1833 940 1892 maturo
973 1846 1042 1892 cum
1066 1827 1184 1893 eisdem
1208 1827 1378 1910 nagistri=
1395 1836 1483 1918 fi&

183 1929 376 2008 doctoribus,
400 1929 608 2009 suffraganeis
623 1930 752 2008 nostris,
776 1928 897 1994 decano
921 1935 953 1992 et
976 1929 1114 2009 capitulo
1137 1934 1269 1995 nostrae
1283 1928 1408 1997 eccl·
1424 1944 1482 2005 Aa

182 2030 248 2095 siae
272 2032 443 2112 Pragensis
465 2031 644 2096 antedictae
668 2035 700 2094 et
730 2029 881 2111 praetatis
915 2030 1041 2095 statiis
1065 2029 1265 2112 sapientibus
1290 2048 1378 2113 pra·
1387 2057 1479 2105 -ne

183 2132 301 2210 habito,
325 2151 382 2214 per
398 2152 445 2208 eu,
468 2150 548 2213 quae
570 2132 603 2196 iu
620 2130 713 2195 dictis
730 2130 820 2195 libris
843 2137 876 2195 et
892 2148 930 2193 ex
947 2129 1068 2195 eisdem
1089 2128 1180 2194 libris
1202 2130 1402 2197 iuverim·
1427 2158 1474 2204 *us

184 2240 217 2298 ct
239 2234 452 2313 cognovimus,
474 2231 514 2297 ad
531 2232 825 2299 condemnationem
840 2231 998 2298 dictorum
1019 2232 1173 2299 librorum
1196 2239 1231 2299 et
1252 2239 1350 2301 coum·
1364 2260 1473 2306 en·

182 2341 286 2398 torum
314 2333 347 2397 in
376 2332 494 2398 eisdem
518 2334 753 2398 sententialiter
775 2333 951 2414 procedere
974 2332 1175 2400 decrevimus
1198 2340 1232 2401 et
1254 2354 1469 2418 procas·

182 2434 293 2511 sirnus;
327 2452 419 2516 quam
453 2436 548 2499 etiam
581 2433 772 2499 sententiam
805 2435 836 2498 in
869 2434 997 2516 scriptis
1023 2434 1162 2515 tulimus,
1189 2434 1327 2518 legimus
1438 2450 1465 2509 et

182 2535 459 2617 pronnrlgauimus‚
481 2554 518 2600 ac
541 2553 599 2618 per
615 2529 803 2619 praesentes
825 2534 955 2601 ierimus
971 2541 1004 2599 et
1020 2536 1259 2618 promulgamus
1274 2534 1460 2617 huju-s-

181 2636 263 2702 modi
287 2635 346 2699 sub
373 2643 503 2701 tenore:

284 2838 401 2902 Christi
428 2839 548 2900 neruiue
569 2838 726 2911 inrrocnto,
759 2857 818 2917 pro
852 2837 1006 2899 tribunali
1037 2836 1194 2918 sedentes,
1229 2844 1258 2898 et
1279 2836 1440 2921 ips-acm

181 2939 283 3001 sultam
305 2939 396 3000 decena
416 2959 495 3019 prae
517 2937 614 2999 occulis
636 2939 797 3013 habentes,
833 2938 1021 3000 auctoritate
1042 2937 1225 3018 apostolica,
1246 2957 1433 3002 coms-tu·

180 3041 288 3102 nicato
316 3041 406 3101 nobis
436 3040 663 3119 mapistrorum
685 3039 720 3099 in
743 3038 895 3114 theolopia
910 3046 945 3100 'ct
968 3038 1105 3100 aliorum
1128 3039 1381 3102 dorniuoruun·
1405 3049 1429 3102 et

182 3142 357 3221 aspiratum
377 3141 647 3219 praescriptorum
669 3137 817 3214 cormilio,
846 3159 902 3219 per
924 3140 1005 3200 lcarrc
1026 3146 1172 3203 nostram
1194 3140 1419 3203 sententian

182 3241 381 3322 definitivam
393 3242 650 3321 praeeuntianaus,
663 3239 856 3301 decernimus
870 3246 897 3299 ct
914 3238 1113 3302 declaramus
1123 3242 1159 3302 in
1174 3241 1225 3303 his
1239 3242 1338 3323 scrip
1344 3239 1414 3302 iis:

178 3341 438 3422 praenominatos
470 3342 567 3404 libros
595 3349 624 3402 et
652 3347 808 3402 tractatur
832 3341 973 3403 Joannis
1003 3341 1117 3423 Wicles
1134 3339 1406 3419 haeresiarchae,

184 3441 321 3505 nictelicct
344 3439 532 3524 Dialopum,
559 3441 756 3522 Trialopum,
780 3442 833 3504 De
854 3443 1075 3504 incarnatione
1096 3442 1181 3505 uerbi
1203 3441 1314 3514 divini,
1356 3438 1402 3502 Jn

183 3563 310 3624 corpore
332 3541 451 3606 Christ-i
473 3545 624 3627 carajorum
645 3551 673 3604 et
695 3542 866 3615 ruinorem,
890 3543 941 3605 De
964 3543 1123 3616 trinitate,
1146 3543 1200 3607 De
1220 3541 1309 3621 ideis,
1348 3538 1395 3601 a

182 3645 399 3724 hypotheticis,
421 3643 631 3726 Decolopum,
655 3644 707 3706 De
728 3641 959 3706 crniuasalibus
980 3640 1128 3716 realibus,
1152 3644 1206 3707 De
1226 3638 1384 3717 sammaa

184 3744 235 3806 Dc
251 3743 414 3824 fratribus
436 3744 573 3826 dyscolis
595 3752 623 3805 et
646 3743 760 3822 rnalis,
786 3745 839 3806 De
855 3744 1096 3824 probationibus
1114 3743 1374 3825 propositionum,

183 3845 236 3907 Ila
256 3847 428 3925 attributis,
450 3847 504 3909 De
526 3845 778 3907 indiuiduatione
801 3845 959 3925 temporis,
982 3844 1035 3907 De
1055 3843 1193 3906 materia
1215 3850 1243 3907 et
1258 3843 1367 3927 serrat,

184 3945 236 4006 Ite
264 3945 404 4006 dominio
430 3946 525 4019 cirili,
548 3947 650 4027 Super
679 3944 840 4026 euarrpclia
862 3933 1017 4007 sermones
1035 3965 1094 4027 per
1115 3944 1267 4007 cineratum
1287 3940 1360 4012 aaut

183 4066 251 4106 cerm
266 4046 434 4126 manifeste
448 4047 482 4107 in
504 4068 535 4108 sc
557 4047 710 4108 diaeresim
725 4053 753 4107 et
774 4065 896 4107 errores
915 4046 1103 4122 contineant,
1126 4036 1357 4107 ammonitu

178 4146 251 4225 ,sors
272 4152 300 4205 et
318 4147 536 4226 praesentibus
561 4147 814 4218 condemnamus,
836 4152 908 4207 etcct
930 4144 1104 4227 ofidelinm
1126 4142 1225 4207 oculis
1244 4139 1356 4207 amutal

185 4245 318 4318 caleant,
342 4247 531 4308 decrescimus
551 4255 579 4309 ct
595 4247 791 4309 ‹leceraimua
812 4268 874 4309 esse
896 4245 1091 4319 cremandos,
1112 4253 1140 4306 et
1162 4246 1258 4327 ipsos,
1277 4259 1352 4325 pom·

185 4353 251 4406 turn
274 4348 307 4408 in
329 4349 418 4412 nobis
433 4355 486 4420 cst,
509 4369 529 4409 a
537 4346 683 4430 fidelium
700 4344 797 4410 occulis
814 4366 873 4428 per
895 4348 978 4429 ipris
999 4347 1181 4430 vorapincm
1203 4358 1351 4413 amm

185 4445 413 4511 sententialiter
438 4455 465 4510 et
488 4448 649 4533 desinit-iae
675 4450 709 4512 in
732 4449 782 4512 his
803 4448 940 4533 scriptis.
