2992 5258
151 420 213 486 25ss
358 413 483 501 cessae
501 413 679 468 urmenowrc
695 413 793 468 reram
811 412 845 468 oe
863 374 899 466 η]
915 413 941 467 a.
960 412 1019 467 nus
1036 427 1134 467 auu:

252 618 299 682 Eo
320 617 480 683 antemio
502 617 586 681 dicto
599 615 726 697 jacente
742 615 987 698 propugnaculo,
1015 615 1098 679 sicut
1120 614 1346 696 praemittitur,

152 718 340 801 compedito,
362 717 486 782 interea
506 716 630 781 nobiles
653 716 780 794 domini,
802 714 919 780 milites
941 733 978 779 ac
991 715 1144 781 militares
1155 715 1347 780 Bohemicae

151 828 186 886 et
212 817 381 883 Polonicae
412 815 566 893 nationiS,
600 820 667 878 tum
698 813 776 878 moti
806 811 952 877 veritatis
974 829 1081 876 amore
1103 830 1140 877 ac
1161 812 1293 876 honoris
1314 819 1349 877 et

150 921 251 985 lamae
284 916 439 999 praeclari
460 915 550 993 regni
573 913 757 992 Bolrcrniae,
791 930 848 993 pro
872 918 947 976 tunc
969 911 1009 975 ab
1030 911 1131 993 ipsius
1154 912 1289 976 aemulis
1313 917 1347 977 ct

151 1018 330 1084 bominibus
352 1014 430 1080 lovis
446 1013 637 1078 conditionis
659 1020 841 1077 exterorum
856 1011 943 1090 risui,
966 1012 1136 1093 proverbio
1152 1017 1186 1077 et
1199 1011 1347 1077 infamiae

152 1116 304 1201 expositi,
332 1120 368 1179 ut
389 1114 490 1194 ipsius
511 1113 603 1192 regni
623 1111 776 1191 heredes,
806 1110 1032 1177 restaurationi
1054 1129 1089 1175 ac
1111 1110 1348 1192 recuperationi

152 1237 281 1301 opernm
304 1215 380 1280 dare
402 1212 583 1294 cupientes,
617 1218 683 1276 tum
705 1210 840 1290 denique
863 1210 939 1274 dicti
961 1210 1003 1275 M.
1025 1211 1158 1276 loannis
1181 1208 1268 1290 Ηηη,
1296 1210 1347 1274 sui

151 1317 309 1400 quondam
342 1313 569 1397 praedicatoris
592 1318 625 1376 et
646 1311 849 1377 instructoris
871 1310 1051 1393 praecipui,
1079 1329 1138 1393 pro
1161 1317 1239 1377 ωηο
1261 1312 1349 1377 omni

150 1419 288 1484 humano
311 1415 414 1480 orbati
435 1413 595 1494 suffragio,
618 1411 825 1494 promotioni,
851 1417 885 1475 et
906 1417 942 1477 ut
962 1412 1081 1477 veritas
1102 1411 1267 1492 patentius
1280 1411 1350 1477 adi·

53 1528 57 1543 '
150 1524 218 1584 turn
238 1516 355 1581 habere
369 1507 491 1579 valeret
511 1513 544 1577 in
565 1511 734 1595 publicum,
758 1510 901 1575 volentes
916 1510 1030 1575 saltem
1044 1510 1225 1575 verbalibus
1240 1512 1345 1578 inter·

151 1616 349 1684 cessionibus
377 1613 428 1695 pie
451 1630 638 1677 succurrere
668 1629 738 1676 eum
760 1608 877 1675 affectu
900 1611 1103 1676 exhibitionis
1125 1611 1251 1692 operis,
1273 1612 1351 1678 dum

150 1719 200 1783 rei
232 1734 266 1781 se
299 1714 465 1781 exhiberet
496 1713 686 1785 necessitas,
720 1712 804 1776 bono
826 1712 895 1775 zelo
918 1717 952 1775 et
972 1711 1042 1792 pari
1064 1718 1138 1777 voto
1160 1713 1349 1793 concordes,

152 1817 296 1883 cedulam
328 1812 563 1895 infrascriptam
595 1813 657 1894 ipsi
691 1810 824 1876 concilio
858 1828 895 1876 ac
916 1811 994 1876 alias
1016 1812 1265 1894 subsequentes,
1299 1813 1352 1879 vel

151 1918 264 1983 saltem
295 1915 395 1997 ipsius
428 1912 553 1979 concilii
575 1911 737 1992 deputatis
760 1915 897 1992 quatuor
918 1911 1096 1991 nationum,
1121 1912 1187 1976 scil.
1212 1912 1349 1978 Germa·

149 2017 257 2096 nicae,
290 2016 500 2097 Anglicanae,
527 2011 708 2078 Gallicanae
731 2017 764 2076 et
785 2012 929 2092 Italicae,
961 2019 1144 2078 statuerunt
1165 2011 1350 2081 offerendas

151 2122 185 2182 et
215 2116 341 2199 publice
374 2113 545 2195 legendas3
578 2119 611 2177 et
642 2113 782 2194 ipsarum
814 2114 943 2179 lectioni
973 2113 1091 2179 domini
1111 2114 1347 2197 praenominati

150 2215 364 2298 personaliter
384 2213 552 2292 affuerunt,
575 2219 609 2277 et
629 2213 800 2294 praecipue
822 2212 862 2278 de
884 2213 1013 2279 natione
1034 2213 1206 2280 Bohemica
1227 2214 1347 2281 domini

150 2315 360 2396 infrascripti:
383 2313 420 2378 D.
443 2313 649 2378 Wenceslaus
672 2312 711 2378 de
726 2313 819 2379 Duba
839 2313 917 2378 alias
932 2313 973 2378 de
993 2315 1121 2394 Lestna,
1144 2315 1182 2379 D.
1198 2314 1345 2382 ioannes

151 2414 191 2479 dc
214 2415 334 2493 Cblum,
356 2414 394 2477 D.
417 2413 575 2479 chricus
596 2413 785 2496 Lacembolr,
808 2414 846 2478 D.
868 2415 971 2480 Puota
991 2414 1031 2478 de
1054 2415 1172 2496 Ilburg,
1196 2414 1236 2479 D.
1249 2414 1346 2480 ch·

150 2515 275 2580 ceslaus
297 2513 411 2596 Myilra
431 2513 472 2577 de
492 2512 633 2592 Hradek,
657 2513 694 2576 D.
717 2513 895 2578 Bobuslaus
910 2513 949 2578 de
972 2515 1104 2596 Dupow,
1130 2514 1172 2578 D.
1193 2514 1292 2581 Skala
1306 2514 1345 2580 de

150 2613 301 2693 Lilccz*)
334 2618 368 2677 et
399 2613 453 2678 alii
487 2612 606 2676 milites
639 2619 672 2676 et
703 2611 857 2677 militares
889 2613 922 2678 in
945 2612 1132 2679 Constantia
1154 2619 1231 2679 ωηο
1252 2634 1346 2697 praa·

150 2721 269 2779 sentes.
310 2713 359 2776 De
380 2711 510 2776 natione
534 2729 609 2776 vero
631 2711 781 2776 Polonica
802 2719 895 2778 erant
915 2713 985 2778 isti:
1008 2713 1046 2777 D.
1068 2714 1238 2778 Janussius
1259 2714 1347 2781 Kali-

152 2813 220 2895 sky,
243 2811 281 2877 D.
303 2812 471 2877 Zanissius
492 2811 600 2894 Niger,
624 2812 710 2890 regis
726 2813 1129 2895 Poloniaeambaxiatores,
1152 2814 1192 2878 D.
1215 2813 1345 2895 Boruta,

149 2911 188 2976 D.
211 2912 326 2991 Donin,
350 2913 387 2977 D.
410 2913 559 2991 Baliczlry
581 2914 690 2979 etalii
711 2913 815 2980 dictae
836 2915 975 2979 nationis
996 2914 1113 2981 milites
1134 2921 1169 2980 et
1189 2914 1346 2981 militares

149 3012 182 3077 in
206 3011 391 3078 Constantia
413 3020 489 3079 tunc
510 3013 695 3081 existentes.

249 3145 369 3211 Cedula
382 3147 480 3226 igitur
494 3147 596 3229 prima
618 3147 743 3213 concilii
762 3153 795 3212 et
806 3147 969 3213 nationum
984 3148 1150 3229 dictarum,
1165 3166 1226 3231 per
1240 3146 1344 3214 dictos

148 3245 292 3311 dominos
313 3247 370 3311 fer.
392 3246 533 3312 secunda
560 3247 611 3313 die
632 3247 725 3312 xm·
749 3250 867 3313 mensis
889 3248 966 3330 Maji
986 3249 1107 3336 oblata,
1141 3248 1289 3330 sequitur
1309 3248 1343 3315 io

150 3345 228 3410 haec
253 3346 365 3410 verba:

248 3449 498 3508 Reverendissimi
518 3456 617 3523 patres
641 3457 671 3510 et
690 3451 811 3511 domini!
834 3451 957 3511 Nobiles
980 3451 1090 3512 domini
1111 3452 1291 3512 Bohemicac
1314 3456 1344 3512 et

149 3545 307 3604 Polonicae
328 3549 478 3606 nationum
500 3549 546 3608 bic
568 3557 740 3623 praesentes
763 3567 861 3609 coram
884 3552 997 3611 Vestris
1021 3552 1253 3612 Paternitatr'bus
1275 3568 1344 3625 pro·

149 3652 263 3718 ponunt
283 3649 507 3723 praesentibus,
528 3650 653 3722 qualiter
675 3652 881 3710 serenissimus
909 3654 1048 3726 princeps
1071 3659 1101 3712 et
1130 3653 1280 3724 dominns,
1308 3651 1345 3711 D.

150 3743 353 3817 sigismundus
383 3748 580 3808 Romanorum
601 3768 654 3809 rex
676 3767 793 3824 semper
815 3755 963 3825 Augustus
986 3760 1018 3811 et
1035 3753 1204 3825 Hungariae
1225 3768 1264 3813 oc.
1284 3767 1345 3822 rex,

149 3844 225 3903 lama
246 3847 347 3906 audita
366 3848 402 3907 de
426 3850 609 3910 dissensione
625 3852 654 3910 in
676 3868 767 3925 regno
790 3853 955 3923 Bohemiae‚
979 3859 1009 3911 et
1029 3852 1123 3927 ipsius
1147 3852 1255 3912 honori
1269 3858 1341 3912 tam

150 3961 234 4018 quam
256 3945 343 4006 heres
366 3954 397 4007 ct
418 3950 550 4010 domiuus
582 3968 772 4011 successuros
794 3954 896 4011 volens
919 3968 1103 4022 succurrere,
1126 3953 1208 4014 misit
1227 3951 1343 4013 nobiles

150 4045 282 4106 dominos
304 4046 509 4109 Wenceslaum
532 4052 568 4110 do
590 4051 676 4111 Duba
698 4058 728 4110 et
748 4054 891 4112 loannem
913 4054 951 4112 de
967 4052 1070 4112 Chlum
1091 4051 1138 4112 hic
1160 4058 1343 4126 praesenter,

150 4154 181 4206 ut
201 4150 369 4223 magistrum
384 4152 529 4210 loannem
544 4153 607 4212 Hus
628 4152 767 4213 inducere
789 4154 882 4213 velint
903 4161 933 4212 et
953 4168 1141 4213 assecurrare
1156 4153 1240 4228 regio
1263 4152 1343 4212 salvo

150 4249 294 4308 conductu
311 4256 341 4308 et
362 4251 486 4321 nomine,
510 4259 651 4325 quatenus
674 4271 728 4327 pro
752 4253 939 4327 expurganda
958 4254 1042 4327 regni
1057 4253 1215 4312 Bohemiae
1239 4259 1271 4313 et
1290 4268 1343 4313 sus

149 4345 268 4406 infamia
289 4349 416 4426 sinistra,
439 4352 492 4410 sub
515 4353 596 4411 salvo
619 4354 763 4413 conductu
785 4355 880 4428 ipsius
897 4354 1006 4414 domini
1021 4355 1099 4429 regis
1115 4357 1146 4414 'et
1159 4346 1341 4428 protectione

151 4450 330 4508 sacrosancti
371 4451 486 4525 imperii
540 4460 675 4526 patenter
716 4455 775 4529 ipsi
818 4448 858 4512 M.
895 4455 957 4516 Hus
996 4455 1072 4516 datis
1115 4463 1146 4516 et
1195 4452 1341 4524 exbibltls,

148 4581 348 4595 -———-—.a

193 4628 215 4695 ')
233 4632 284 4682 MS.
302 4635 406 4684 Mludan.
424 4635 516 4685 Libocz.
