2992 5258
565 421 649 475 ludex
666 419 895 474 documentorum.

329 692 371 757 5)
401 691 575 747 (1555155555
592 687 752 744 concordiae
769 683 985 742 reconciliandae
1002 696 1020 738 5
1037 681 1191 738 5551551555
1208 679 1248 735 ia·
1323 653 1328 666 ⁸

428 775 537 830 55115115
554 772 723 839 theologicae
741 769 823 826 studii
841 768 986 837 Prsssensis
1004 767 1076 823 15155
1107 802 1247 818 .....
1277 763 1328 818 456

205 910 209 917 .
328 860 365 922 F)
393 858 469 914 Idem
487 858 626 913 bohemice
674 887 1248 910 ..................
1277 847 1328 901 455

330 942 371 1009 G)
398 942 571 1000 conditiones
590 939 749 997 concordiae
767 939 922 1008 propositae
940 952 957 992 5
973 937 1012 993 Μ.
1030 936 1056 991 1.
1075 934 1134 989 1155
1175 973 1179 984 .
1208 971 1215 985 .
1241 971 1247 982 .
1276 930 1326 985 451

332 1026 377 1095 H)
402 1027 549 1083 Consilium
566 1027 604 1083 Μ.
622 1023 756 1081 Jacobolli
776 1055 1249 1076 ...............
1278 1013 1329 1069 493

328 1113 362 1179 J)
401 1112 553 1180 Replicatio
571 1111 760 1178 magistrorum
777 1107 953 1177 Prageusium
972 1110 1065 1161 contra
1082 1102 1249 1158 conditiones

429 1195 588 1251 concordiae
606 1209 623 1249 5
640 1194 769 1249 1115511515
788 1191 940 1261 theologica
957 1189 1027 1245 latas
1041 1225 1247 1242 .......
1278 1185 1327 1239 495

330 1278 377 1347 K)
400 1279 513 1337 ioannis
531 1278 650 1348 episcopi
667 1276 881 1348 Lotomyslensis
893 1274 1028 1330 sententia
1040 1272 1073 1327 55
1091 1267 1249 1326 concordiae

430 1362 636 1432 conditionibus,
654 1378 671 1417 a
688 1361 726 1417 Μ.
744 1363 770 1417 J.
789 1361 848 1416 lius
865 1358 1019 1430 propositis,
1038 1356 1164 1426 episcopo
1182 1354 1249 1408 Con·

430 1446 497 1502 rado
515 1447 604 1503 missa
623 1449 656 1502 10
674 1446 746 1501 Febr
747 1476 1247 1499 ................
1278 1436 1326 1491 501

331 1531 373 1598 L)
399 1530 510 1585 Literac
527 1529 641 1586 loannis
664 1529 784 1599 episcopi
806 1526 1022 1597 Lutomysleusls
1046 1523 1169 1580 Conrado
1186 1521 1250 1577 Olo-

431 1613 551 1669 mncensl
580 1613 707 1685 episcopo
735 1612 868 1683 scriptae,
897 1628 957 1666 cum
985 1609 1147 1666 sententium
1174 1622 1250 1662 suum

431 1698 641 1766 suprascriptum
659 1698 684 1752 ei
702 1698 827 1752 mitteret.
847 1698 880 1750 10
896 1695 977 1750 Febr.
1009 1728 1248 1748 ........
1279 1689 1328 1742 505

148 1801 188 1853 55
208 1798 347 1861 hibertus,
359 1798 547 1855 Cracovienais
557 1798 710 1867 episcopus,
722 1796 887 1852 Wenceslao
896 1793 1071 1867 patriarchae
1080 1791 1250 1848 Antiocheno

265 1882 368 1978 scribit,
387 1883 520 1952 quomodo
536 1884 574 1938 M.
588 1882 770 1953 Hieronymus
782 1880 929 1951 Propensia
946 1880 974 1936 iu
992 1880 1068 1936 curia
1085 1875 1249 1948 555151515-

265 1983 327 2022 uiae
346 1982 376 2021 55
393 1967 517 2036 gesserit.
537 1970 611 2036 1413,
629 1970 717 2037 2Apr
718 2003 1014 2024 ..........
1032 1997 1037 2011 ·
1041 2000 1248 2017 .......
1279 1961 1329 2015 506

149 2068 189 2121 55.
209 2067 246 2121 Μ.
265 2067 422 2136 Stephanus
439 2069 474 2124 de
491 2069 573 2126 Pelet
596 2069 708 2139 collegis
733 2069 790 2124 suis
808 2068 837 2124 in
856 2066 997 2122 falcultate
1014 2064 1172 2134 theologico
1190 2061 1249 2117 uni·

268 2152 406 2207 versitatis
416 2153 563 2222 Progensie
576 2153 691 2222 nuntiat,
703 2153 812 2222 quaein
825 2152 960 2221 colloquio
973 2167 1033 2206 cum
1045 2155 1124 2219 parto
1137 2146 1251 2202 odrerea

268 2251 301 2290 ex
319 2236 447 2291 mundato
465 2239 539 2306 regia
557 2245 584 2292 ct
602 2239 733 2293 baronum
750 2237 876 2291 instituto
894 2242 956 2290 5515
972 2236 1033 2290 sint
1065 2235 1149 2289 1415.
1176 2273 1183 2287 .
1210 2271 1216 2284 .
1244 2271 1249 2283 .
1279 2231 1329 2282 bul

149 2341 190 2390 54.
210 2336 388 2395 wenceslaus
407 2356 456 2394 rex
473 2341 618 2408 magistros
637 2341 803 2399 stanislaum
821 2347 849 2395 et
865 2340 976 2394 Petrum
993 2337 1028 2393 de
1045 2336 1174 2405 Znoyms,
1192 2335 1251 2390 Ste-

242 2494 246 2500 .
266 2421 385 2490 phanum
395 2423 476 2479 Palec
489 2431 517 2480 et
527 2424 662 2482 loannem
671 2425 751 2482 Elias
763 2433 901 2494 umquam
913 2421 1113 2479 dissensionum
1123 2425 1249 2477 auctores

208 2554 211 2559 .
266 2506 425 2563 inexilium
442 2509 533 2565 mittis
563 2512 628 2567 1415
642 2540 1216 2565 ..................
1279 2502 1330 2556 515

150 2609 191 2663 55.
209 2607 482 2679 55515555155555.
495 2628 664 2682 conquerens
678 2613 713 2669 de
726 2612 834 2683 injuriis
852 2617 881 2668 et
892 2609 1045 2667 calumniis.
1063 2606 1163 2677 quihus
1175 2605 1251 2661 echo·

269 2694 342 2749 lares
359 2695 431 2751 univ.
443 2695 525 2765 Prag.
543 2699 780 2762 eVienneueibns,
797 2696 994 2766 inprimisald.
1008 2695 1133 2764 sybaris,
1150 2689 1252 2746 afficie-

266 2778 374 2847 bantur,
392 2781 515 2849 postulat
532 2782 755 2839 abuniversitate
768 2782 929 2849 Viennensi,
947 2796 981 2837 55
999 2781 1116 2849 amplius
1133 2776 1252 2847 iujuriae

267 2863 342 2920 fiant.
361 2865 434 2932 1413,
452 2866 539 2921 8151.
578 2908 716 2920 .....
747 2909 749 2913 .
778 2900 1250 2921 ...............
1280 2861 1330 2914 512

150 2965 191 3019 56.
210 2965 287 3034 Papa
297 2966 420 3023 Josuuee
438 2967 538 3032 xxnl.
556 2969 692 3025 desiderio
709 2968 873 3038 sigismundi
883 2968 1066 3023 Romanorum
1083 2965 1156 3033 regis
1173 2963 1253 3018 electi

267 3051 459 3119 statisfacieus,
478 3053 592 3110 duorum
610 3053 789 3109 cardinalium
809 3059 836 3109 et
853 3053 933 3108 unius
950 3052 1043 3106 militis
1061 3049 1173 3105 arbitrio
1191 3064 1250 3118 per·

266 3135 357 3202 mittit,
375 3144 406 3192 ut
418 3153 472 3193 una
485 3153 545 3192 cum
557 3137 721 3207 sigismundi
734 3138 846 3194 consilio
857 3137 947 3193 locum
959 3136 1104 3201 destinent,
1122 3150 1177 3204 quo
1189 3149 1251 3204 pro·

267 3221 369 3275 5151555
386 3222 530 3279 concilium
547 3223 676 3293 generale
693 3223 848 3279 habendum
865 3224 909 3279 sit.
931 3223 1005 3290 1415,
1023 3222 1055 3275 25
1072 3224 1141 3287 Aug.
1178 3260 1184 3272 .
1211 3259 1217 3272 .
1244 3259 1250 3270 .
1280 3219 1330 3272 515

150 3326 193 3378 57.
210 3323 425 3392 Documentum,
449 3340 503 3392 qno
521 3325 683 3381 tabelliones
700 3326 803 3396 publici
827 3324 981 3391 declsraut,
1005 3321 1163 3378 convenisse
1181 3319 1253 3374 inter

267 3423 358 3477 regem
376 3416 404 3463 et
421 3426 511 3478 pupae
528 3411 643 3480 legatos,
662 3419 692 3467 ut
709 3412 852 3469 concilium
868 3411 933 3466 inde
950 3425 967 3465 5
985 3409 1030 3463 515
1050 3413 1060 3463 1
1083 3407 1183 3462 mensis
1196 3405 1250 3461 No·

266 3495 665 3553 5555515141405551551155
682 3497 824 3553 habentur.
853 3499 925 3564 1415,
942 3497 974 3551 51
993 3493 1045 3550 051
1046 3528 1245 3549 .......
1279 3488 1329 3543 515

150 3597 191 3649 55.
209 3596 247 3651 Μ.
267 3596 391 3652 Andreas
410 3596 445 3653 de
462 3598 553 3653 55555
583 3599 670 3653 literis
695 3599 732 3653 Μ.
750 3597 866 3655 ioannis
884 3597 943 3653 1155
967 3599 1049 3661 (5555
1070 3594 1182 3663 ignotis)
1208 3607 1249 3645 55

301 3681 447 3751 spondens,
466 3683 566 3739 acriter
584 3685 611 3739 in
630 3699 690 3738 eum
708 3683 854 3738 invehitur.
878 3684 944 3736 1414
976 3717 1249 3735 .........
1279 3676 1329 3731 515

149 3784 190 3836 59.
207 3781 328 3837 loannes
338 3782 372 3837 de
382 3783 513 3853 (1555555,
526 3784 689 3840 Parisiensia
698 3785 884 3841 universitatis
894 3782 1083 3849 cancellarius,
1096 3777 1250 3836 Conrodum

267 3866 500 3938 archiepiscopum
518 3868 682 3938 Pragensem
704 3869 845 3937 hortetur,
872 3875 903 3924 51
926 3865 1061 3922 baeresim
1084 3867 1111 3919 in
1133 3863 1251 3919 dioecesi

266 3966 316 4005 sus
333 3950 513 4019 pullulantem
531 3953 685 4023 exstirpare
704 3952 812 4008 studeat
830 3958 921 4023 atque.
939 3951 962 4006 51
976 3965 1087 4005 necesse
1106 3948 1150 4017 sit,
1169 3946 1251 4002 etiam

268 4034 672 4103 ,555111555551551555551111ιι
691 4035 991 4104 515155.1414,27Μ51
1006 4070 1247 4086 ........
1278 4030 1327 4084 525

150 4137 184 4190 60
214 4136 355 4193 conradus
373 4137 594 4208 archiepiscopus
607 4138 751 4208 Prngeosis
768 4137 870 4193 155551
887 4137 921 4192 55
934 4136 1056 4192 (1555555
1074 4133 1251 4203 respondens,

266 4219 438 4278 adhaeresce
445 4221 638 4293 exstirpandas
647 4222 848 4292 paratissimum
856 4237 885 4277 se
893 4237 953 4275 esse
960 4220 1103 4288 profitetur
1109 4224 1250 4287 rogatque,

268 4309 297 4358 ut
314 4304 411 4360 nuntio
429 4320 478 4361 suo
495 4304 577 4361 Petro
595 4306 629 4361 55
641 4306 730 4375 Praga
746 4304 814 4361 fides
832 4305 974 4360 habeatur.
992 4305 1068 4371 1414,
1085 4306 1101 4356 2
1118 4305 1187 4370 Aug.
1208 4341 1215 4355 .
1242 4341 1248 4352 .
1279 4301 1328 4355 556

151 4406 190 4457 51.
209 4404 330 4461 1555555
353 4405 388 4461 55
406 4406 528 4462 (lemano
546 4407 671 4464 Conrado
694 4406 901 4476 archiepiscopo
918 4405 1049 4473 Pragensi
1074 4419 1124 4472 per
1140 4403 1249 4458 Petrum

268 4487 301 4561 de
320 4488 407 4561 Praga
424 4491 507 4545 mittit
524 4491 654 4547 articulos
672 4508 686 4547 e
705 4491 782 4546 libris
799 4490 913 4547 loannis
931 4489 990 4544 tius
1012 4487 1156 4548 collectos,
1179 4501 1248 4554 quos

267 4572 392 4730 aas&
421 4574 591 4644 theologicae
619 4574 758 4633 facultatis
780 4574 942 4631 Parisienais
973 4571 1142 4627 5515555551.
1177 4573 1249 4636 1114,
1277 4656 1328 4713 527
