2992 5258
148 411 211 473 528
391 404 596 460 Controversiae
615 402 649 458 de
667 402 798 472 religione
815 404 843 458 iu
862 402 1006 459 Bobemia:
1027 406 1099 460 1414.

121 678 124 683 ,
150 610 238 676 uales
260 611 394 675 Pisanus
416 616 449 674 et
471 608 646 688 Remensis,
674 608 765 673 multi
786 615 956 689 praeterea
978 609 1122 692 episcopi
1144 612 1179 674 et
1199 607 1351 674 doctores

151 711 330 776 examinare
339 710 562 775 'decreverunt
586 709 655 787 Qua
677 727 775 791 super
789 726 825 773 rc
847 708 1043 792 diligentiam
1061 709 1230 791 adhibebo,
1254 712 1353 791 prout

151 812 346 878 concesserit
367 811 561 876 illuminator
583 827 678 875 verns
700 809 853 875 mentium
876 810 963 877 dens
986 812 1022 877 ln
1045 830 1107 894 quo
1129 812 1212 877 bene
1235 809 1351 876 valete.

151 913 310 996 Scriptum
332 913 471 991 Parisiis,
499 917 540 977 24
561 904 769 994 Septembris.

250 1014 351 1079 Error
377 1014 463 1078 inter
488 1014 567 1078 alios
596 1012 885 1094 perniciosissimus
912 1013 1016 1095 quoad
1039 1032 1164 1079 omnem
1186 1011 1352 1079 civilitatis

152 1116 299 1199 politicae
338 1115 611 1179 conservationem
644 1121 677 1179 et
717 1116 872 1196 quietem,
907 1120 940 1180 et
972 1133 1064 1196 quem
1096 1113 1353 1195 dogmatizantes

151 1217 270 1281 habent
292 1215 380 1281 velut
411 1215 548 1281 radicem
577 1214 776 1296 pestiferam,
806 1216 872 1298 jam
894 1216 990 1282 variis
1013 1217 1247 1283 sententiarum
1263 1232 1352 1280 secu·

152 1318 240 1382 ribus
274 1337 333 1399 per
365 1334 504 1381 summos
527 1314 692 1398 pontifices
730 1321 764 1381 et
795 1315 923 1403 abunde
944 1317 1094 1397 recisam,
1128 1316 1354 1382 videturesse

152 1419 228 1483 mihi
250 1418 318 1484 ille:
342 1417 425 1499 quod
447 1417 625 1499 praescitus
647 1421 703 1481 aut
729 1417 830 1482 malus
852 1417 993 1483 existens
1015 1417 1049 1482 in
1069 1422 1201 1500 peccato
1224 1415 1354 1482 mortali

153 1519 270 1584 nnllam
300 1518 397 1583 habet
434 1517 681 1582 dominationem
719 1518 769 1583 vel
795 1517 1051 1599 jurisdictionem
1083 1517 1134 1583 vel
1155 1524 1355 1600 potestatem

154 1637 251 1701 snper
272 1619 351 1683 alios
373 1618 413 1683 dc
435 1619 552 1700 populo
576 1618 758 1683 christiano.
790 1618 926 1684 Videtur
947 1626 1054 1684 antem
1074 1619 1228 1701 parvitati
1253 1636 1354 1697 meae,

154 1720 239 1803 quod
271 1729 380 1784 contra
401 1720 485 1784 bunc
518 1737 660 1785 errorem
693 1737 868 1802 exsurgere
896 1720 1030 1785 deberet
1052 1720 1153 1785 omnis
1176 1718 1354 1785 dominatio

154 1827 219 1885 tarn
241 1820 417 1902 spiritualis
440 1839 532 1901 quam
554 1820 750 1901 temporalis,
773 1819 813 1884 ad
836 1821 1132 1886 exterminationem
1155 1821 1258 1902 magis
1280 1819 1354 1898 igne

155 1928 188 1986 et
209 1920 327 2003 gladio,
349 1938 442 2002 quam
464 1920 591 1985 curiosa
612 1920 865 1985 ratiocinatione.
887 1921 992 2002 Egent
1014 1921 1098 1985 enim
1120 1919 1239 1986 nedum
1259 1919 1351 1985 intel·

155 2022 253 2102 lectu,
288 2020 345 2085 sed
367 2039 463 2086 sensu
490 2021 522 2085 in
550 2021 733 2102 republica,
769 2021 822 2101 qui
851 2027 915 2085 tam
944 2022 1109 2102 arroganti
1142 2029 1176 2087 et
1197 2020 1354 2086 seditiosa

156 2126 335 2187 temeritate
367 2122 529 2203 desipiunt
551 2128 663 2187 contra
685 2121 764 2187 illud
797 2123 1006 2205 apostolicum
1029 2130 1062 2187 et
1082 2121 1353 2204 philosophicum:

156 2222 284 2288 obedite
316 2223 451 2288 dominis
484 2222 599 2288 vestris
633 2222 728 2288 etiam
755 2222 902 2304 dyscolis
946 2222 1018 2287 Non
1042 2223 1126 2287 enim
1148 2220 1303 2288 trudatur
1323 2221 1354 2285 in

156 2331 244 2388 terra
264 2324 434 2389 dominium
450 2323 612 2404 politicum
634 2323 667 2386 in
689 2323 783 2387 titulo
798 2322 1101 2404 praedestinationis
1127 2322 1179 2388 vel
1200 2320 1353 2399 caritatis,

157 2425 304 2506 quoniam
336 2423 581 2489 incertissimum
612 2428 698 2500 esset
731 2429 765 2488 et
797 2423 901 2503 labile,
924 2422 981 2487 sed
1003 2423 1130 2488 aliunde
1150 2422 1246 2503 juxta
1267 2422 1353 2502 leges

158 2523 388 2590 ecclesiasticas
405 2530 436 2587 et
459 2522 569 2586 civiles
585 2522 755 2588 stabilitur.
779 2522 905 2605 Placeat
927 2523 1064 2605 denique
1086 2523 1166 2588 haec
1187 2529 1223 2589 et
1243 2520 1354 2587 similia

159 2627 286 2706 signare
318 2624 463 2705 diligenti
497 2623 622 2688 fervore
656 2633 745 2687 scr¹¹¹⁰
767 2624 903 2706 principi
937 2623 974 2688 D.
998 2624 1187 2689 Wencoslao
1212 2623 1302 2689 Rom.
1323 2628 1353 2688 et

158 2727 237 2791 Boh.
259 2726 344 2805 regi,
374 2723 572 2790 ostendendo
594 2724 750 2807 pericula,
775 2743 856 2806 quae
880 2743 917 2789 ex
941 2723 1057 2790 talibus
1080 2724 1249 2806 permissis
1270 2739 1352 2789 erro·

159 2828 248 2892 ribus
269 2828 301 2891 in
325 2845 423 2908 regno
447 2845 504 2890 suo
528 2826 643 2890 nedum
671 2827 702 2891 in
724 2825 958 2908 spiritualibus
992 2825 1048 2890 sed
1070 2825 1104 2889 in
1126 2824 1352 2908 temporalibus

160 2928 369 2992 imminerent.

259 3029 384 3110 Scripta
405 3034 475 3093 orat
497 3045 648 3109 praesens
672 3026 774 3106 litera,
802 3027 876 3091 dum
891 3027 989 3092 subiit
1010 3027 1159 3108 animum,
1181 3026 1223 3092 ad
1234 3027 1350 3091 instan-

160 3130 236 3195 tiam
259 3130 342 3211 piam
359 3130 390 3192 P.
407 3128 446 3192 de
470 3130 581 3209 Praga,
605 3127 786 3193 festinantis
801 3127 841 3192 ad
864 3145 1053 3206 regressum,
1077 3133 1190 3192 notare
1207 3125 1351 3208 quosdam

160 3230 311 3295 articulos
334 3229 373 3294 de
407 3237 546 3295 tractatu
578 3229 663 3293 illius
695 3229 828 3294 loannis
850 3228 936 3309 Hus,
970 3248 1040 3293 cum
1062 3227 1227 3293 additione
1249 3244 1351 3310 repro·

162 3331 333 3411 babemus,
352 3331 444 3411 juxta
459 3330 542 3412 quod
558 3330 660 3412 prium
675 3331 754 3395 iacie
770 3330 957 3394 sentiebam.
983 3332 1128 3411 Propone
1153 3328 1349 3394 nihilominus

162 3431 308 3497 conferre
330 3450 428 3512 super
451 3431 509 3495 bac
531 3451 565 3495 re
590 3450 659 3495 cum
674 3430 834 3511 nragistris
857 3431 976 3495 uostris
998 3430 1038 3495 de
1060 3429 1244 3511 theologica
1263 3428 1349 3495 facul-

163 3538 239 3595 tate.
284 3531 377 3595 Volui
408 3538 513 3595 umen
535 3531 665 3596 mittere
692 3530 800 3608 vobis,
823 3531 922 3611 inagis
948 3531 1081 3596 daturus
1103 3531 1137 3595 in
1158 3529 1221 3596 hoc
1242 3527 1349 3597 occasi·

163 3649 255 3696 onem
276 3630 484 3710 deliberandi,
507 3650 599 3712 quam
614 3649 672 3712 pro
696 3630 757 3695 fixa
772 3630 1038 3696 determinatione
1061 3630 1157 3696 etiam
1179 3626 1347 3697 doctrinali

361 3750 502 3815 loannes
523 3750 562 3814 de
576 3749 729 3829 Gersono,
756 3749 963 3814 cancellarius
984 3748 1176 3814 Parisiensis
1199 3746 1345 3828 indignus,

446 3869 539 3916 manu
565 3849 703 3932 propria.
