2992 5258
149 396 210 459 206
384 390 581 445 decusationes
598 389 636 444 Μ.
653 390 680 445 J.
698 389 757 445 llus
774 390 886 460 ejusque
904 406 1042 461 responsa
1074 395 1101 449 9.

249 597 278 656 7.
302 594 563 669 ,Praedestinatae
575 584 635 654 aaa
654 597 752 667 potest
771 594 902 667 finaliter
922 596 1081 656 excidere.“
1104 598 1166 658 Iste
1179 598 1349 673 propositio

148 697 179 755 in
200 712 289 756 sensu
310 695 472 767 composito
493 710 564 753 vera
586 702 638 764 est,
662 694 714 753 sed
737 697 864 766 scriptor
885 697 1076 770 transposuit.

247 797 325 855 Ante
353 792 440 853 finem
467 793 587 866 capituli
616 795 697 853 tertii
723 794 765 854 sic
788 795 910 854 dicitur:
940 796 980 855 Et
1001 802 1082 868 patet
1102 796 1239 866 ulterius,
1267 797 1348 870 quod

150 895 258 969 duplex
285 902 331 955 est
351 895 463 970 gratia,
494 895 555 954 scil.
578 895 857 966 praedestinationis
879 896 955 954 vitae
984 904 1135 966 aeternae,
1167 912 1266 970 aque
1286 914 1347 957 non

148 1002 248 1070 potest
268 995 505 1068 praedestinatus
527 991 655 1053 finaliter
677 994 822 1058 excidere.
857 995 891 1054 In
906 1011 995 1054 sensu
1013 997 1175 1068 composito
1196 1013 1269 1056 rara
1290 1002 1346 1066 est,

151 1097 203 1157 aed
226 1097 353 1169 scriptor
373 1093 562 1166 transposuit,
585 1093 622 1152 de
644 1109 700 1165 qno
723 1109 782 1151 non
804 1101 850 1152 est
863 1095 915 1163 vis,
939 1095 1006 1153 dum
1020 1097 1078 1155 nisi
1092 1097 1135 1155 sic
1148 1096 1345 1170 intelligatnr3

150 1214 217 1257 nam
238 1197 282 1256 sic
304 1210 394 1266 saepe
416 1195 562 1266 scriptura
583 1192 712 1266 loquitur
733 1200 764 1252 et
785 1194 880 1253 saneti
903 1197 1101 1255 communiter.
1299 1238 1303 1245 .

252 1299 280 1355 8.
305 1295 484 1370 „Quamlibet
499 1294 754 1366 praedestinatum
775 1295 963 1353 criminosam
982 1297 1057 1368 plue
1077 1296 1185 1369 dama·
1199 1293 1345 1366 ΟΜΝ,

151 1414 240 1472 meam
261 1397 388 1470 aliquem
403 1396 593 1468 procamium,
615 1394 649 1453 ia
670 1411 850 1469 quaeautque
869 1397 969 1469 gratia
989 1396 1048 1455 eibi
1066 1396 1204 1468 possibili
1222 1397 1344 1469 sarira

152 1498 223 1570 Cap.
251 1493 288 1554 4⁰
311 1496 343 1554 in
374 1495 409 1553 3ο
435 1493 506 1553 lolio
536 1495 658 1553 dicitur:
691 1494 779 1553 Patet
807 1494 884 1567 quod
910 1496 1069 1568 quemlibet
1094 1497 1346 1568 praedestinatum

151 1597 338 1657 criminosum
368 1596 441 1655 deus
471 1594 537 1667 plns
566 1595 661 1667 diligit
685 1591 792 1673 [quoad
815 1591 931 1652 finalem
954 1592 1232 1676 perseverantiamJ,
1260 1612 1347 1670 quam

150 1698 275 1771 aliquem
297 1696 481 1769 praescitum,
503 1696 534 1754 in
556 1710 735 1768 quacumque
756 1695 852 1768 gratia
873 1692 962 1754 inerit
983 1696 1147 1769 temporali,
1169 1697 1238 1769 quia
1257 1712 1346 1768 prae-

151 1798 327 1857 destinatum
362 1798 424 1855 vult
457 1795 567 1854 habere
603 1802 776 1867 perpetuam
812 1795 1039 1865 beatitudinem,
1060 1795 1253 1868 ,praescitum
1286 1795 1348 1854 ruit

149 1897 260 1957 habere
281 1898 378 1970 ignem
399 1902 580 1969 perpetuum.
617 1895 698 1954 Haec
719 1894 770 1952 ibi.
803 1894 884 1953 Deus
906 1911 977 1968 ergo
998 1892 1111 1953 infinite
1134 1910 1171 1952 ex
1192 1901 1279 1967 parte
1302 1894 1347 1954 sui

150 1998 252 2058 ambos
274 1997 414 2071 diligens,
448 2002 479 2055 ut
500 2002 650 2054 creaturas
674 2011 749 2064 suas,
777 1995 842 2067 plus
864 1995 1114 2067 praedestinatum
1138 1995 1244 2068 diligit,
1279 1995 1348 2068 qnia

151 2099 292 2171 majorem
314 2097 436 2170 gratiam
460 2096 507 2154 vel
528 2097 622 2168 maius
644 2095 750 2154 donum
773 2095 802 2154 ei
824 2101 963 2166 praestat,
987 2094 1055 2167 quia
1076 2095 1164 2153 vitam
1185 2101 1346 2165 aeternam,

153 2214 228 2271 quae
243 2205 290 2257 est
306 2196 512 2270 praestantior,
525 2211 611 2268 quam
631 2194 695 2254 sola
709 2195 806 2268 gratia
820 2193 980 2255 secondum
994 2201 1178 2266 praesentem
1190 2194 1347 2268 justitiam.

251 2301 281 2359 9.
304 2295 542 2374 „Praedestinati
572 2294 679 2353 babent
708 2295 870 2354 radicalem
889 2296 1036 2369 gratiam,
1069 2312 1089 2352 a
1113 2312 1174 2369 qua
1192 2313 1257 2355 aare
1271 2311 1345 2367 paa-

150 2397 399 2458 comerciacum
444 2391 531 2468 Oap⁰
553 2390 588 2452 4⁰
614 2412 707 2468 prope
730 2393 826 2455 finem.
869 2395 1089 2454 Praedestinati
1110 2411 1188 2466 rero,
1216 2396 1290 2457 lieet
1308 2394 1348 2455 ad

150 2505 265 2572 tempus
286 2498 437 2570 prirentur
457 2495 565 2555 fluente
587 2496 694 2569 gratia,
729 2495 837 2554 habent
858 2502 956 2555 tamen
977 2494 1135 2554 radicalem
1156 2494 1298 2568 gratiam,
1328 2511 1349 2554 a

151 2616 209 2672 qua
239 2613 298 2657 non
330 2602 455 2669 possunt
493 2596 641 2656 excidere.
697 2596 779 2654 Haec
811 2595 976 2668 propositio
1010 2610 1080 2653 vera
1111 2601 1158 2654 est
1192 2595 1224 2655 in
1257 2611 1348 2656 sensu

153 2696 326 2770 composito.
360 2704 365 2712 '
1156 2750 1161 2757 .

253 2799 300 2855 10.
323 2790 411 2867 Cap.⁰
427 2794 453 2865 b,
475 2793 546 2853 lolio
571 2790 606 2852 4ο
621 2793 743 2853 dicitnr:
767 2795 831 2868 ,Er
853 2811 910 2868 quo
932 2801 1024 2869 patet,
1045 2795 1224 2869 quadrimis
1239 2809 1347 2869 magna

152 2895 230 2957 foret
249 2895 437 2970 praesumtio,
466 2910 637 2968 quemquam
659 2895 722 2954 sine
744 2894 925 2955 revelatione
955 2895 1002 2954 rel
1023 2893 1178 2955 formidine
1200 2910 1347 2971 asserere,

152 2996 230 3071 qnod
250 2997 315 3069 ipse
337 2995 376 3055 sit
396 2995 555 3053 membrum
569 2995 649 3055 illius
666 3002 783 3054 sanctae
800 2994 971 3054 universalis
994 2995 1157 3066 ecclesiae;
1176 3010 1244 3055 nam
1258 3008 1345 3055 neme

152 3096 210 3156 uisi
230 3096 467 3168 praedestinatus
488 3100 620 3167 tempore
643 3111 696 3154 sno
719 3095 782 3153 sine
804 3095 984 3154 macularet
1006 3095 1070 3154 sine
1092 3111 1167 3168 ruga
1188 3099 1235 3154 eat
1255 3110 1347 3154 men·

151 3197 234 3255 brom
254 3196 336 3256 illiue
357 3194 509 3254 ecclesiae.
542 3195 635 3254 Nemo
658 3195 723 3254 sine
745 3194 900 3254 formidine
923 3200 954 3254 et
974 3195 1038 3253 aine
1059 3194 1240 3254 revelatione
1263 3208 1346 3253 aare·

152 3303 239 3366 reret,
261 3296 338 3369 qnod
359 3296 425 3366 ipse
449 3296 488 3353 sit
509 3294 745 3366 praedestinatus
773 3311 807 3354 ac
829 3301 946 3353 sanctus
974 3295 1037 3353 sine
1059 3294 1173 3353 macula
1192 3293 1241 3352 rel
1260 3310 1347 3370 rugm

152 3413 224 3470 ergo
245 3390 394 3456 conclusio
416 3410 495 3453 vcra.
537 3395 600 3453 leta
621 3394 770 3454 conclusio
792 3402 875 3466 patet
896 3411 949 3467 per
970 3393 1044 3453 illud
1065 3394 1258 3453 Ecclesiastis
1280 3408 1346 3467 cap.

153 3495 201 3556 9⁰:
229 3497 323 3554 Nemo
346 3494 415 3563 scit,
443 3510 481 3553 an
502 3496 598 3566 gratia
618 3494 664 3553 vel
700 3495 767 3553 odio
790 3494 894 3568 dignus
917 3497 971 3566 sit;
1004 3501 1035 3554 et
1055 3510 1109 3567 per
1129 3493 1202 3553 illud
1224 3484 1372 3553 verbnm*

153 3595 263 3657 Christi
283 3595 381 3654 Lucae
407 3597 442 3653 17
452 3611 460 3655 :
489 3595 560 3654 Cum
583 3595 679 3654 omnia
700 3594 846 3665 feceritis,
879 3611 953 3668 quae
983 3600 1142 3666 praecepta
1162 3599 1233 3653 sunt
1253 3592 1347 3665 robis,

152 3696 254 3765 dicite,
273 3694 340 3768 quia
362 3695 438 3753 servi
460 3694 578 3753 inutiles
601 3712 708 3753 sarnus.
744 3695 783 3753 Et
803 3694 870 3754 hinc
892 3695 1043 3766 apostolus
1066 3694 1152 3755 dicit:
1173 3692 1255 3753 Nihil
1276 3693 1348 3753 nihi

152 3797 288 3855 conscius
311 3812 380 3864 sum,
402 3811 461 3852 non
483 3802 579 3853 tamen
601 3795 669 3853 inde
689 3793 866 3867 justificatus
889 3813 961 3853 sum.
989 3794 1116 3867 Sparare
1137 3799 1236 3853 tamen
1257 3792 1350 3853 debet

152 3897 276 3970 quilibet
290 3897 392 3964 viator,
415 3895 492 3968 quod
515 3895 553 3954 sit
567 3895 725 3954 membrum
749 3904 866 3953 sanctae
889 3895 990 3954 matris
1012 3894 1157 3954 eeclesiae
1171 3892 1346 3953 catholicae.

255 4000 303 4055 ll.
327 3994 445 4069 ,badae
465 4013 624 4069 numqaum
643 3997 704 4068 fait
724 4013 811 4053 ocrem
833 3992 944 4055 malari
965 3996 1147 4068 diacrpalaa“
1171 3993 1347 4070 [seeundum

152 4095 266 4156 finalem
289 4092 561 4175 perseverantiam}
610 4093 698 4168 Capi
721 4096 756 4153 5⁰
778 4097 807 4153 in
831 4092 866 4152 4⁰
892 4094 963 4155 lolio
994 4096 1115 4157 dicitur:
1147 4094 1242 4155 ludas
1263 4109 1348 4153 num·

152 4215 237 4271 quam
259 4195 313 4256 init
333 4212 420 4254 varus
443 4195 550 4255 Christi
572 4197 741 4268 discipulus.
779 4196 841 4254 Ista
862 4196 1025 4268 propositio
1048 4201 1131 4267 patet
1150 4210 1205 4267 per
1226 4193 1353 4255 beatu

152 4297 344 4370 Augustinum
367 4295 403 4355 de
426 4296 535 4368 poenit.
558 4296 685 4355 distinct
708 4299 737 4372 4,
760 4296 810 4355 nbi
832 4296 917 4356 dicit:
955 4295 1075 4356 Sciebat
1095 4295 1171 4354 enim
1193 4293 1231 4352 ab
1253 4293 1350 4363 initio,

153 4398 201 4470 qui
215 4404 299 4456 erant
313 4398 475 4466 credentes,
498 4397 590 4469 etqui
606 4403 686 4455 esset
706 4397 866 4454 traditurus
888 4412 952 4454 curn
975 4401 1006 4454 et
1027 4394 1159 4454 dicebat:
1181 4393 1347 4466 Propterea

153 4498 213 4556 dixi
234 4497 325 4567 vobis,
347 4498 416 4570 qnia
436 4513 521 4556 nemo
543 4497 623 4555 venit
643 4497 681 4554 ad
702 4512 754 4566 me,
777 4496 835 4554 nisi
850 4494 939 4556 tuerit
960 4496 988 4553 ci
1011 4495 1108 4554 datum
1131 4510 1149 4552 a
1170 4500 1258 4566 patre
1271 4510 1346 4555 mea.

153 4599 199 4657 Ex
221 4599 275 4656 hoc
296 4597 377 4656 multi
399 4597 607 4670 discipulorum
623 4597 758 4655 abierunt
779 4601 867 4666 retro,
890 4599 997 4671 etjam
1020 4612 1084 4654 curn
1106 4610 1142 4653 co
1164 4610 1224 4655 uon
1246 4594 1343 4664 ambu-
