2992 5258
103 437 107 458 .
150 412 214 479 356
407 406 611 466 Controversiae
629 404 663 465 sle
680 407 811 478 religione
828 408 856 464 in
873 405 1016 466 Bohemia:
1036 410 1110 467 troo.

152 618 305 677 tributum:
342 613 463 695 (Mattb.
488 611 664 696 11et22).
708 614 793 676 Unde
827 616 972 676 debentur
999 615 1119 690 regibus
1149 614 1295 690 subiectio
1322 619 1355 674 et

153 717 257 778 tributi
286 716 408 776 solutio:
437 717 495 790 (XI
524 723 636 791 quaest
662 720 691 774 1:
719 714 751 775 Si
779 716 919 776 tributum
940 732 995 789 per
1015 716 1210 788 Ambrosium,
1232 721 1264 776 et
1285 731 1351 788 cap.

152 817 299 892 Magnum,
324 824 436 891 quaest.
460 818 495 874 3:
517 816 548 876 si
561 817 704 877 ‘dominus
727 832 781 890 per
801 816 1024 894 Hieronymum
1054 823 1084 876 et
1105 816 1193 890 capit.
1215 816 1353 890 sequenti

85 976 89 981 .
154 920 202 989 25,
225 924 340 991 quaest.
364 919 398 976 8:
420 917 572 977 Tributum
594 913 646 998 aa)

255 1042 369 1119 Quarto
398 1048 488 1117 patet,
523 1043 602 1118 quod
634 1044 802 1118 regnicolae
834 1045 919 1118 regni
939 1043 1106 1114 Bohemiae,
1137 1044 1201 1104 veri
1220 1040 1356 1113 Bohcmi,

157 1160 193 1204 ex
226 1145 385 1205 donatione
419 1145 498 1218 regis
531 1150 656 1217 possunt
687 1144 830 1217 accipere,
862 1144 972 1204 habere
1006 1149 1036 1203 et
1067 1151 1169 1204 tenere
1203 1143 1353 1217 speciales

153 1247 384 1320 praerogativas,
413 1250 472 1304 tam
499 1244 568 1305 laici
597 1261 682 1319 quam
711 1245 825 1316 clerici,
854 1246 885 1305 in
918 1245 1051 1305 consiliis
1091 1251 1122 1305 et
1152 1244 1355 1318 regiminibus,

153 1346 227 1405 locis
255 1346 358 1421 primis
387 1352 417 1405 et
441 1345 712 1420 gubernationibus,
739 1347 777 1405 od
804 1353 989 1420 angmentum
1021 1355 1051 1406 et
1082 1344 1224 1405 honorem
1257 1346 1355 1417 ipsius

153 1447 233 1520 regis
255 1452 286 1506 et
307 1462 379 1507 suae
401 1446 540 1520 regaliaa.
583 1446 672 1506 Patet
692 1447 761 1508 hoc:
782 1464 849 1507 narn
871 1464 924 1507 rex
946 1453 1046 1520 potest
1063 1449 1143 1521 iuste
1164 1447 1235 1507 dare
1251 1446 1353 1521 regni-

154 1547 229 1607 colis
252 1548 313 1606 suis
343 1548 512 1621 praecipuis
542 1547 764 1622 praerogativas
786 1549 967 1623 thusmodi3
988 1548 1078 1622 igitur
1099 1547 1249 1609 conclusio
1271 1563 1354 1610 vera.

260 1672 366 1748 Quinto
399 1691 435 1733 ex
467 1674 513 1733 bis
547 1680 636 1748 patet,
671 1675 749 1748 quod
780 1691 834 1733 rex
863 1675 1057 1737 wenceslaus
1086 1677 1166 1749 iuste
1201 1675 1354 1735 nationem

154 1773 342 1835 Bohcmicam
374 1776 579 1850 magistrorum
612 1782 642 1835 et
674 1774 850 1835 scholarium
879 1778 910 1835 in
938 1776 1129 1836 universitate
1166 1775 1257 1835 studii
1279 1775 1355 1834 Pra-

155 1877 255 1948 geusis
285 1875 426 1948 praetulit
451 1875 618 1935 nationibus
645 1876 754 1935 exteris
780 1876 810 1935 iu
840 1876 980 1949 consiliis,
1000 1877 1128 1950 judiciis,
1160 1875 1355 1945 examinibus,

156 1974 349 2037 electionibus
379 1984 409 2035 et
436 1975 663 2050 quibuscumque
693 1976 759 2036 aliis
781 1977 895 2037 actibus
917 1984 948 2037 et
969 1976 1212 2051 dispositionibus
1236 1978 1352 2035 univer·

155 2076 250 2136 sitatis
266 2075 443 2148 praedictae,
465 2082 554 2157 prout
574 2075 633 2135 Sua
655 2077 819 2137 Clementia
839 2078 869 2136 in
892 2078 953 2137 suis
975 2076 1070 2137 literis
1093 2076 1306 2150 benignissime
1322 2083 1354 2136 et

151 2177 231 2251 juste
253 2176 391 2236 exhibitis
413 2175 530 2249 plenius
552 2175 716 2238 confitetur.
1253 2194 1256 2201 ’

253 2300 339 2363 Sem
362 2303 558 2378 consequitur,
581 2303 659 2375 qnod
681 2304 816 2362 nationes
839 2310 967 2373 exterae,
996 2303 1057 2362 sive
1080 2304 1161 2363 natio
1183 2303 1356 2401 Teutonip,

155 2401 265 2463 debent
293 2401 340 2462 vel
368 2402 459 2462 debet
484 2402 514 2461 in
542 2403 678 2462 mandato
707 2419 797 2475 snper
818 2402 977 2462 donatione
998 2405 1085 2464 trium
1106 2420 1217 2477 vocum,
1239 2405 1355 2466 nationi

47 2534 50 2541 ·
152 2502 329 2564 Bohemicae
353 2502 467 2573 donata,
490 2503 549 2575 ipsi
571 2502 607 2561 D.
631 2502 707 2576 Regi
721 2503 869 2563 humiliter
884 2503 1015 2576 obedire,
1037 2521 1074 2564 ne
1089 2504 1354 2578 reprehensionem

154 2621 217 2664 cum
253 2611 449 2664 murmurante
485 2601 628 2674 sentiant,
671 2605 717 2663 cui
759 2604 869 2665 dictum
905 2611 952 2664 est
986 2622 1040 2678 per
1074 2611 1187 2680 patrem
1223 2604 1353 2668 familias

154 2700 273 2785 (Matth.
301 2701 372 2785 20):
395 2705 503 2775 Amice,
526 2721 586 2763 non
608 2704 684 2765 lacio
706 2705 761 2765 tibi
782 2704 926 2778 injuriam,
959 2706 1030 2765 tolle
1053 2706 1130 2780 quod
1151 2712 1232 2767 tuum
1253 2715 1302 2769 est
1323 2715 1355 2768 et

152 2805 235 2866 vade.
279 2807 406 2865 Annon
429 2805 501 2865 licet
521 2805 590 2864 mihi
612 2804 719 2875 lacere,
742 2805 819 2877 quod
842 2806 929 2867 volo?
951 2822 988 2865 an
1011 2807 1112 2868 oculos
1134 2813 1200 2868 tuus
1225 2824 1351 2882 nequam

155 2912 208 2976 cst,
231 2907 299 2979 quia
321 2921 377 2981 ego
401 2905 496 2965 bonus
518 2903 605 2966 snm?

251 3029 380 3105 Septimo
402 3030 534 3103 babetur,
558 3029 635 3104 qnod
657 3031 737 3090 natio
758 3030 917 3090 Boherniea
938 3032 1028 3093 debet
1048 3049 1115 3094 esse
1137 3034 1246 3094 rectrix
1263 3051 1351 3108 prae·

154 3131 241 3207 cipna
270 3135 420 3193 nationum
450 3133 572 3192 aliarum
597 3132 628 3190 in
662 3131 853 3193 universitate
875 3132 1026 3206 Prageusi.
1069 3133 1156 3193 Patet
1177 3134 1233 3195 boc
1256 3136 1351 3208 primo

153 3250 172 3291 n
205 3234 294 3293 simili
334 3250 370 3292 ex
408 3233 474 3308 lege
516 3232 622 3293 diviua.
665 3232 740 3291 Nam
772 3232 913 3291 Dominus
957 3232 1177 3307 (Deuteronom.
1211 3236 1264 3310 28)
1298 3253 1352 3297 suo

155 3334 290 3407 (populo)
313 3333 458 3406 promittit
479 3333 596 3392 dicens:
623 3331 672 3411 ,si
695 3322 824 3392 audieris
847 3334 983 3393 mandata
1005 3334 1113 3394 domiui
1135 3334 1184 3394 dei
1198 3335 1252 3410 tui,
1276 3352 1351 3410 quae

156 3449 212 3509 ego
234 3434 386 3507 praecipio
413 3434 467 3493 tibi
489 3433 578 3492 bodie
600 3448 644 3503 aa,
667 3433 826 3493 constituet
846 3439 876 3493 te
899 3433 1033 3494 dominns
1049 3434 1120 3496 dens
1135 3441 1202 3496 tuus
1217 3435 1248 3495 in
1264 3444 1353 3511 caput

153 3542 183 3594 et
203 3549 262 3592 non
284 3534 315 3592 in
337 3534 470 3610 caudam,
493 3541 523 3594 et
545 3533 604 3593 eris
628 3549 745 3606 semper
767 3550 856 3606 snpra
877 3540 908 3594 et
928 3550 986 3593 non
1009 3534 1139 3596 subter.“
1173 3535 1214 3595 Et
1227 3536 1353 3601 iterum:

155 3634 277 3717 „Faciet
300 3641 329 3693 te
345 3634 418 3693 dens
435 3636 628 3695 excelsiorem
644 3635 756 3694 cuncus
771 3634 915 3710 gentibus,
937 3651 1012 3708 quae
1026 3642 1181 3696 versantur
1194 3637 1225 3696 in
1240 3640 1350 3699 terra*

153 3733 185 3793 Si
207 3750 278 3808 ergo
295 3733 368 3794 deus
392 3751 473 3793 sunm
496 3735 635 3808 populum
658 3734 846 3794 obedientem
866 3734 897 3794 in
918 3741 1007 3808 caput
1026 3737 1133 3810 posuit,
1156 3737 1353 3801 excelsiorem

153 3835 265 3894 cunetis
295 3836 433 3908 gentibus
465 3834 541 3907 lecit,
569 3853 640 3909 ergo
671 3853 689 3894 a
717 3836 803 3895 simili
829 3852 882 3896 rex
903 3836 1061 3897 Bohcmiae
1083 3838 1233 3899 nationem
1255 3839 1352 3900 Bobe-

152 3935 265 4011 micam,
289 3943 428 4011 quaeest
449 3938 575 4012 populns
598 3955 668 3997 suus
691 3936 841 4008 obediens,
862 3944 969 4011 potest,
989 3939 1047 3997 imo
1069 3939 1159 4000 debet
1180 3955 1295 4013 ponere
1316 3940 1346 4001 in

153 4044 241 4110 caput
267 4043 298 4097 et
324 4054 383 4097 non
412 4039 443 4097 in
470 4038 606 4109 caudam,
634 4046 666 4098 ut
695 4046 776 4099 esset
806 4056 894 4112 snpra
926 4055 1044 4112 semper
1075 4047 1105 4101 et
1136 4057 1195 4100 non
1229 4041 1350 4114 subter;

154 4139 294 4213 seqnitur,
328 4140 405 4213 quod
440 4140 519 4200 natio
542 4140 702 4199 Bohemica
728 4141 793 4215 regi
821 4140 963 4202 obediens
990 4141 1080 4202 debet
1107 4158 1174 4202 osse
1206 4143 1238 4202 iu
1269 4148 1351 4203 terra

153 4236 312 4299 Bohcmiae
336 4240 447 4301 cuncus
470 4241 537 4300 aliis
560 4240 713 4311 excelsior,
736 4247 766 4300 et
788 4241 876 4301 debet
903 4238 998 4322 (esse)
1025 4243 1059 4327 in
1079 4248 1167 4316 caput
1188 4249 1219 4304 et
1239 4259 1298 4304 uon
1320 4245 1350 4303 in

154 4340 285 4416 eandam,
320 4357 437 4413 semper
471 4359 560 4417 snpra
592 4349 623 4401 et
655 4357 712 4401 non
746 4341 863 4414 subter;
896 4351 925 4402 et
966 4360 1020 4415 per
1052 4359 1239 4416 consequeus
1270 4344 1352 4404 natio

154 4438 312 4500 Bohcmiea
341 4442 431 4502 debet
458 4458 526 4501 esse
554 4443 665 4502 rectrix
687 4443 847 4515 praecipua
868 4445 1015 4503 nationum
1037 4444 1161 4505 aliarum
1181 4445 1213 4506 in
1234 4446 1349 4507 univer-

155 4541 242 4600 sitate
271 4542 360 4602 studii
382 4542 550 4617 Progensis‚
577 4543 677 4615 posita
707 4559 779 4604 con.
794 4588 821 4605 ..
843 4546 950 4605 stantia
972 4545 1170 4607 universitatis
1200 4554 1232 4607 et
1252 4547 1347 4608 natio-

155 4640 240 4704 nibus
262 4642 292 4702 in
314 4643 366 4704 illa
387 4645 550 4721 conjunctis
572 4641 652 4726 (sic)
