2992 5258
223 422 283 487 194
462 413 655 470 accusationes
672 413 709 468 M.
727 413 752 467 J.
770 411 830 467 Ilus
847 411 961 480 ejusque
978 422 1116 479 responsa.
1151 410 1175 462 7.

800 605 834 681 7.

221 802 352 886 Primi
382 802 549 886 articuli
580 811 730 883 contra
759 741 815 879 M.
849 796 891 881 J.
924 795 1018 879 Hus
1048 824 1128 904 per
1158 792 1417 875 Michaelcm

304 936 358 1018 de
390 933 540 1019 Cnosis
570 934 833 1043 praesentati
864 930 894 1015 J
898 931 1026 1014 oanni
1056 957 1131 1039 pp.
1164 924 1332 1008 XXIII.

478 1147 661 1215 constantiae,
680 1149 745 1200 1414
762 1145 808 1211 (m.
825 1144 895 1198 Nov.
913 1150 961 1197 aut
977 1142 1053 1195 Initio
1070 1140 1147 1205 Dec.)

317 1399 347 1453 a
362 1398 424 1453 us.
445 1397 572 1453 uanam.
587 1414 618 1475 p.
641 1393 790 1451 zoe-113.

317 1483 372 1538 aa.
391 1482 422 1535 a
438 1482 531 1550 upra.
546 1482 629 1550 prm.
645 1478 683 1533 Ν.
701 1478 780 1533 1-5.

711 1619 910 1630 -.-—--

414 1813 496 1868 Primi
520 1811 626 1867 articuli
652 1811 818 1881 praesentati
841 1825 928 1880 papae
945 1809 1044 1865 Joauui
1060 1808 1152 1863 XXIII
1173 1822 1222 1876 per
1245 1804 1415 1860 michaelem

480 1895 622 1951 decausis
638 1911 688 1964 pro
705 1895 926 1950 condemnatione
944 1892 1104 1948 IIJoonnio
1120 1893 1188 1960 llus,
1205 1907 1267 1945 cum
1288 1890 1414 1944 incarce-

479 1988 556 2035 ratus
573 1979 677 2034 noviter
693 1978 753 2034 fuit.

294 2147 345 2216 ,Hi
363 2151 426 2201 sunt
443 2145 526 2214 aliqui
543 2145 658 2214 articuli,
676 2145 721 2214 qui
740 2144 877 2200 sufficiunt
894 2143 929 2199 ad
947 2143 1197 2199 condemnationem
1214 2141 1324 2212 ipsina.“

313 2297 419 2364 Primo
441 2304 529 2364 errat
549 2297 634 2363 circa
655 2303 854 2363 sacramenta
875 2297 1029 2362 ecelesiae
1052 2301 1085 2362 et
1105 2295 1271 2376 signanter
1289 2311 1411 2377 corpo-

213 2399 260 2466 ris
280 2397 409 2473 Christi,
431 2397 516 2479 quod
536 2397 645 2463 docuit
666 2405 700 2463 ot
720 2396 761 2463 ad
782 2397 932 2479 populum
952 2397 1078 2479 publice
1100 2394 1305 2478 praedicavit,
1326 2394 1412 2461 illud

213 2497 454 2565 ministrandum
474 2498 592 2579 populo
606 2496 667 2563 sub
688 2501 822 2577 utraque
844 2496 960 2578 specie,
982 2495 1106 2561 scilicet
1127 2494 1271 2575 corporis
1286 2501 1320 2560 et
1334 2511 1411 2559 sau·

212 2599 331 2682 guinis,
353 2603 442 2682 patet
462 2598 516 2662 ille
537 2595 699 2673 articulus,
722 2595 878 2676 quiajam
900 2596 934 2660 in
955 2597 1057 2677 Praga
1078 2597 1128 2661 sui
1150 2595 1298 2678 discipuli
1311 2595 1409 2661 mini·

212 2707 317 2766 strant
335 2698 414 2764 illud
436 2698 494 2762 sub
523 2703 658 2778 utraque
679 2697 795 2777 specie.

310 2799 426 2865 Itema
447 2797 608 2880 plerisque
622 2798 787 2876 asseritur,
810 2796 894 2879 quod
908 2797 941 2860 in
963 2797 1079 2863 scholis
1094 2796 1203 2863 docuit
1223 2801 1257 2863 et
1277 2798 1409 2880 publica

211 2898 408 2981 praedicant
428 2897 469 2964 od
490 2896 651 2979 populum,
673 2897 725 2963 vel
740 2897 780 2963 ad
801 2897 963 2963 minimum
985 2897 1070 2977 quod
1092 2898 1161 2980 ipse
1184 2905 1303 2978 teneat,
1318 2899 1408 2980 quoo

210 3005 284 3082 post
304 2999 402 3064 verba
431 2997 679 3063 consecrationis
700 2998 735 3062 in
755 2998 848 3063 altari
870 2997 995 3080 prolata
1015 2998 1049 3062 io
1071 3004 1269 3064 sacramento
1290 2998 1405 3066 altaris

209 3104 373 3163 remaneat
394 3116 489 3162 verus
511 3099 602 3180 panis
624 3098 808 3163 materialis,
831 3097 897 3163 Iste
918 3098 1072 3165 articulus
1087 3099 1207 3164 scietur
1228 3101 1405 3181 pariator-

209 3197 406 3277 rogationem
428 3204 461 3262 et
491 3198 754 3264 examinationem
777 3197 886 3281 ipsius.

308 3296 453 3363 Secundo
475 3304 563 3363 errat
574 3299 659 3363 circa
672 3298 834 3363 ministros
856 3298 1019 3378 ecclesiae,
1042 3301 1116 3381 quin
1129 3300 1216 3382 dicit,
1238 3301 1324 3384 quod
1339 3320 1404 3368 non

208 3404 344 3477 possunt
364 3396 520 3462 conficere
534 3417 594 3463 nec
608 3397 790 3464 ministrare
811 3404 1017 3478 sacramenta,
1040 3398 1165 3480 quando
1181 3406 1258 3467 sunt
1271 3402 1304 3467 in
1319 3421 1405 3470 mor·

208 3494 265 3560 tali
286 3503 428 3577 peccato.
459 3496 525 3562 Iste
547 3498 699 3564 articulus
722 3497 869 3564 similiter
891 3500 1011 3564 scietur
1032 3520 1090 3582 per
1116 3501 1403 3593 interrogatorem

208 3601 242 3660 et
274 3595 537 3663 examinationem
566 3598 684 3681 ipsius3
717 3616 829 3663 verum
860 3605 966 3665 tamen
992 3607 1102 3683 potest
1123 3620 1162 3666 er
1184 3603 1314 3686 seriptis
1336 3591 1403 3670 anis

207 3692 300 3773 elici,
331 3712 413 3776 quae
434 3696 485 3761 hic
507 3697 665 3764 habentur
694 3699 727 3763 in
748 3699 838 3773 loco,
868 3701 936 3766 scil.
957 3706 1095 3767 tractatu
1128 3701 1167 3766 do
1189 3701 1351 3784 Ecclesia3
1373 3706 1402 3770 si

207 3795 391 3875 negaverit,
424 3797 619 3878 deputontur
639 3799 681 3864 ad
701 3800 761 3865 hoc
783 3799 927 3884 magistri
947 3801 980 3865 in
1002 3801 1164 3882 theologia
1184 3810 1218 3868 et
1238 3804 1314 3885 alii,
1348 3806 1403 3887 qni

207 3892 336 3960 videant
358 3901 529 3962 tractatum
549 3897 655 3964 istum.

304 3993 386 4059 Item
400 3995 485 4076 quod
500 3996 553 4061 alii
568 4016 661 4077 quam
676 3997 856 4080 presbyteri
878 3999 928 4063 vel
944 4001 1098 4066 ccclesiae
1114 4002 1252 4068 ministri
1266 4010 1403 4086 omnum

207 4099 408 4158 sacramenta
428 4096 643 4161 ecelesiastica
657 4097 848 4163 ministrare.
872 4101 966 4166 Patet
986 4101 1047 4165 iste
1062 4101 1226 4182 articulus,
1249 4104 1401 4187 quinium

206 4192 326 4257 faciunt
346 4192 424 4258 illud
439 4212 516 4259 suae
538 4195 710 4279 dIsoipulae
725 4197 758 4261 in
774 4199 885 4279 Praga,
908 4218 988 4279 quae
1003 4219 1061 4283 per
1083 4219 1118 4266 se
1139 4201 1235 4284 ipsas,
1258 4222 1332 4269 oum
1345 4204 1400 4270 (lc-

206 4298 342 4371 negatnr
361 4292 441 4375 ipsis
461 4311 554 4361 sacra
574 4297 763 4378 commuuio,
793 4298 921 4380 rapiunt
948 4300 988 4365 de
1010 4301 1150 4367 sacrario
1172 4302 1398 4371 eucharistiam

207 4397 241 4455 et
261 4394 491 4459 communicant
518 4413 554 4461 se
575 4396 669 4476 ipsas.

306 4491 355 4556 Ex
386 4492 441 4559 illo
475 4494 570 4559 etiam
603 4495 681 4560 satis
710 4496 926 4579 concluditur,
958 4501 1041 4580 quod
1063 4507 1256 4582 potestatem
1277 4503 1398 4570 ordinis

206 4589 314 4670 posuit
346 4592 464 4656 habere
497 4593 670 4673 quemlibet
691 4595 759 4662 sinc
780 4606 911 4679 peceato
933 4601 1059 4667 mortali
1081 4602 1293 4685 existentem,
1326 4603 1399 4685 quio
