2992 5258
161 398 221 472 702
597 388 828 471 additamentam,
847 405 866 458 Ι.
884 393 918 459 ii.

160 610 316 683 opiscopus
339 625 397 668 non
419 616 500 667 rcotc
522 607 642 678 faceret,
672 608 769 668 dando
791 608 990 683 indulgentias
1018 606 1229 674 venerantibus
1249 605 1347 686 imagi·

160 726 224 770 ncm
246 710 351 770 metae
372 709 493 782 virginis
500 725 509 788 ;
533 711 560 771 3.
581 710 652 768 item
675 709 748 779 dico,
771 709 847 783 qnod
871 710 1037 784 signavere
1059 711 1211 785 signaculo
1235 719 1348 773 amone

159 812 254 871 crucis
275 811 370 883 prosit
390 810 473 869 malis
495 809 675 882 hominibos3
698 812 725 868 4.
746 811 818 869 item
839 809 906 869 dioc
929 815 1070 885 etteneo,
1091 811 1170 884 qnod
1191 828 1252 872 non
1267 811 1349 872 suffi-

158 913 217 972 ciat
244 912 363 972 stndero
389 917 419 970 ct
447 910 619 982 praedicare
646 909 821 984 presbytero
847 926 901 983 pro
927 910 1008 971 horis
1040 911 1206 984 canonicis3
1228 914 1257 973 5.
1283 913 1349 973 item

158 1013 233 1083 dico,
256 1011 333 1086 qnod
357 1011 444 1070 beata
464 1012 546 1084 virgo
568 1010 686 1069 multum
709 1009 795 1071 aliter
817 1011 905 1083 plena
926 1019 972 1071 est
992 1011 1095 1085 gratia,
1117 1029 1203 1087 quam
1226 1012 1347 1086 vasple·

75 1138 78 1146 ·
157 1111 367 1186 numnquam,
398 1111 445 1170 vel
466 1111 553 1170 homo
575 1110 641 1169 cibo
663 1115 695 1169 ct
714 1116 786 1183 potu
808 1111 954 1184 repletum
977 1114 1003 1170 6.
1033 1113 1064 1172 it
1087 1119 1175 1172 teneo
1197 1118 1230 1172 et
1250 1119 1352 1172 tenen·

158 1213 224 1272 dnm
247 1212 323 1283 dico,
345 1211 422 1286 quod
436 1210 594 1271 secondum
616 1211 828 1271 institutionem
850 1218 881 1271 et
901 1213 1140 1272 consuetudinem
1153 1219 1274 1274 sanctim
1290 1228 1347 1272 ma·

157 1314 211 1374 tris
235 1313 380 1375 ecclesiae
403 1312 531 1373 debeant
551 1312 694 1385 imagines
721 1310 832 1373 christi
853 1319 884 1372 et
904 1313 1026 1372 aliorum
1049 1320 1218 1374 sanctorum
1238 1313 1277 1373 od
1297 1313 1346 1373 ho

156 1430 259 1474 norem
275 1414 406 1483 illorum,
428 1428 501 1487 quos
524 1412 687 1486 designant,
708 1412 827 1472 adorari
849 1419 881 1474 et
901 1414 1044 1484 venerari,
1067 1417 1098 1472 et
1118 1420 1238 1487 egomet
1259 1413 1347 1474 adoro

158 1521 189 1575 ot
210 1531 336 1574 veneror
356 1529 408 1573 eas
431 1519 459 1574 et
480 1513 547 1572 volo
562 1514 713 1586 venerari,
736 1519 767 1572 ot
788 1514 865 1586 quod
888 1514 1005 1588 dignum
1028 1519 1058 1573 ct
1075 1515 1187 1586 iustum
1210 1519 1258 1575 est
1272 1514 1345 1574 dicto

155 1616 242 1675 modo
257 1632 356 1676 coram
369 1613 545 1688 imaginibus
562 1612 680 1674 flectere
694 1629 790 1687 genua
815 1621 846 1674 et
869 1614 1007 1676 candelas
1020 1629 1161 1674 accensas
1181 1622 1344 1675 annectere.

252 1716 349 1777 Etiam
372 1733 429 1775 non
452 1715 545 1775 solum
559 1715 674 1775 excessi
688 1716 818 1789 graviter
838 1715 871 1775 in
891 1715 982 1775 verbo
1004 1721 1107 1775 comma
1127 1714 1271 1790 virginem
1285 1715 1342 1789 gio

29 1835 38 1857 ·
154 1816 271 1888 niceam,
301 1817 353 1876 sed
382 1816 471 1876 etiam
499 1817 530 1873 in
559 1813 637 1875 iacto
666 1813 724 1875 ieci
755 1831 840 1874 unam
868 1814 1071 1876 contumeliam
1101 1814 1209 1876 beatae
1237 1814 1343 1889 virgini,

155 1916 335 1977 ostendendo
358 1914 442 1978 ficum
464 1915 566 1996 (dipck
586 1914 675 1996 rnlni)
698 1917 762 1990 ejas
783 1917 918 1990 imagini,
951 1923 982 1976 et
1003 1917 1078 1986 dixi,
1109 1915 1275 1988 quodcum
1296 1913 1342 1974 taii

153 2017 280 2092 imagine
302 2033 337 2076 ac
358 2035 421 2077 cum
444 2016 510 2076 aliis
532 2015 638 2076 vellem
659 2017 753 2089 pisum
776 2016 951 2089 decoquere.

616 2128 823 2208 commodior
844 2133 1104 2205 apraedtcmionr
1127 2131 1158 2190 X
1179 2148 1283 2191 osseca

493 2351 533 2430 G)
572 2350 759 2417 Romeotatio
777 2348 819 2413 θ.
841 2347 994 2414 Andreae.

247 2517 299 2611 ΙΙ).Ι
314 2537 448 2597 Andreas
477 2536 548 2597 iacit
572 2536 786 2597 revocationem
815 2535 972 2596 secondom
998 2533 1132 2608 iormam,
1164 2550 1251 2608 qoam
1278 2534 1340 2595 iecit

141 2627 187 2695 'D.
209 2637 337 2698 Iacobus
359 2637 389 2697 In
411 2638 533 2699 articulo
556 2638 591 2697 de
613 2636 795 2712 imaginibus,
817 2637 867 2710 qui
888 2641 935 2696 cst
949 2635 1080 2705 altorios,
1102 2635 1182 2694 inter
1202 2650 1337 2695 omoncos

153 2739 301 2802 articulos.
610 2779 613 2784 -

251 2839 292 2899 Et
314 2839 339 2899 si
360 2839 465 2912 placet,
488 2844 646 2913 quaeratur
666 2855 685 2897 a
706 2839 746 2898 Μ.
766 2837 900 2909 Matthia,
929 2852 1020 2910 quaro
1040 2835 1172 2910 neglexit
1187 2834 1279 2896 horas
1298 2850 1339 2895 ca·

152 2939 273 2999 ironicas
295 2940 383 3000 etde
406 2940 494 3000 beata
515 2941 636 3014 Virgine
659 2940 774 3012 dicero3
799 2938 856 3009 vel,
886 2938 911 2997 si
932 2937 1013 3007 dixit,
1042 2952 1133 3010 quare
1154 2935 1339 3009 abbreviavit,

152 3040 268 3113 qnando
288 3040 460 3113 praedicare
478 3040 628 3101 debebat?
660 3042 731 3101 Gom
752 3057 810 3100 non
833 3040 893 3100 siat
914 3037 1114 3099 obmittendae
1140 3045 1264 3111 propter
1285 3042 1339 3096 stn-

151 3142 229 3201 dium
251 3141 298 3201 vei
320 3142 576 3216 praedicationem.

252 3242 339 3301 Anno
352 3242 472 3302 ‘domini
493 3243 599 3324 MCGQ
614 3243 811 3317 octuagesimo
831 3259 917 3314 nono,
940 3242 987 3301 die
1010 3240 1110 3301 XVIII
1130 3241 1243 3301 mensis
1258 3239 1338 3300 Octo

152 3343 220 3413 bris,
243 3341 321 3403 sacta
342 3349 388 3402 est
409 3344 559 3404 revocatio
582 3344 708 3403 omnium
730 3343 916 3404 articulorum
939 3341 1175 3416 supradictorum
1202 3357 1258 3414 per
1277 3355 1336 3414 oer-

151 3459 239 3502 sonas
262 3443 397 3517 superins
419 3450 545 3515 vocatas,
566 3444 597 3504 in
619 3444 747 3506 ecclesia
767 3445 918 3519 Pragensi,
940 3443 970 3502 in
998 3442 1075 3502 iesto
1092 3440 1121 3501 8.
1136 3440 1237 3502 Lucae
1258 3456 1337 3502 evar-

150 3544 281 3618 geiistae,
308 3543 386 3604 inira
407 3561 570 3607 sermonem
593 3546 772 3622 synodalem,
801 3545 1022 3618 inpraesentia
1049 3542 1177 3602 maxima
1198 3549 1230 3602 at
1250 3541 1336 3601 multi·

150 3645 251 3704 tudine
273 3645 469 3719 praelatorum
491 3654 522 3706 et
542 3646 732 3718 plebanorum
755 3662 789 3706 ac
811 3646 990 3708 clericorum.
1013 3672 1016 3677 ’
