2992 5258
260 419 369 474 59--6L
403 415 521 472 Conradi
538 416 612 472 arch.
633 423 660 470 et
676 414 703 472 J.
721 415 755 470 de
774 415 895 470 Gereono
913 416 1102 471 commercium
1120 417 1229 486 epistol.
1286 419 1348 485 527

150 629 308 705 quatenus
331 621 507 706 praefatum
529 621 658 686 Petrum
681 620 714 685 in
728 620 866 702 negotiis
888 621 1063 703 praefatam
1084 620 1250 686 materiam
1272 638 1345 686 con·

151 725 357 790 cernentibus
388 722 472 804 apud
501 740 669 804 personam
702 727 840 787 vestram
862 740 899 787 ac
932 722 1027 787 etiam
1049 722 1163 788 almam
1189 720 1348 786 universi-

150 830 249 890 tatem
271 823 496 900 Parisiensem‚
527 823 577 887 cui
600 841 658 888 nos
680 822 720 887 ud
747 822 877 904 quaevis
900 822 1101 905 beneplacita
1123 827 1157 887 et
1178 828 1270 903 grata
1291 841 1347 904 pa·
1445 834 1449 840 ·

150 931 239 990 ratos
260 922 439 1005 offerimus,
473 923 592 989 habere
613 924 737 1005 placeat
769 923 947 988 favorosius
969 924 1217 1002 recommissum
1241 923 1274 987 iu
1307 939 1345 986 eo

149 1026 243 1091 uobis
258 1024 451 1104 singularem
465 1024 726 1107 complacentiam
742 1023 949 1089 ostendendo.
971 1023 1043 1089 Dat
1061 1025 1191 1105 Pragae,
1207 1020 1346 1089 secunda

149 1124 202 1190 (lie
223 1126 342 1190 mensis
365 1125 509 1205 Augusti,
532 1143 614 1191 anuo
637 1124 755 1190 domiui
776 1142 814 1188 aa
836 1123 936 1189 XIV‘t

352 1240 516 1308 Cooredus
541 1241 593 1307 dei
608 1243 711 1324 gratia
726 1242 897 1323 Pragensis
913 1241 1069 1307 ecclesiae
1090 1241 1347 1324 archiepiscopus

435 1349 468 1407 et
488 1342 684 1424 apostolicae
706 1343 793 1409 sedis
815 1344 950 1424 legatus.

651 1533 849 1541 Ἤ..-

713 1721 770 1798 61.

150 1932 182 2017 J
185 1961 345 2016 oannes
375 1930 429 2014 de
455 1928 650 2016 Gersono
666 1928 867 2016 Oonrado
894 1931 1219 2041 archiepiscopo
1240 1929 1345 2015 Pra-

150 2068 275 2181 gensi
321 2097 399 2177 per
439 2066 613 2150 Petrum
646 2067 699 2149 de
739 2065 883 2178 Praga
920 2067 1052 2149 mittit
1072 2075 1075 2081 '
1092 2066 1344 2150 articulosa

149 2202 271 2286 libris
298 2200 481 2285 aloannia
510 2199 605 2284 Hus
621 2202 836 2306 collactea,
869 2230 976 2311 quos
1001 2203 1197 2312 magistri
1223 2202 1344 2286 theo·

221 2337 390 2446 logicae
416 2337 633 2418 facultatis
660 2335 909 2419 Parisiensis
940 2332 1209 2417 damnarunt.
1237 2336 1276 2448 ³⁶)

569 2567 688 2634 Parisiis,
709 2571 782 2634 1414,
800 2571 833 2622 24
851 2567 924 2635 Sept.

496 2869 556 2930 (Em
574 2868 668 2921 eodem
685 2870 785 2929 codice,
798 2868 852 2937 fol.
872 2866 1000 2933 137-8.)

354 3173 457 3237 Reum
495 3172 528 3236 in
561 3170 688 3236 Christo
728 3172 812 3253 patri
851 3191 888 3237 ac
926 3172 1052 3238 domino
1085 3172 1347 3254 praeclarissimo,

438 3274 476 3339 D.
499 3272 645 3338 Conrado
677 3272 916 3354 archiepiscopo
939 3274 1100 3354 Prageusi‚
1123 3275 1233 3356 Apost.
1257 3273 1349 3340 Sedis

435 3375 552 3454 legato.

255 3524 358 3591 Rev¹¹¹⁰
379 3533 470 3608 pater
496 3544 533 3590 ac
561 3526 687 3590 domiue
715 3526 981 3608 praeclarissime!
1013 3527 1130 3593 Laetus
1151 3525 1260 3608 accepi
1292 3545 1350 3609 per

154 3627 266 3695 literas
287 3628 489 3708 Dignationis
511 3629 646 3694 Vestrae
669 3628 869 3694 devotionem
895 3634 1035 3694 vestram
1056 3631 1170 3694 sortem
1192 3635 1225 3692 et
1247 3628 1349 3693 since·

154 3748 222 3796 mm
243 3728 284 3794 ad
306 3747 344 3794 ea
366 3749 445 3810 quac
468 3735 542 3793 sunt
565 3729 636 3793 fidei
654 3729 884 3811 prosequenda,
907 3730 1086 3812 postposito
1108 3729 1204 3794 otiam
1226 3729 1348 3807 mortis

155 3849 236 3912 quae
254 3830 391 3895 omnium
405 3831 602 3916 *terribilium
624 3829 694 3894 linis
720 3836 779 3910 est,
802 3832 954 3914 periculo,
988 3831 1164 3894 Conservct
1186 3835 1219 3893 et
1242 3848 1348 3894 corro-

155 3930 249 3996 boret
280 3931 364 4012 ipse,
398 3932 451 4011 qui
472 3931 559 3996 dedit
593 3932 673 3996 lraoc
696 3933 906 4007 voluntatem,
939 3933 1086 3998 dominus
1109 3938 1219 3996 noster
1252 3932 1347 3995 Jcsus

155 4030 311 4111 Christus
334 4033 386 4113 qui
410 4034 469 4096 ait:
493 4032 561 4098 sino
588 4052 637 4097 me
659 4032 736 4097 nihil
759 4035 893 4115 potestis
915 4034 1029 4100 facere.

255 4131 404 4198 Ceterum
428 4133 603 4216 recepimus
618 4133 703 4216 apud
725 4152 782 4198 nos
807 4135 948 4200 Parisios
969 4134 1074 4201 varios
1096 4134 1221 4198 codices
1244 4134 1347 4214 cujus·

154 4232 227 4298 dam
249 4233 382 4298 Joaunis
397 4233 474 4306 Hus,
496 4253 555 4315 per
570 4236 697 4298 Petrum
712 4233 751 4298 de
775 4237 877 4313 Pruua
892 4236 1102 4300 exhibitorem
1124 4235 1349 4317 praesentium,

155 4334 209 4416 qui
232 4351 268 4398 se
289 4333 564 4415 diligentissimum
588 4335 720 4416 praebet
745 4336 776 4399 in
801 4337 859 4401 hoc
881 4337 1010 4419 negotio
1033 4344 1143 4401 sancto
1166 4336 1348 4401 zelatorem.

155 4437 243 4516 Quos
265 4435 391 4500 codices
414 4437 500 4501 reum*
524 4445 632 4518 patres
655 4457 691 4502 ac
713 4437 830 4502 domiui
853 4437 1119 4516 metuendissimi‚
1152 4437 1218 4500 llll.
1241 4437 1350 4502 Cardi-

214 4671 238 4737 ⁶)
258 4674 363 4723 Articuli
381 4675 404 4722 hi
422 4675 564 4723 exhibentur
583 4677 691 4737 superius
709 4690 764 4737 pag.
785 4677 924 4724 lut-188.
