2992 5258
151 409 211 471 108
369 401 508 472 Epistulae
526 402 643 470 scriptae
661 400 835 455 Constantios
853 415 945 455 mense
961 400 1044 455 lunio
1063 400 1128 454 1415

156 604 290 671 concilio
306 605 401 671 dixit:
425 605 491 686 ,Tu
502 606 535 671 iu
551 609 657 671 castro
671 605 866 686 loquebarus
882 603 1059 670 humilius.“
1075 602 1151 690 ugo
1166 603 1241 685 dixi,
1256 604 1351 687 ,quia

150 726 200 772 me
223 713 299 773 tunc
319 707 424 772 nullus
450 707 653 785 inclamabat,
684 724 768 772 nnnc
796 709 902 771 autem
934 722 1043 772 omnes
1073 706 1213 772 clamant
1235 711 1347 771 contra

150 812 229 873 me.“
252 809 294 873 Et
317 808 497 890 subjunxit:
523 806 624 888 ,Ecce
647 806 814 872 corucilinm
826 807 907 887 petit
928 812 1001 886 ate,
1023 825 1063 871 au
1085 807 1166 871 nelis
1187 811 1274 872 sture
1296 808 1346 872 in·

150 908 358 975 formationi.“
383 909 471 972 Dixi:
495 908 594 988 ,Volo
617 907 818 982 libentisime‚
841 906 933 989 juxta
953 925 1040 972 meas
1062 908 1343 989 protestationes.“

152 1009 211 1087 Qui
242 1008 335 1075 dixit:
368 1008 470 1086 „Ecce
496 1009 557 1074 hoc
584 1007 702 1074 habeas
729 1028 787 1091 pro
814 1007 1049 1086 informatione,
1086 1007 1170 1089 qnod
1199 1009 1348 1074 doctores

150 1110 259 1175 dicunt
280 1110 432 1176 articulos
453 1114 614 1176 extractos
641 1109 681 1174 de
709 1111 773 1174 tuis
804 1109 920 1174 libellis
947 1126 1109 1189 erronem,
1144 1128 1223 1191 quos
1249 1109 1348 1174 debes

149 1227 310 1289 revocare,
333 1216 367 1275 ct
388 1211 452 1288 illa,
475 1228 555 1292 qnae
577 1216 652 1276 sunt
674 1228 732 1293 per
754 1216 855 1275 testes
876 1209 1032 1291 deposita,
1056 1209 1234 1292 abjurare.“
1280 1210 1348 1275 Rex

150 1318 257 1377 autem
286 1311 377 1376 dixit:
413 1312 515 1392 ,Ecce
543 1311 703 1377 scribetur
725 1310 785 1376 sibi
812 1310 973 1390 breuiter,
996 1318 1030 1376 et
1051 1316 1085 1376 tn
1105 1310 1348 1393 respondebis&

150 1411 193 1476 Et
214 1411 383 1477 cardinalis
405 1411 501 1476 dixit:
536 1410 604 1487 „lta
632 1410 689 1475 fiet
710 1411 743 1476 in
772 1411 915 1493 proxima
941 1401 1132 1476 erudientia“
1177 1410 1220 1476 ut
1240 1411 1348 1475 statim

151 1511 291 1577 surrexit
336 1512 512 1578 concilium.
582 1513 723 1590 Quantas
766 1517 839 1594 post
880 1528 993 1593 passus
1029 1528 1098 1575 sum
1142 1510 1349 1589 tentationes,

150 1611 230 1677 deus
252 1612 322 1678 scit.
1108 1636 1113 1644 ·

251 1728 280 1781 E
294 1726 356 1781 MS.
379 1727 507 1783 Mladcn.
531 1747 559 1798 p.
580 1727 621 1782 78.
656 1727 741 1782 MSS.
768 1725 862 1781 Vicum.
881 1726 967 1784 4524.
985 1727 1012 1798 s.
1032 1725 1074 1782 78.
1091 1755 1124 1766 -
1141 1725 1227 1788 4557.
1245 1725 1271 1798 s.
1288 1724 1348 1780 174.

152 1809 214 1864 MS.
235 1813 320 1881 capit.
339 1811 501 1881 1'r09.Nr.
520 1812 565 1874 48,
578 1812 603 1883 j.
623 1811 665 1866 72.

251 1913 305 1968 Eo.
325 1916 354 1967 in
371 1915 427 1983 up.
442 1916 523 1985 piiss.
544 1915 581 1969 D.
599 1914 627 1971 8.
649 1914 720 1983 Opp.
741 1912 816 1977 flua,
833 1915 858 1977 1,
876 1910 916 1967 62
934 1921 960 1966 et
978 1909 1019 1967 79.

720 2280 780 2355 no.

562 2471 936 2557 Eisdem.

153 2686 264 2756 Royot,
290 2697 320 2740 ut
337 2689 435 2741 literas
451 2698 582 2757 acceptos
604 2696 685 2741 cante
708 2695 861 2754 asservent,
884 2703 986 2755 munao
1004 2689 1105 2741 solutio
1125 2687 1180 2740 niti
1197 2688 1351 2755 canicorum

155 2772 252 2824 literas
275 2779 299 2828 et
319 2770 497 2825 Constantioc
520 2773 760 2825 commorationem
784 2788 840 2824 esse
862 2771 1003 2835 declarat,
1028 2773 1192 2840 colloquium
1209 2771 1351 2840 quoddam

308 2872 369 2909 cnm
387 2855 494 2910 duobus
512 2857 714 2925 qucaeaitoribus
731 2859 761 2910 t'n
780 2873 916 2910 carcerem
933 2858 1025 2910 miscis
1040 2856 1189 2927 perscribit

639 3028 724 3095 (1415,
742 3042 777 3083 m.
795 3026 869 3092 Juu.)

254 3194 354 3262 Valde
367 3201 477 3277 gratus
492 3213 569 3276 sum,
586 3196 671 3278 qnod
682 3197 833 3263 Occultus
849 3202 899 3262 est
916 3197 1102 3263 occultnsst.
1112 3195 1143 3276 *l
1156 3195 1227 3263 Hiis
1239 3197 1352 3265 diebus

153 3296 225 3378 plus
253 3296 293 3361 de
315 3297 406 3362 bonis
428 3296 567 3371 comedi,
594 3316 688 3379 qnam
709 3318 729 3364 a
750 3298 831 3365 festo
863 3316 976 3380 pascae
999 3315 1099 3379 usque
1127 3297 1168 3364 ud
1190 3298 1273 3364 diem
1294 3300 1352 3366 do-

154 3397 300 3462 miricam
319 3397 534 3479 praeteritam.
578 3399 802 3477 Aestimabam,
825 3399 908 3480 quud
930 3399 963 3464 iu
985 3398 1119 3464 concilio
1142 3405 1228 3465 esset
1249 3399 1353 3482 major

154 3497 323 3580 disciplina
344 3504 378 3564 et
392 3498 641 3565 honorificentia.
663 3499 817 3565 Dominus
832 3516 922 3563 meus
935 3499 1078 3565 loannes
1093 3499 1301 3565 benedicatur
1319 3500 1351 3566 iu

156 3604 330 3663 aeturnum.
374 3599 406 3664 Si
429 3599 565 3679 scirem,
599 3598 756 3682 quomodo
789 3600 874 3665 valet
901 3599 1069 3679 Barbatus
1089 3599 1140 3681 **)
1175 3599 1228 3680 qui
1251 3600 1355 3667 uoluit

155 3698 285 3763 obedire
300 3699 624 3766 consilioamioorum.
648 3700 694 3764 Ex
708 3719 770 3782 quo
792 3701 911 3766 habent
933 3701 1048 3765 librum
1069 3718 1180 3778 meum,
1200 3700 1265 3781 jam
1288 3720 1352 3768 nou

153 3798 281 3879 indigeo
303 3800 365 3865 ista
386 3800 505 3866 oborta
528 3802 658 3883 Copiam
670 3801 844 3883 primorum
866 3801 1072 3867 articulorum
1097 3820 1166 3866 cum
1188 3802 1353 3882 probatio-

154 3899 247 3966 nibus
274 3901 423 3980 servetis,
451 3901 479 3967 si
500 3920 580 3985 opus
602 3902 712 3981 luerit,
740 3922 798 3986 pro
820 3903 978 3983 aliquibus
1000 3901 1143 3968 uinculis
1166 3900 1349 3983 probandis

154 4000 198 4066 ibi
224 4001 441 4083 assignabitis,
470 4003 561 4069 etin
588 4003 660 4068 istis
695 4011 727 4070 et
753 4006 888 4071 maxime
920 4004 953 4070 in
986 4002 1040 4068 illo
1073 4002 1221 4070 articulo:
1245 4002 1348 4068 Homo

154 4100 315 4167 virtuosus
337 4102 490 4185 quidquid
511 4104 591 4184 agit,
614 4105 680 4185 agit
702 4105 852 4170 virtuose.

253 4202 325 4269 dem
350 4221 400 4269 me
427 4210 523 4270 vexat
543 4205 634 4270 dolor
655 4205 806 4286 dentium,
831 4211 864 4270 et
885 4205 918 4270 iu
939 4209 1045 4270 castro
1068 4203 1193 4269 vexavit
1214 4205 1352 4271 uomitus

159 4402 353 4412 ——-—-

223 4483 248 4551 *)
266 4490 294 4537 ld
311 4496 359 4538 est:
378 4496 496 4538 tractatus
514 4493 559 4549 „de
576 4492 670 4539 occulto
688 4491 849 4541 adverwiof‘

211 4571 247 4633 ⁸)
266 4574 368 4621 Videtur
384 4575 422 4621 hic
441 4575 503 4622 idem
520 4575 595 4632 innui,
614 4572 692 4636 quiin
706 4575 881 4637 eliisepistolin
899 4576 987 4635 passim
1006 4575 1077 4622 etium
1096 4571 1239 4634 „Braumy‘
1256 4582 1279 4622 et
1293 4564 1353 4633 „20-

267 4656 335 4706 leaud
352 4657 448 4706 Brudu“
466 4666 572 4708 vocatur.
608 4658 659 4710 MS.
679 4658 782 4709 Mludeo.
800 4660 886 4707 babet:
907 4648 1036 4719 ‚barbatus
1054 4654 1242 4720 Hieronymus!
