2992 5258
360 404 503 445 ecarcore
519 387 593 458 apud
611 388 711 444 naues
726 385 945 443 Praedicatores.
978 387 1020 440 46.
1036 389 1077 440 47.
1095 388 1136 441 48.
1194 448 1202 466 .
1306 383 1348 452 87

234 592 421 659 Graviorem
447 591 681 658 consolatorem
709 590 822 657 debus
850 590 933 657 vitae
963 608 1051 655 meae
1081 607 1144 655 non
1171 588 1279 673 reperi
1314 588 1348 653 in

149 694 345 774 infirmitate,
367 711 461 775 quarn
482 692 604 759 Palecz.
1303 758 1307 767 ,

250 795 367 861 Omnes
400 794 507 861 clerici
530 811 674 860 camerae
695 793 735 857 D.
757 794 863 876 Papae
896 800 929 859 et
952 810 1062 857 omnes
1085 791 1234 857 custodes
1257 790 1348 856 valde

148 896 201 977 pie
222 912 273 961 me
296 898 443 959 mactant
476 893 639 959 Liberavit
661 892 815 958 Dominus
836 893 950 959 donam
972 894 1012 958 de
1034 898 1147 958 ventre
1169 893 1248 972 ceti,
1284 891 1347 956 Da·

148 993 265 1059 nielem
287 992 327 1060 de
348 994 418 1059 lacu
440 993 582 1072 leonum,
613 1002 679 1059 tres
702 1011 818 1076 pueros
841 993 881 1058 de
903 995 1027 1060 camino
1049 993 1150 1075 ignis,
1174 993 1348 1058 Susannam

149 1094 188 1160 de
207 1094 329 1177 jndicio
350 1095 500 1161 falsorum
522 1097 667 1163 testium:
691 1101 723 1160 et
744 1113 795 1161 me
827 1102 934 1178 potest
955 1113 1014 1179 pro
1036 1095 1138 1177 gloria
1170 1093 1220 1157 sui
1248 1093 1348 1157 nomi·

150 1196 214 1276 nis,
239 1201 272 1262 et
294 1210 352 1278 pro
376 1197 473 1264 verbo
495 1195 725 1278 praedicando,
748 1196 776 1261 si
798 1195 992 1279 expedierit,
1015 1196 1163 1261 liberare.
1186 1193 1219 1259 si
1241 1199 1347 1259 autern

151 1313 235 1362 mors
257 1297 401 1379 pretiosa
421 1299 454 1363 in
484 1303 657 1379 conspectu
680 1297 807 1363 Domini
836 1297 978 1377 venerit,
1006 1297 1048 1362 sit
1076 1313 1192 1360 nomen
1221 1293 1348 1358 Domini

152 1396 363 1462 benedictum.
392 1397 425 1463 si
447 1415 576 1480 possem
597 1398 709 1463 saltem
733 1415 841 1478 regem
863 1396 973 1465 videre
1006 1397 1104 1465 semel
1131 1413 1202 1460 cum
1228 1395 1348 1460 nostris

152 1496 308 1578 Bohemis,
332 1498 525 1563 consolarer.

250 1597 350 1663 Valde
372 1598 500 1679 gavisus
522 1616 591 1663 sum
613 1597 653 1663 de
675 1598 775 1663 novis.
798 1597 893 1664 Certe
922 1599 1103 1665 consolatus
1133 1602 1184 1662 est
1210 1613 1261 1661 me
1283 1595 1347 1660 Do-

152 1698 262 1764 minus.
285 1699 333 1764 ne
356 1699 493 1765 aniate
511 1698 645 1763 neuris
667 1679 796 1781 tropen
818 1700 956 1785 libenter
971 1699 1092 1765 sunu.
1115 1696 1250 1763 Bibliam
1270 1696 1347 1760 mim

152 1797 290 1878 dirigere
317 1799 434 1864 bonnm
457 1804 515 1864 est.
543 1799 651 1864 Nolito
680 1798 802 1864 tristari
832 1800 871 1865 de
893 1818 952 1864 me.
983 1801 1082 1878 Quem
1110 1799 1193 1865 enim
1224 1786 1348 1878 tangit?

152 1899 309 1981 Scriptum
331 1901 364 1964 in
387 1919 532 1980 carcere,
564 1902 597 1965 in
617 1900 721 1966 medio
744 1900 855 1966 noctis.
879 1902 984 1982 Rogo,
1006 1901 1101 1965 istum
1122 1898 1248 1964 fidelem
1270 1897 1346 1963 arni·

153 2017 219 2062 cum
240 2018 344 2064 meum
365 2000 540 2080 honoretis
563 2001 613 2066 cui
636 2000 818 2083 specialiter
840 2001 972 2083 obligor.

248 2115 324 2170 Edit.
343 2118 374 2169 in
391 2115 450 2184 Ep.
464 2120 544 2185 piiss.
562 2116 590 2169 J.
607 2115 639 2169 2⁶
669 2125 694 2169 et
714 2116 786 2187 Opp.
804 2117 870 2170 Has
888 2119 912 2179 Ι,
932 2117 967 2171 74
983 2127 1007 2170 et
1024 2114 1070 2171 94.
1107 2114 1207 2183 (Nam.
1227 2113 1313 2180 LII.)

713 2480 776 2555 48.

477 2667 606 2754 Petro
638 2670 692 2753 de
722 2672 1017 2757 Mladenowio.

159 2884 334 2951 Conqueritur
345 2887 380 2937 de
388 2887 514 2952 nequitia
525 2885 672 2940 Michaelis
681 2887 715 2940 de
724 2887 830 2949 Canas,
842 2890 889 2955 qni
899 2889 995 2951 literas
1004 2904 1071 2939 snas
1079 2887 1119 2940 ad
1128 2886 1168 2939 M.
1175 2885 1348 2939 Jacodellnm

176 2967 256 3020 datas
274 2972 386 3039 ejusque
403 2971 608 3038 responsionem
626 2972 809 3040 interceperit,
828 2980 853 3023 et
871 2972 905 3023 de
921 2970 1059 3023 Ιιισοὸείἱί
1077 2970 1328 3022 inconsiderantia.

248 3136 297 3201 De
320 3136 506 3219 captivitate
528 3138 592 3204 ista
612 3138 716 3204 adhuc
736 3138 853 3204 nullam
876 3140 990 3220 scripsi
1011 3139 1152 3217 literam,
1175 3137 1236 3202 nisi
1252 3137 1348 3211 illam,

156 3237 178 3300 si
198 3236 371 3317 direxistis,
394 3243 429 3303 ut
452 3246 545 3306 orent
566 3258 625 3322 pro
646 3258 706 3304 me.
720 3240 752 3323 *)
774 3240 870 3305 Forte
882 3238 1061 3319 intelligitis
1083 3237 1123 3303 da
1141 3239 1243 3318 litera,
1256 3255 1349 3319 quam

156 3340 261 3422 scripsi
274 3340 316 3404 11.
329 3340 503 3420 locotello,
527 3342 560 3405 in
572 3361 635 3422 qua
645 3342 759 3424 scripsi
771 3340 999 3416 sic:s„Inimici
1011 3340 1072 3404 mei
1084 3338 1243 3418 dixerunt,
1264 3337 1348 3420 quod

156 3439 234 3505 nulla
255 3439 331 3504 mihi
353 3440 481 3506 dabitur
502 3441 677 3522 sumentia,
701 3442 762 3508 nisi
784 3443 874 3524 prins
896 3440 1014 3505 solvam
1037 3438 1099 3505 duo
1121 3439 1219 3504 millia
1247 3438 1344 3504 duca·

154 3545 252 3605 torum
274 3542 464 3608 antichristi
490 3543 644 3607 ministris
666 3561 725 3625 pro
747 3542 927 3625 impensis.“
964 3540 1061 3622 Cujus
1082 3539 1196 3605 literae
1223 3541 1346 3623 copiam

155 3647 184 3705 et
203 3642 446 3724 responsionem
467 3644 508 3708 Μ.
532 3643 644 3709 iacobi
667 3643 792 3723 longam
815 3650 856 3722 et
879 3650 915 3707 ut
927 3642 1071 3720 aestimo,
1090 3641 1201 3707 duram
1212 3642 1348 3707 Michael

155 3743 326 3822 acqumivit.
349 3743 533 3809 Etveniens
557 3763 627 3810 cnm
649 3744 830 3827 patriarcha
853 3751 886 3809 et
908 3761 979 3808 oum
1000 3743 1135 3807 notariis
1157 3743 1351 3821 ettestibns

158 3843 205 3906 ubi
233 3843 324 3909 affuit
346 3844 389 3908 M.
419 3844 569 3910 Nicolaus
599 3844 796 3928 Stojdin**)‚
825 3845 931 3911 stabat
957 3865 996 3910 ex
1024 3844 1169 3911 adverso.
1198 3844 1240 3908 Et
1266 3859 1348 3907 unus

159 3943 438 4010 commissariorum
451 3945 608 4027 quaesivit
630 3965 649 4010 a
670 3964 720 4010 me
742 3945 802 4010 sub
820 3944 1010 4027 juramento,
1023 3944 1102 4012 dans
1124 3944 1200 4009 mihi
1222 3944 1261 4009 ad
1277 3962 1349 4026 per·

166 4130 346 4139 --—-—.——

210 4214 361 4276 ')lnnuitur
382 4219 433 4264 sine
450 4217 522 4263 dubio
544 4216 646 4273 epistola
662 4217 752 4274 scripta
776 4213 908 4274 bohemica,
925 4217 963 4264 die
984 4219 1012 4262 19
1030 4217 1140 4264 imperii
1158 4213 1222 4276 (44).
1257 4212 1352 4260 Literna

251 4301 284 4348 ti.
302 4301 426 4348 Jacobello
444 4301 546 4357 scriptae
565 4301 712 4360 ignorantur.

200 4382 234 4445 Ἴ
251 4384 364 4431 Nicolaus
382 4386 411 4432 de
424 4383 521 4444 Stojdin,
544 4384 692 4431 rrrotsctus
705 4384 821 4444 Magister
839 4384 973 4441 inertibus,
993 4385 1077 4430 docere
1089 4383 1181 4442 incepit
1196 4382 1276 4428 eodem
1291 4395 1353 4428 enno

252 4469 276 4515 in
293 4469 451 4515 universitate
463 4468 578 4528 Pragensi
596 4469 640 4514 snb
657 4468 709 4529 ipso
718 4469 752 4515 M.
764 4464 857 4514 Joanne
869 4468 928 4524 Hns,
947 4469 1075 4527 docuitque
1088 4467 1174 4513 ibidem
1187 4466 1264 4511 adlruc
1280 4465 1351 4511 lato.

255 4553 325 4600 Teste
342 4552 376 4600 ll.
391 4553 462 4599 Petro
475 4553 557 4613 Payne
576 4553 623 4599 tuit
646 4553 717 4599 etiam
736 4567 797 4599 nnus
815 4560 994 4613 procuratorum
1011 4552 1045 4599 ll.
1057 4547 1145 4599 Josnrr.
1164 4550 1220 4596 Hos
1244 4551 1266 4594 in
1285 4549 1351 4594 ouria

258 4637 370 4686 inmane.
