2992 5258
155 414 217 475 320
365 402 437 456 Petri
457 401 490 455 de
508 400 686 471 Mludenorrjc
703 402 800 457 relatio
817 402 851 456 dc
869 401 906 456 M.
924 402 949 456 J.
966 403 1027 457 lius
1044 418 1142 458 eausa:

154 609 333 692 respondit:
348 605 391 670 Et
405 605 542 686 qualiter
568 603 785 669 condemnatis
811 606 887 669 milri
902 605 1001 670 libros
1016 624 1113 684 meos,
1136 625 1206 671 cum
1221 623 1351 687 semper

155 707 333 773 desideravi
356 712 389 770 et
410 705 568 786 postulavi
590 706 768 785 scripturas
789 705 937 770 meliores
959 713 1071 771 contra
1093 707 1177 771 dicta
1193 711 1229 770 et
1242 706 1352 786 posita

154 811 187 874 in
210 809 338 887 eisdem,
362 813 395 871 et
409 806 504 870 hodie
525 804 681 880 desidero,
705 812 738 870 et
751 824 812 869 uec
826 806 990 887 liucusque
1004 808 1138 888 aliquam
1155 806 1363 888 scripturam.

155 909 364 974 efficaciorem
397 907 436 969 de
469 906 615 987 opposito
648 905 833 984 adduxistis
867 913 901 970 et
932 925 992 970 nec
1027 926 1066 971 ex
1099 907 1220 971 eisdem
1254 922 1354 967 unum

153 1009 285 1075 verbum
306 1006 492 1073 ostendistis
515 1024 699 1083 erroneum;
722 1006 820 1069 libros
842 1025 917 1071 vero
940 1007 973 1070 in
994 1006 1125 1088 vulgare
1145 1004 1353 1071 Bohemicum

158 1111 209 1175 vel
230 1109 315 1175 aliud
336 1108 453 1172 idioma
474 1106 645 1170 translatos
667 1106 804 1185 qualiter
819 1107 1062 1187 condemnastis,
1085 1124 1164 1187 quos
1179 1121 1352 1185 numquam

158 1211 303 1277 vidistis?
331 1210 402 1274 Alia
420 1225 495 1271 vero
510 1208 543 1270 in
565 1206 725 1271 sententia
740 1208 945 1287 pronuntiata
959 1207 1048 1271 flexis
1064 1207 1199 1287 genibus
1215 1204 1351 1270 audiens

155 1312 276 1391 orabat,
304 1328 430 1374 sursum
458 1308 490 1371 in
518 1307 640 1372 coelum
669 1308 854 1388 respiciens.
898 1309 966 1385 Qua
994 1308 1156 1372 sententia
1180 1305 1282 1385 finita,
1304 1303 1352 1369 sic

153 1421 191 1478 ut
211 1412 438 1494 praemittitur,
460 1407 637 1488 iusingulis
649 1409 715 1472 suis
731 1409 866 1490 punctis
889 1409 958 1490 ipse
974 1409 1017 1473 Μ.
1032 1409 1173 1473 Joannes
1196 1408 1267 1472 Hus
1290 1424 1350 1490 pru

154 1513 300 1578 omnibus
333 1510 468 1574 inimicis
496 1510 561 1572 suis
590 1508 680 1573 flexis
701 1510 816 1574 iterum
839 1510 973 1589 genibus
995 1510 1059 1574 alta
1081 1526 1159 1573 voce
1181 1508 1297 1573 orabat
1317 1514 1353 1573 ct

154 1613 249 1679 dixit:
283 1612 416 1675 Domine
442 1611 520 1674 Jesu
551 1608 693 1674 Christe!
737 1609 867 1690 ignosce
903 1610 1049 1674 omnibus
1085 1609 1221 1674 inimicis
1259 1609 1351 1687 meis,

154 1720 288 1795 propter
315 1728 462 1790 maguam
489 1709 739 1774 misericordiam
769 1716 855 1773 tuam
885 1718 917 1774 te
944 1711 1118 1791 deprecor;
1147 1717 1181 1776 et
1203 1716 1246 1774 tu
1276 1709 1349 1787 scis,

154 1814 228 1894 quia
253 1812 333 1877 false
362 1816 591 1876 accusaverunt
620 1828 679 1890 me,
712 1810 808 1874 falsos
832 1815 932 1874 testes
954 1810 1173 1892 produxerunt
1197 1816 1230 1876 et
1252 1809 1351 1875 falsos

153 1914 304 1979 articulos
327 1918 437 1976 contra
458 1930 508 1975 me
531 1908 759 1975 confinxerunt
789 1910 924 1990 Ignosce
947 1911 993 1975 eis
1014 1918 1148 1993 propter
1162 1911 1350 1975 immensam

151 2012 401 2080 misericordiam
431 2012 531 2075 tuam!
576 2011 709 2074 Etcum
736 2012 797 2075 hoc
818 2012 960 2089 dixisset,
982 2013 1071 2077 multi
1095 2018 1128 2076 et
1149 2010 1345 2092 praesertim

153 2114 352 2180 sacerdotum
382 2112 541 2192 principes
567 2110 770 2190 indignanter
795 2113 1002 2193 inspicientes
1032 2112 1222 2177 deridebant
1249 2111 1348 2175 illum.

253 2214 322 2290 Quo
350 2211 434 2276 facto
461 2211 651 2275 vestimenta
678 2212 798 2290 altaris,
826 2221 984 2292 tamquam
1014 2213 1057 2277 sit
1083 2214 1286 2287 missaturus,
1309 2228 1350 2275 er

152 2312 299 2377 mandato
322 2318 445 2392 septem
468 2311 688 2392 episcoporum
711 2330 788 2376 suae
810 2312 1030 2393 degradationi
1041 2313 1214 2378 astantium
1235 2312 1350 2377 indue·

152 2415 255 2478 batur.
299 2412 341 2476 Et
377 2430 447 2476 cum
483 2412 585 2476 albam
621 2413 785 2485 indueret,
820 2413 915 2477 dixit:
942 2414 1096 2479 Dominus
1130 2430 1222 2477 meus
1251 2412 1349 2477 Jesus

152 2514 299 2577 Christus
322 2531 391 2576 curm
414 2513 453 2576 ab
464 2512 593 2576 Herode
616 2513 654 2576 ad
667 2513 802 2577 Pilatum
824 2514 1004 2591 duceretur,
1026 2520 1117 2578 veste
1138 2514 1212 2578 alba
1233 2512 1349 2578 illusus

152 2621 211 2678 est.
255 2612 334 2676 Cum
357 2629 433 2691 ergo
456 2613 501 2676 sic
520 2612 585 2692 jam
607 2612 734 2677 indutus
758 2621 844 2679 esset
867 2620 900 2678 et
922 2615 961 2678 ab
984 2614 1142 2695 episcopis
1158 2613 1223 2677 illis
1239 2614 1351 2677 horta·

152 2722 251 2790 retur,
284 2719 320 2776 ut
347 2718 478 2776 revocet
509 2719 541 2777 et
570 2713 705 2793 abjnret,
739 2732 873 2795 surgens
901 2722 934 2779 et
961 2733 1058 2796 supra
1083 2730 1226 2778 mensam
1248 2712 1352 2785 illam,

151 2818 320 2894 antequam
349 2811 549 2890 induebatur,
582 2813 765 2890 ascendens,
800 2814 946 2879 doloroso
976 2831 1148 2878 conversus
1176 2812 1219 2877 ad
1240 2813 1359 2878 multi·

151 2912 294 2977 tudinem
323 2918 356 2975 et
384 2911 463 2976 fleus
485 2912 576 2977 dixit:
600 2913 682 2977 Ecce
709 2914 763 2977 isti
786 2915 926 2996 episcopi
950 2916 1119 2979 hortantur
1139 2932 1191 2978 me
1213 2914 1254 2978 ad
1277 2914 1358 2993 hoc,

152 3014 237 3095 quod
263 3031 410 3077 revocem
439 3020 471 3077 et
492 3012 649 3092 abjurem;
674 3014 770 3079 timeo
794 3016 854 3079 hoc
876 3016 989 3094 facere,
1013 3033 1053 3078 nc
1076 3015 1133 3079 sim
1155 3013 1296 3080 mendax
1317 3014 1363 3079 im

151 3119 324 3195 conspectu
354 3111 481 3190 domini,
516 3118 550 3175 et
578 3113 672 3176 etiam
701 3132 742 3177 ne
770 3115 996 3180 conscientiam
1027 3121 1060 3179 et
1091 3115 1143 3179 dei
1174 3115 1367 3180 veritatem

151 3213 316 3292 offendam,
340 3232 410 3277 cum
432 3231 600 3292 numquam
622 3215 702 3278 istos
717 3215 806 3278 tenui
821 3215 982 3294 articulos,
1005 3216 1059 3295 qui
1074 3223 1186 3280 contra
1200 3233 1253 3280 me
1269 3214 1367 3281 false

151 3320 319 3390 testantur,
343 3312 399 3376 sed
421 3312 527 3394 potius
548 3313 598 3376 his
620 3315 800 3395 oppositum
823 3315 925 3395 docui,
959 3316 1074 3397 scripsi
1098 3321 1131 3379 et
1152 3315 1368 3397 praedicari,

150 3419 184 3477 et
207 3414 302 3477 etiam
324 3412 396 3476 idco
419 3431 459 3476 ne
482 3420 602 3477 tantam
636 3414 879 3492 multitudinem,
914 3415 965 3479 cui
986 3415 1177 3497 praedicavi,
1211 3415 1370 3481 scauda-

150 3515 250 3591 lisem,
274 3519 307 3576 et
329 3513 424 3576 etiam
446 3513 525 3576 alios
548 3512 685 3578 fideliter
706 3514 836 3578 verbum
860 3515 911 3579 dei
934 3516 1164 3596 praedicantes
1209 3515 1256 3579 Et
1278 3530 1384 3581 curn

151 3615 228 3679 haec
251 3612 394 3690 dixisset,
417 3611 685 3677 circumsedentes
714 3613 879 3693 pontifices
909 3616 1016 3679 etalii
1039 3615 1078 3679 de
1100 3614 1186 3680 dicto
1209 3616 1393 3683 concilio

149 3713 312 3777 dixerunt:
334 3711 405 3775 Jarn
431 3712 583 3791 ridemus
617 3713 773 3793 quomodo
800 3714 967 3780 induratus
998 3723 1048 3781 est
1070 3716 1110 3791 ¹in
1134 3716 1263 3782 malitia
1292 3730 1393 3782 sua

151 3819 185 3876 et
205 3813 352 3894 pertinax
374 3812 406 3874 in
429 3813 568 3877 haeresi!

250 3912 296 3976 Eo
318 3930 395 3976 reru
417 3913 456 3977 de
478 3932 588 3978 mensa
609 3915 693 3979 dicta
715 3915 945 3994 descendente,
968 3916 1076 3981 statim
1097 3916 1176 3981 dicti
1199 3918 1393 4001 episcop·

149 4030 222 4078 eum
243 4012 418 4093 degradare
440 4013 646 4095 incipientes,
677 4015 805 4079 calicem
827 4016 980 4097 imprimis
1002 4016 1042 4082 ab
1064 4017 1135 4098 ipso
1157 4017 1393 4084 auferente·

150 4118 184 4178 et
205 4112 244 4177 de
266 4113 410 4176 manibus
437 4113 557 4194 ipsius,
591 4113 740 4179 dixerunt
772 4116 852 4179 hauc
885 4117 1061 4181 orationem
1093 4116 1393 4184 maledictionis

149 4212 176 4279 0
188 4213 271 4278 Juda
281 4212 460 4277 maledicte!
473 4221 509 4279 ut
520 4213 573 4294 qui
586 4214 784 4294 dereliquisti
800 4217 964 4280 consilium
977 4217 1064 4298 pacis
1077 4224 1194 4281 etcum
1208 4214 1393 4284 ludaei

150 4311 332 4376 consiliatus
356 4331 403 4391 es3
430 4313 602 4378 auferimus
624 4333 643 4378 a
665 4320 697 4379 te
719 4315 848 4380 calicem
871 4317 954 4381 hunc
976 4316 1193 4383 redemtionis.
1216 4318 1262 4384 Et
1275 4319 1393 4401 ips

149 4411 215 4476 alta
241 4429 318 4477 voce
344 4413 438 4478 dixit:
467 4412 597 4478 Confido
623 4416 656 4480 iu
685 4415 844 4481 dominum
877 4417 970 4482 deum
993 4418 1259 4500 omnipotentem,
1284 4432 1393 4501 pr

149 4511 239 4592 cujus
259 4512 386 4578 nomine
396 4514 477 4578 hanc
487 4513 713 4596 blasphemiam
728 4519 888 4599 patienter
900 4520 1052 4598 sustineo,
1074 4518 1160 4600 quod
1180 4521 1251 4602 ipse
1264 4534 1393 4585 suar

149 4608 355 4677 redemtionis
376 4634 395 4679 a
416 4632 467 4678 me
488 4615 617 4680 calicem
643 4635 707 4683 non
729 4617 861 4698 auferet,
895 4619 951 4685 sed
973 4638 1069 4701 spero
1090 4618 1240 4703 firmiter,
1255 4613 1393 4701 quod
