2992 5258
214 430 277 495 440
470 421 672 476 Controversiae
689 419 723 474 de
740 418 871 486 religione
887 417 916 472 in
932 418 1078 474 Bohemie:
1098 416 1170 472 1411.

314 623 382 677 Item
394 622 416 677 si
428 621 493 690 quid
505 620 694 675 beneficiorum
707 618 894 675 sacerdotibus
906 618 1060 688 ademptum
1073 623 1123 687 est,
1145 619 1178 673 D.
1190 618 1407 688 archiepiscopis

213 722 309 774 rogere
335 706 416 761 debet
432 706 544 773 Regiam
561 701 742 772 Majestatem,
761 711 789 757 et
814 704 885 770 regis
910 702 1056 757 consiliarii
1083 702 1223 771 deprecari
1250 701 1361 770 debent,
1378 708 1407 756 ut

215 791 247 845 R.
265 790 303 846 dd.
328 805 361 844 ea
378 789 508 844 beneficia
532 789 572 842 eis
587 803 681 842 rursus
698 787 817 855 permitti
835 803 868 841 ac
883 787 990 840 restitui
1005 786 1115 854 jubeat3
1134 786 1216 854 iique,
1233 785 1281 854 qui
1296 784 1326 839 in
1343 799 1399 840 car·

215 890 303 930 cerem
321 874 436 942 conjecti
455 879 526 939 snut,
545 871 702 940 liberentur,
721 872 803 926 vades
821 871 989 925 dimittantur
1007 877 1035 924 et
1052 869 1147 925 literae
1165 869 1347 938 (sponsoriae)
1363 870 1401 924 sis

214 959 371 1014 reddantur.

311 1042 380 1096 Item
397 1043 465 1096 haec
482 1042 579 1109 omnia,
598 1054 667 1109 quae
691 1039 964 1105 commemoravimus,
987 1043 1152 1108 peraguntor
1165 1038 1274 1106 jejunio
1292 1042 1406 1105 quatuor

213 1131 371 1194 temporum,
389 1124 460 1193 quod
478 1130 600 1179 estante
618 1124 717 1202 Christi
735 1123 852 1189 natalia,
870 1123 912 1176 siu
930 1128 1020 1176 autem
1037 1122 1088 1176 hoc
1101 1128 1222 1189 tempore
1237 1121 1296 1176 siue
1312 1119 1407 1176 fraude

214 1209 308 1278 peregi
327 1225 379 1263 uon
397 1214 532 1277 poterunt,
550 1216 714 1277 peraguntor
724 1207 830 1276 Jejuuio
843 1214 957 1275 quatuor
970 1213 1128 1275 temporum,
1147 1205 1218 1274 qnod
1233 1211 1276 1260 est
1289 1211 1410 1274 tempore

212 1293 310 1362 jejunii
328 1293 423 1359 anuui;
441 1309 493 1360 quo
511 1293 642 1346 maturius
660 1307 722 1345 vero
740 1291 772 1345 R.
790 1291 830 1345 M.
847 1306 880 1344 ea
897 1306 1028 1359 peragere
1046 1289 1155 1359 poterit,
1181 1304 1214 1344 eo
1232 1288 1333 1344 meiius
1351 1289 1410 1344 erit

311 1375 427 1430 ItemR
445 1376 482 1429 Μ
503 1375 643 1429 ecclesiam
655 1375 827 1441 Pragensem,
845 1375 878 1428 D.
897 1375 1136 1442 archiepiscopum,
1155 1372 1303 1441 praelatos,
1320 1385 1408 1426 sacer·

215 1458 292 1513 dotes
317 1460 401 1528 liujus
426 1460 501 1526 regui
528 1460 567 1514 eis
591 1459 698 1528 juribus
724 1474 756 1513 ac
782 1458 928 1527 privilegiis
956 1456 1010 1512 frui
1035 1458 1163 1526 patiatur,
1190 1471 1261 1525 quae
1284 1462 1406 1524 tempore

217 1541 336 1598 defuncti
353 1543 528 1610 Imperatoris
545 1544 631 1598 bonae
648 1543 793 1598 memoriae
812 1543 851 1597 eis
869 1542 977 1597 fuerint.

311 1625 379 1679 Item
397 1633 485 1681 rector
502 1643 607 1695 quoquo
625 1627 963 1695 universitatisPrageusis
981 1643 1040 1681 eum
1058 1624 1211 1680 doctos-Ibus
1230 1630 1258 1681 et
1269 1625 1406 1694 mamstris

209 1708 274 1772 jura
292 1724 341 1762 sua
359 1725 391 1762 ac
407 1711 549 1780 privilegia
566 1712 709 1778 retineant,
728 1726 798 1779 quae
816 1712 856 1765 eis
873 1726 1002 1765 concesse
1020 1716 1083 1765 sunt
1100 1725 1117 1763 ι
1133 1709 1211 1778 papis
1229 1716 1258 1763 et
1275 1707 1403 1765 defuncto

213 1792 378 1860 Imperatore
397 1799 423 1847 et
441 1808 457 1846 a
474 1792 551 1861 Rege
568 1807 654 1860 usque
672 1793 706 1846 ad
723 1793 775 1848 hoc
792 1799 905 1862 tempus.

311 1876 379 1930 Item
397 1876 513 1931 barones
535 1892 567 1930 ac
588 1877 692 1931 nobiles
713 1876 777 1945 jura
800 1892 849 1931 sna
874 1877 1018 1946 retineant,
1042 1891 1109 1931 nese
1128 1877 1217 1930 eleros
1235 1890 1269 1931 ea
1286 1881 1409 1932 attenuet

209 1959 273 2028 jure
291 1976 339 2015 suo
357 1976 443 2028 nuper
461 1961 621 2028 excogitato,
640 1960 709 2014 sicut
727 1960 825 2016 domiui
844 1977 915 2015 nunc
933 1960 1029 2015 diebus
1047 1966 1163 2028 quatuor
1175 1965 1330 2027 temporum
1350 1974 1410 2014 een·

211 2043 324 2098 tentiam
342 2045 469 2098 tulerunt.

311 2126 379 2181 Item
396 2128 467 2195 qnod
485 2127 520 2183 ad
533 2128 565 2182 D.
584 2127 779 2196 archiepiscopi
790 2129 1000 2183 controversiam
1020 2144 1080 2182 cum
1094 2127 1278 2198 Prageusibus
1299 2129 1403 2197 attinet,

211 2212 245 2267 D.
264 2211 482 2280 archiepiscopus
500 2211 631 2279 declaret,
648 2227 708 2265 cum
726 2212 881 2267 sacerdotes
899 2212 934 2266 ed
953 2228 982 2267 se
995 2214 1132 2268 venisseut
1147 2212 1251 2281 sibique
1264 2211 1404 2280 dixissent

212 2293 363 2360 Prageuses
386 2308 434 2346 suo
458 2292 590 2347 arbitratu
608 2292 633 2345 ιι
652 2307 733 2360 egere
752 2309 783 2347 ac
801 2292 934 2348 beneticia
952 2296 1003 2350 sibi
1020 2295 1164 2360 ademisse,
1181 2304 1239 2352 tum
1256 2311 1286 2352 se
1304 2297 1401 2364 (archi
1424 2324 1486 2332 —

212 2377 377 2445 episcopum)
404 2377 499 2430 literas
525 2382 619 2430 contra
645 2392 691 2431 eos
718 2377 844 2445 edidisse,
871 2380 1088 2448 qnandoquidem
1111 2398 1168 2436 rem
1194 2383 1234 2437 its
1257 2398 1288 2439 se
1306 2384 1406 2451 habere

211 2464 334 2528 putaret;
351 2477 433 2528 quum
451 2475 514 2513 vero
531 2461 714 2529 comperisset,
732 2462 803 2528 regis
818 2463 899 2531 jussu
916 2463 945 2518 id
962 2461 1064 2518 iactum
1082 2481 1152 2528 esse,
1169 2465 1265 2522 literas
1290 2481 1337 2523 eas
1359 2469 1404 2524 ab·

209 2543 322 2611 rogavit,
335 2559 422 2612 neque
433 2544 615 2611 Prsgeusibus
629 2553 777 2612 succenset,
790 2547 862 2614 qnod
874 2548 946 2615 regis
958 2550 1113 2605 mandatum
1126 2550 1300 2620 perfecerim,
1318 2567 1405 2621 neque

214 2625 247 2683 iis
264 2627 329 2681 mali
346 2626 491 2695 quidquam
509 2629 613 2682 crimini
631 2629 686 2683 det.

309 2714 400 2778 Atque
421 2712 489 2766 haee
510 2713 608 2781 omnia,
631 2729 701 2780 quae
724 2716 996 2784 commemoravimus,
1021 2723 1052 2772 ut
1077 2725 1105 2772 et
1121 2718 1208 2786 Regia
1225 2719 1361 2789 Maiestas
1378 2728 1406 2776 et

210 2794 245 2851 D.
262 2795 481 2864 archiepiscopus
499 2796 587 2858 iaciat,
605 2812 721 2866 aequum
738 2799 816 2853 nobis
833 2799 948 2854 videtur.

311 2878 396 2945 Cuius
418 2879 457 2933 rei
482 2880 662 2934 testimouium
688 2888 718 2935 ut
735 2888 831 2950 exstet,
850 2899 898 2937 nos
915 2884 1041 2953 priuceps
1058 2884 1228 2955 Rudolplrus,
1245 2886 1303 2943 dux
1320 2890 1404 2946 Saxo·
1472 2920 1486 2931 -

210 2962 271 3016 uiae
289 2975 342 3029 ro,
366 2963 491 3032 priuceps
508 2965 697 3034 Weueeslaus,
723 2968 877 3035 patriarcha
901 2969 1086 3025 Antiocheuus
1109 2984 1164 3039 aa,
1189 2972 1317 3042 priuceps
1336 2975 1402 3042 Gou-
1462 3003 1486 3014 -

208 3046 290 3100 radus
293 3048 450 3115 ,episcopus
461 3047 645 3103 Olomuceusis
657 3062 700 3116 oo,
714 3050 804 3105 Stibor
815 3051 870 3105 dux
880 3051 1109 3122 Transsilvanise,
1122 3055 1215 3111 Lacelr
1227 3054 1262 3111 de
1281 3058 1401 3126 Κιιιιιι,
1453 3097 1486 3125 .

208 3131 299 3196 regiae
327 3132 406 3191 aulae
433 3131 587 3199 praefectus
606 3145 649 3199 sc,
669 3133 752 3188 Sulek
779 3136 893 3189 antistes
918 3136 987 3190 Dhot
976 3137 1144 3206 telonensis,
1164 3140 1345 3197 wenceslaus
1369 3141 1402 3198 de
1427 3156 1486 3197 ε

209 3213 634 3282 Douin,Bohuscomu1eudator
658 3218 691 3272 de
710 3219 840 3288 Manetin,
859 3220 977 3274 Zmrzlilr
994 3229 1118 3276 monetae
1137 3223 1305 3321 praefectus,
1323 3225 1486 3281 Nice—

209 3297 271 3350 laus
289 3296 436 3361 cervario,
455 3301 531 3369 sigua
548 3308 641 3355 nostra
658 3304 701 3356 his
718 3304 830 3358 ιιιιιιι
822 3307 1014 3373 impressimus,
1032 3307 1178 3363 consiliarii
1195 3309 1282 3378 regis3
1301 3319 1330 3366 et
1345 3326 1486 3380 uost-

208 3381 329 3436 Joanuos
347 3382 380 3436 de
398 3383 474 3438 Nova
499 3385 586 3455 domo,
604 3386 728 3442 Andreas
754 3388 787 3442 dc
806 3390 894 3456 Dnba,
912 3389 1009 3445 Petrus
1035 3391 1069 3445 de
1093 3390 1196 3462 Βιιιι,
1214 3393 1341 3449 Βιιιιιιι
1369 3393 1486 3450 (ιε

209 3464 339 3533 Wiuaiic,
349 3467 526 3523 Wencesleus
545 3469 578 3523 de
588 3471 697 3533 Lestna
714 3472 855 3527 Etherdus
873 3473 907 3528 de
918 3475 1044 3538 IIunstat,
1061 3475 1195 3531 HeurIcus
1212 3476 1248 3532 de
1264 3477 1481 3546 Piumlosrr-
1477 3517 1485 3545 ,

210 3548 276 3602 Suril
293 3548 327 3602 de
349 3550 459 3619 Bietow,
483 3553 556 3607 sens
583 3554 615 3608 de
639 3555 752 3622 Seidow,
770 3557 861 3612 Lifcht
886 3559 968 3613 aulae
985 3559 1139 3628 praefectus
1165 3559 1243 3616 ducis
1259 3561 1391 3617 Saxouioe
1471 3600 1478 3628 ,

209 3631 330 3688 Ioannes
349 3633 382 3688 de
401 3633 561 3703 Kodmberk,
579 3638 664 3693 Jesek
683 3640 858 3696 deltonem
877 3643 1007 3711 multique
1025 3644 1071 3698 alii
1088 3644 1193 3699 nobiles
1211 3645 1355 3701 adfuimus

310 3716 409 3770 Datum
437 3719 506 3773 feria
531 3721 651 3775 secunda
677 3731 739 3791 post
769 3722 868 3779 testum
897 3742 918 3781 s.
936 3728 1068 3796 Procopii,
1095 3744 1166 3782 euno
1189 3728 1253 3799 post
1269 3729 1462 3785 Christum

209 3804 302 3854 uatum
320 3801 461 3856 millesimo
479 3804 744 3874 quadringentesimo
763 3808 911 3863 undecimo.
