2992 5258
145 391 208 454 218
381 386 574 442 decusationes
592 387 630 442 M.
647 386 672 442 J.
690 386 749 442 llus
768 387 880 457 ejusque
898 402 1036 456 responsa
1069 390 1094 444 θ.

142 591 232 661 focio,
255 607 310 665 ouo
332 594 376 650 est
396 591 428 648 in
442 592 561 650 mortali
576 591 705 660 crinitae,
722 595 834 664 peccat,
858 592 1001 667 quidquid
1011 591 1122 664 secer-it,
1144 592 1172 650 et
1185 607 1245 662 per
1264 606 1335 650 coa·

143 706 268 762 septiens
294 691 475 761 prohibetur,
514 710 550 751 nc
571 693 614 751 sic
632 693 744 764 faeiat,
768 696 795 750 et
809 709 867 764 per
887 709 1066 766 consequens
1086 690 1277 764 suspenditur
1297 690 1336 749 alr

144 789 198 847 illo
220 790 317 862 offic-io
338 791 436 863 qriood
458 794 517 849 se.“

242 889 304 947 Iste
325 890 463 949 articulus
485 891 602 962 ponitur
624 888 694 962 cap⁰
709 891 809 949 ultimo
824 892 854 950 in
870 889 1000 959 2⁰iolio,
1024 896 1054 950 et
1074 889 1215 962 probatur
1237 888 1337 962 quoad

147 990 369 1060 suspensionem
384 1007 402 1048 a
417 990 558 1063 dignitate
579 1007 633 1063 per
654 990 732 1049 istud
755 990 850 1050 Ozeae
865 987 911 1063 4⁰,
932 992 982 1049 ubi
1005 990 1076 1049 dicit
1097 990 1185 1049 dens:
1208 989 1284 1060 Quia
1304 994 1337 1047 tu

144 1088 293 1147 scientiam
313 1089 456 1161 repulisti,
478 1106 533 1163 ego
556 1097 584 1149 te
605 1090 755 1162 repellam,
777 1108 814 1150 ne
837 1091 1003 1150 sacerdotio
1025 1089 1156 1162 fungaris
1177 1088 1257 1151 mihi.
1295 1089 1339 1149 Et

143 1187 239 1246 Isaiae
263 1187 296 1246 1⁰
316 1189 352 1247 ab
375 1188 481 1258 officio,
502 1206 539 1248 ne
551 1188 679 1249 offeratis
695 1191 772 1248 ultra
787 1189 959 1250 sacrificinm
974 1190 1092 1248 trustra.
1114 1190 1155 1248 Et
1168 1188 1335 1248 Malachiae

144 1283 186 1346 1⁰:
209 1288 275 1346 Non
297 1296 343 1347 est
364 1288 433 1349 mihi
455 1289 588 1349 voluntas
611 1291 642 1348 in
656 1290 747 1360 robis,
770 1298 800 1350 et
820 1308 922 1351 munus
944 1307 1001 1350 non
1025 1290 1165 1363 accipiam
1187 1289 1225 1347 de
1246 1305 1337 1347 mana

144 1395 252 1445 vestra.
294 1388 334 1447 Et
355 1388 402 1447 lex
424 1389 495 1449 dioit
516 1390 651 1450 Levitici:
682 1389 836 1460 Sacerdos,
857 1392 887 1450 in
910 1407 1086 1464 quacumque
1107 1389 1196 1448 inerit
1216 1387 1337 1457 macula,

144 1501 204 1545 non
242 1486 348 1547 offerat
377 1505 468 1561 panas
491 1489 547 1548 deo
570 1507 636 1563 sno;
676 1497 706 1550 ct
732 1491 883 1563 apostolus
905 1492 919 1551 I
941 1490 1008 1550 cor.
1031 1493 1064 1549 6:
1101 1490 1157 1561 Qui
1184 1488 1270 1558 dicit,
1303 1504 1336 1548 se

147 1587 296 1658 accepisse
317 1588 374 1647 hoc
394 1605 412 1646 a
431 1589 557 1660 domino,
579 1589 734 1661 suspendit
755 1606 855 1650 omnes
877 1591 1050 1650 criminosos
1071 1607 1090 1650 a
1110 1588 1336 1649 manducatione

145 1687 276 1758 corporis
307 1688 414 1747 domini
443 1695 473 1748 et
501 1689 642 1748 bibitione
666 1691 825 1763 sanguinis,
847 1698 878 1750 et
897 1706 953 1762 per
977 1706 1159 1763 consequens
1181 1688 1338 1760 suspendit

145 1802 244 1845 omnes
267 1787 437 1847 criminosos
460 1790 649 1863 presbyteros
671 1805 689 1846 a
710 1789 880 1850 missatioue
902 1791 962 1850 sire
978 1789 1192 1848 ministratione
1208 1804 1334 1847 venera·

144 1885 211 1945 bilis
234 1889 407 1946 sacramenti
433 1896 463 1947 et
492 1890 564 1948 deus
587 1887 741 1962 suspendit
771 1890 956 1949 criminosum
985 1889 1191 1948 enarratione
1214 1904 1334 1946 suarum

143 1986 329 2058 justitiarum,
351 1996 381 2045 et
402 1988 447 2045 sui
469 1990 644 2047 testamenti.
674 1989 757 2047 Unde
780 1990 891 2060 psalmo
915 1985 971 2048 49⁰
992 1989 1064 2049 dicit
1083 1987 1239 2059 propheta:
1262 1987 1337 2047 Pec-

145 2087 236 2144 catori
262 2094 358 2146 antem
381 2087 454 2146 dixit
480 2089 569 2147 deus:
593 2090 687 2160 Quare
711 2096 741 2148 tu
763 2106 883 2147 enarras
902 2089 1032 2162 justitias
1057 2104 1137 2146 meas
1159 2093 1188 2145 et
1210 2087 1336 2145 assumis

143 2192 346 2245 testamentum
367 2204 461 2246 meum
483 2205 537 2260 per
558 2206 591 2248 os
613 2189 716 2249 tuum?

244 2286 313 2344 Cam
336 2303 405 2361 ergo
428 2289 610 2360 suspendere
631 2289 661 2347 in
683 2289 836 2361 proposito
858 2294 905 2348 est
925 2289 1118 2348 ministerium
1145 2286 1192 2344 rel
1213 2284 1335 2359 aliquod

144 2384 250 2444 bonum
272 2402 327 2457 pro
350 2388 470 2447 erimine
492 2389 657 2461 prohibere,
687 2389 741 2458 rel,
769 2397 800 2448 ut
825 2389 927 2456 dicunt
947 2404 1023 2447 nora
1045 2390 1122 2462 jara,
1149 2385 1336 2455 interdicere,

144 2483 327 2543 manifestum
358 2493 404 2545 est
425 2503 460 2544 cx
487 2489 661 2560 supradictis
684 2489 845 2560 scripturis,
878 2489 954 2561 qnod
977 2489 1050 2547 deus
1079 2486 1217 2559 prohibet
1238 2485 1336 2555 crimi-

144 2601 234 2643 nosos
265 2587 437 2646 incrimine
468 2587 593 2647 officium
624 2604 769 2657 exercere,
801 2595 831 2646 et
865 2588 908 2648 sic
935 2605 986 2646 eos
1018 2587 1171 2659 suspendit
1201 2601 1220 2644 a
1249 2600 1333 2645 sacro

144 2682 250 2755 officio,
283 2687 360 2759 qnod
382 2703 418 2744 ex
440 2693 597 2759 praecepto
628 2688 677 2746 dei
699 2688 808 2747 debent
830 2688 892 2746 sine
915 2689 1033 2746 crimine
1056 2701 1204 2745 exercere.
1249 2684 1348 2744 Unde.

145 2784 217 2843 dicit
243 2801 297 2857 per
322 2787 443 2845 Isaiam:
464 2787 652 2857 llundamini,
675 2789 723 2860 qui
752 2787 834 2845 tertis
864 2804 934 2846 vasa
961 2787 1078 2845 domini.
1121 2787 1161 2845 Et
1181 2785 1335 2856 apostolus

143 2882 157 2940 1
180 2883 246 2946 Cor.
268 2885 368 2943 ultimo
391 2887 473 2945 dicit:
511 2886 614 2945 Omnia
636 2894 732 2945 restra
753 2889 784 2945 in
806 2889 928 2948 caritate
950 2885 1028 2957 fiant,
1052 2894 1081 2946 et
1103 2902 1156 2944 rae
1178 2885 1249 2954 illis,
1286 2885 1336 2957 qni

144 2984 270 3071 scienter
297 2985 469 3044 incrimine
499 2993 638 3045 exercent
667 2987 857 3046 ministerium
887 2988 995 3046 domini
1017 2989 1089 3045 lesu
1111 2986 1235 3056 Christi3
1265 2990 1335 3043 tunc

145 3085 219 3142 euim
249 3092 380 3160 peccant,
410 3092 531 3158 peccato
564 3087 731 3146 omissionis
761 3089 970 3159 poenitentiam
995 3087 1173 3156 differentes,
1205 3085 1335 3166 indigne.

143 3184 244 3242 illicite
272 3191 303 3244 et
326 3186 382 3245 deo
413 3186 604 3257 displicentes
631 3186 756 3246 officinm
784 3193 964 3246 exercentes.
1007 3188 1047 3245 Et
1074 3186 1142 3245 hinc
1168 3192 1335 3245 sanctorum

144 3299 271 3343 canones
293 3286 375 3344 multi
396 3292 463 3345 sunt
483 3286 572 3357 positi
593 3287 793 3360 prohibentes,
815 3304 852 3345 ne
876 3286 1023 3345 criminosi
1046 3290 1236 3353 sacramenta,
1268 3283 1336 3342 dum

144 3385 261 3443 suntin
284 3386 403 3445 crimine
418 3386 542 3459 publico,
564 3387 774 3462 administrent,
802 3396 890 3459 prout
910 3387 1016 3445 adduxi
1037 3387 1070 3445 in
1090 3385 1200 3455 libello,
1222 3384 1274 3442 ubi
1289 3388 1336 3442 est

145 3484 287 3543 articulus
309 3487 365 3544 iste
387 3487 424 3544 de
446 3489 649 3558 suspensione.

246 3586 295 3642 34.
320 3584 443 3657 „Cloraes
464 3587 504 3644 ud
524 3588 572 3644 sui
594 3589 798 3646 exaltationem
819 3590 966 3660 popul-nm
991 3588 1127 3646 laicalem
1148 3585 1205 3643 sili
1226 3601 1336 3657 suppe-

145 3685 231 3760 ottae,
252 3683 411 3743 maritione
424 3687 607 3758 nrultiplicat
629 3689 774 3747 malitiam
792 3690 918 3761 protepit
937 3691 963 3746 ot
976 3688 1055 3744 aiom
1064 3687 1230 3757 praeeperat
1244 3684 1335 3742 Arati·

142 3784 279 3843 cleristo“.
302 3785 477 3859 Intelligitur
492 3787 528 3844 dc
552 3788 630 3847 claro
652 3787 736 3856 malo,
759 3796 790 3846 et
811 3789 971 3859 prolnlolor
986 3794 1033 3845 est
1050 3787 1115 3858 plus
1131 3801 1216 3858 quam
1232 3801 1336 3857 vcrus3

142 3885 185 3943 ita
205 3887 354 3943 vicerersa
375 3886 470 3945 clerus
493 3888 585 3946 bouus
615 3888 661 3969 ad
684 3904 765 3945 suam
787 3889 945 3946 salutarem
967 3886 1172 3945 exaltationem
1194 3885 1337 3957 populum

143 3984 278 4046 laicalem
292 3984 433 4056 aedificat,
455 3988 605 4046 avaritiam
620 3988 720 4058 calcat
742 3989 879 4046 malitiam
902 3986 1106 4066 (supplantat,
1127 3985 1202 4043 viam
1225 3984 1339 4047 Christi

145 4084 292 4150 clarificat.
1028 4136 1031 4141 .

242 4188 302 4246 Iste
324 4187 463 4246 articulus
495 4188 613 4258 ponitur
634 4184 705 4259 oap⁰
733 4187 847 4257 ultimo,
881 4194 910 4248 et
938 4188 1033 4261 quoad
1063 4187 1183 4258 primam
1212 4192 1337 4258 partem,

145 4287 206 4346 scil.
235 4287 312 4359 quod
334 4289 429 4346 oleras
451 4288 590 4359 populum
612 4288 744 4347 laicalem
771 4288 828 4346 sibi
850 4289 1032 4360 suppeditat,
1061 4291 1144 4357 patet
1171 4287 1267 4358 primo
1297 4286 1335 4345 al)

146 4389 342 4459 experientia:
385 4406 451 4446 nam
488 4376 583 4447 clerus
613 4407 675 4447 cum
704 4390 792 4447 Petro
822 4389 859 4446 do
881 4389 971 4458 Luna,
1005 4387 1054 4461 qui
1082 4402 1114 4444 se
1143 4385 1337 4446 Benedictum

145 4488 282 4557 nominat
316 4490 484 4561 suppeditat
502 4490 541 4548 ad
562 4490 607 4547 sni
628 4489 825 4548 obedientiam
852 4490 988 4560 populum
1010 4488 1158 4558 laicalem;
1202 4485 1339 4545 similiter

145 4586 242 4647 clerus
264 4605 328 4648 cum
349 4590 461 4663 Angolo
484 4589 616 4660 Coriarii,
638 4591 687 4664 qui
709 4607 740 4649 sc
765 4590 937 4664 Gregorinm
960 4590 1017 4648 Xll
1038 4588 1177 4662 nominat,
1199 4587 1332 4648 laicalem
