2992 5258
150 373 169 436 6
606 369 744 438 Epistulae
762 369 878 439 scriptae

150 571 295 655 apostoli,
310 588 373 636 non
389 571 489 636 solum
506 572 644 637 ltomano
660 570 801 653 pontifici
815 591 852 638 ac
866 572 943 638 Patti
964 572 1031 637 vas
1045 591 1133 638 meae
1155 574 1341 639 intentionis

150 678 200 759 est
221 670 360 751 obedire,
391 670 447 736 sed
469 670 553 736 omni
575 673 730 738 hnmanae
761 678 926 738 creaturae
949 671 1063 754 subjici
1085 679 1217 755 propter
1238 674 1341 753 deum,

150 773 217 838 sive
239 773 328 854 gregi
351 771 573 854 praecellenti,
596 772 663 838 sive
685 772 818 838 ducibus
840 780 999 854 tamquam
1020 774 1060 839 ab
1082 792 1120 840 eo
1142 774 1256 839 missis.
1300 776 1342 841 Et

149 873 233 939 infra
254 871 415 938 subditur:
438 872 557 938 subditi
580 878 683 938 estote
705 873 737 937 in
759 872 843 937 omni
859 873 973 938 timore
989 873 1123 939 dominis
1139 892 1201 939 non
1220 881 1341 941 tautum

149 974 241 1040 bonis
263 981 297 1038 et
310 972 472 1050 modestia
494 973 551 1039 sed
573 974 667 1039 etiam
683 974 829 1056 dyscolis,
853 974 935 1040 Ecce
958 975 1114 1057 praecipit
1133 974 1251 1040 Christi
1266 995 1341 1057 apo·

150 1075 251 1140 stolus
267 1074 352 1139 omui
368 1079 533 1140 creaturae
548 1074 704 1140 humanae
723 1081 756 1140 et
770 1075 962 1158 praepositis
977 1074 1108 1142 obedire
1123 1075 1269 1158 dyscolis
1285 1078 1342 1142 sed

150 1181 283 1256 propter
304 1174 406 1254 deum,
437 1191 501 1239 non
522 1175 554 1240 in
577 1174 722 1257 dyscolis,
753 1174 811 1239 sed
835 1174 991 1241 mandatis
1014 1175 1125 1256 licitis,
1155 1175 1342 1241 sonantibus

150 1275 183 1339 in
204 1274 327 1339 laudem
349 1274 575 1357 omnipotentis
603 1273 672 1353 dei,
706 1275 790 1338 servi
805 1278 854 1338 ‘nt
881 1274 1031 1340 obediant
1059 1276 1206 1341 dominis
1222 1277 1286 1340 suis
1309 1284 1340 1342 et

150 1374 310 1457 praelatis.
354 1374 512 1455 Quidquid
537 1392 613 1455 ergo
637 1374 795 1439 ltomanns
821 1374 964 1456 pontifex
987 1374 1161 1457 Gregorius
1183 1376 1270 1440 llllus
1292 1378 1342 1441 vel

150 1480 260 1541 sancta
280 1478 382 1539 mater
404 1474 547 1555 ecclesia,
569 1474 631 1540 imo
654 1474 722 1541 Pat.
746 1474 800 1539 V¹⁸
821 1474 907 1541 licite
923 1475 1129 1555 mandaverit,
1152 1476 1223 1542 volo
1240 1477 1340 1541 humi-

150 1576 224 1642 liter
245 1573 384 1641 obedire:
419 1573 662 1641 Contentionem
683 1581 789 1640 antem
810 1593 870 1657 pro
892 1574 1071 1658 majoritate
1093 1576 1196 1642 laudis
1217 1596 1341 1660 nequeo

150 1676 331 1759 imponere,
372 1675 446 1757 quia
474 1675 559 1741 illam
587 1676 726 1741 salvator
752 1676 915 1758 prohibuit
943 1675 1106 1760 discipulis
1137 1678 1242 1743 Lucae
1271 1678 1341 1751 XII,

149 1796 208 1843 nec
230 1775 268 1840 D.
290 1774 473 1858 apostolico
495 1776 670 1843 adhaerere
692 1776 724 1840 in
747 1776 814 1856 hoc,
838 1777 922 1858 qnod
939 1777 1154 1858 juramentum
1173 1777 1289 1842 factum
1309 1784 1341 1841 et

150 1877 209 1942 toti
225 1877 315 1957 quasi
337 1875 571 1942 Christianitati
593 1876 793 1943 manifestum
815 1894 877 1942 non
898 1883 1014 1957 teneat,
1038 1878 1111 1960 quia
1133 1885 1168 1943 nt
1182 1878 1228 1943 sic
1243 1876 1341 1943 forem

149 1976 329 2044 contrarius
345 1975 480 2056 Christo,
498 1977 551 2058 qni
567 1977 644 2044 dicit
655 1978 767 2044 Matth.
792 1978 834 2041 V⁰
851 1998 859 2042 :
886 1979 946 2055 ,sit
961 1996 1066 2044 sermo
1081 1985 1190 2045 vester
1205 1986 1264 2058 est,
1281 1985 1339 2050 est,

149 2096 222 2158 nou,
236 2078 329 2157 non,“
354 2083 387 2143 ct
401 2077 455 2159 qui
471 2077 548 2144 dicit
570 2096 628 2161 per
644 2078 846 2161 prophetam:
871 2086 1004 2159 „vovete
1027 2085 1060 2143 et
1076 2080 1201 2145 reddite
1216 2080 1342 2145 domino

149 2178 211 2243 dee
233 2176 368 2242 vestro.“
392 2177 436 2242 Et
456 2177 502 2243 sic
524 2177 627 2258 quoad
649 2177 712 2242 ista
732 2176 804 2256 duo,
827 2177 894 2242 scil.
917 2176 957 2242 ad
983 2177 1218 2242 contentionem
1240 2195 1342 2261 papae

32 2324 34 2328 »
149 2286 183 2346 et
196 2277 367 2361 antipapae
380 2284 414 2343 et
436 2296 499 2343 non
510 2278 686 2344 tentionem
704 2277 886 2360 juramenti,
902 2295 971 2342 sum
986 2276 1156 2355 neutralis;
1179 2295 1241 2342 uon
1260 2279 1343 2343 sicut

149 2379 253 2462 grossi
264 2378 434 2461 accipiunt,
460 2380 513 2460 qui
526 2397 589 2446 non
606 2379 710 2444 sciunt
721 2379 878 2460 quomode
900 2378 962 2444 iste
978 2378 1132 2443 terminus
1150 2379 1341 2459 „neutralis“

149 2486 200 2547 est
221 2479 401 2559 relativum,
431 2480 515 2546 sicut
543 2480 612 2560 ejus
639 2478 770 2561 simplex
798 2495 902 2559 aque
930 2477 1145 2560 componitur,
1176 2478 1342 2560 requirens

149 2579 358 2646 substantiam
369 2578 577 2663 adjacentiam
585 2579 679 2659 (ric).
692 2578 785 2644 Unde
796 2597 859 2645 neu
871 2577 1137 2660 estintelligibila
1150 2598 1220 2644 cum
1228 2578 1344 2645 dicitur

151 2681 231 2760 ,iste
247 2686 296 2748 est
310 2679 493 2760 neutralis,“
518 2681 546 2747 si
569 2698 632 2745 non
653 2679 789 2745 addatur
814 2678 854 2743 ad
875 2678 931 2745 illa
952 2678 1024 2759 duo,
1048 2685 1082 2744 et
1103 2678 1342 2760 determinetur,

148 2783 180 2847 in
203 2800 265 2864 que
287 2787 338 2848 est
358 2780 514 2848 neutralis
536 2780 639 2862 quoad
660 2779 811 2846 auxilium
835 2779 1022 2846 intentione.
1059 2779 1101 2844 Et
1124 2780 1258 2846 ulterius
1279 2799 1344 2846 non

149 2883 303 2964 seqnitur,
325 2880 410 2963 qnod
431 2880 485 2948 ille
507 2882 623 2947 tertius
645 2882 688 2947 sit
710 2881 874 2961 neutralia,
897 2881 981 2962 quod
1002 2879 1109 2946 nentri
1124 2880 1249 2946 illorum
1266 2881 1344 2947 velit

149 2981 296 3063 obedire,
318 2987 355 3047 ut
376 2980 512 3063 exempli
534 2981 654 3062 gratia,
683 2982 710 3047 si
731 2981 820 3047 Petri
841 2986 943 3046 mater
964 2980 1129 3046 contendit
1150 3000 1220 3047 curn
1242 2988 1344 3063 patre,

149 3085 265 3149 Petms
286 3088 323 3149 ut
343 3079 426 3147 filius
447 3079 549 3147 fidelis
570 3081 726 3148 neutralis
748 3081 845 3148 debet
870 3100 941 3147 esse
963 3081 996 3146 iu
1017 3080 1134 3148 auxilio
1156 3081 1188 3147 in
1212 3088 1343 3148 conten·

149 3183 236 3249 tione
257 3182 298 3248 ad
320 3188 443 3264 patrem
472 3189 506 3247 et
533 3187 682 3261 matrem,
715 3188 748 3248 et
778 3187 842 3248 tarn
862 3182 948 3263 patri
976 3201 1069 3263 quam
1096 3182 1189 3248 matri
1212 3181 1345 3260 obedire

149 3283 246 3349 debet
273 3281 306 3346 in
334 3280 438 3347 licitis.
482 3280 574 3347 Unde
596 3282 711 3348 Petrus
740 3300 803 3347 non
833 3282 928 3347 debet
957 3299 1029 3346 esse
1059 3283 1214 3349 neutralis
1240 3283 1345 3365 quoad

149 3382 372 3462 obedientiam,
395 3383 452 3449 sed
467 3383 621 3449 neutralis
637 3383 740 3464 quoad
756 3382 905 3449 auxilium
920 3383 1142 3461 contentionis,
1158 3382 1233 3465 quia
1247 3383 1345 3449 debet

150 3483 321 3550 secundum
343 3500 439 3566 posse
461 3483 695 3549 contentionem
717 3483 895 3566 hujusmodi
921 3483 1085 3567 impedire,
1108 3491 1143 3550 ut
1165 3489 1229 3549 tam
1251 3489 1345 3566 pater

149 3603 243 3668 quarn
264 3590 366 3649 mater
387 3585 588 3667 apprehensa
609 3603 687 3667 pace
709 3584 810 3650 tutius
831 3602 976 3650 amorosa
991 3585 1226 3663 couvenientes,
1248 3601 1343 3665 gene·

150 3692 224 3752 rent
244 3687 341 3751 Petro
362 3683 488 3750 fratres.

252 3784 401 3852 Ceterum
416 3791 509 3867 pater
532 3785 693 3851 carissime
715 3786 870 3868 simulque
891 3786 1173 3853 reverendissimel
1196 3784 1272 3850 mihi
1288 3785 1345 3848 irn-

150 3886 285 3969 piugnnt
306 3887 368 3951 mei
389 3887 506 3952 inimici
529 3887 671 3953 convicia
698 3888 782 3953 sicut
809 3894 1043 3954 consueverunt
1074 3890 1169 3969 longo
1191 3895 1344 3970 tempore,

151 3987 191 4052 de
213 3987 328 4068 quibus
350 3987 479 4070 longum
501 3988 585 4054 foret
606 3989 758 4067 scribere,
788 3988 845 4055 sed
872 4007 956 4054 nnnc
986 3989 1027 4055 ad
1048 3994 1170 4055 tuntum
1193 3987 1344 4053 sufficiat:

151 4086 264 4169 quodsi
288 4087 341 4152 Vs·
362 4088 429 4153 Pat.
452 4089 485 4153 in
507 4107 557 4154 me
586 4089 710 4172 culpam
736 4089 911 4168 invenerit,
941 4089 1012 4154 velo
1039 4107 1162 4171 poenae
1184 4087 1345 4154 humiliter

151 4188 326 4270 subjacere.
350 4189 438 4271 Rogo
460 4194 565 4258 tamen
586 4190 750 4256 humiliter
771 4197 903 4273 propter
924 4190 1028 4270 deum,
1050 4208 1092 4255 ne
1112 4191 1179 4255 Pat.
1203 4189 1257 4252 ν’·
1278 4207 1344 4255 onr-

151 4287 245 4353 nibus
267 4285 361 4354 fidem
381 4288 539 4370 adhibeat,
569 4291 698 4357 etmihi
730 4290 975 4372 praedicationis
1002 4290 1177 4371 suspendat
1198 4289 1342 4368 officinm,

152 4387 226 4469 quia
247 4386 392 4472 percepit
420 4389 545 4456 literale
573 4391 805 4468 testimouium,
835 4391 918 4472 quod
947 4391 987 4456 ab
1009 4390 1191 4456 obedientia
1211 4391 1343 4457 Romani

152 4486 310 4570 pontificis
332 4489 479 4571 Gregorii
501 4490 562 4555 XII
592 4508 654 4556 non
684 4490 834 4571 discessi,
861 4491 923 4556 ime
952 4490 1004 4557 die
1026 4490 1182 4557 dominico
1203 4491 1344 4574 proxime

151 4588 328 4673 praeterito
343 4589 468 4672 publice
490 4592 523 4657 in
544 4592 677 4657 ambone
698 4590 888 4673 praedicavi,
911 4591 996 4672 quod
1010 4610 1073 4657 uon
1089 4593 1208 4658 recessi
1227 4611 1344 4676 apapa
