2992 5258
159 403 219 466 126
374 395 514 466 Epistolae
532 397 648 465 scriptae
666 395 842 450 Constantine
860 410 953 450 mense
970 394 1053 450 Junio
1072 395 1139 450 1415

153 600 271 683 Judicis
291 601 325 665 in
347 597 502 682 patientia
529 604 763 682 exspectantes.
808 599 950 665 Obsecro
973 616 1029 664 vos
1051 616 1110 681 per
1131 598 1256 664 viscera
1274 598 1355 665 dean

157 699 285 780 Christi,
308 699 392 782 quod
413 695 515 765 malos
538 699 723 766 sacerdotes
746 698 885 779 fugiatis,
908 699 1009 764 bonos
1030 706 1137 765 antem
1149 700 1242 781 juxto
1255 717 1355 783 opert

157 820 266 868 eorum
287 800 437 882 diligatis
460 806 493 864 et
514 805 666 880 quantum
687 800 720 865 in
742 800 833 864 vobis
855 807 913 878 est,
944 818 1077 866 unacum
1099 800 1171 865 aliis
1191 798 1350 879 fidelibus,

156 902 330 969 baronibus
351 909 385 968 ct
396 901 532 967 dominis
554 918 618 965 uon
641 901 834 982 permittatis
857 918 912 966 eos
942 900 1137 983 opprimere3
1160 919 1234 967 nam
1255 918 1355 983 prop·

156 1012 247 1070 terea
269 1021 324 1069 vos
356 1002 436 1068 deus
468 1001 539 1067 aliis
569 1003 764 1085 praeposuit.
812 1001 857 1067 Ut
885 1019 944 1084 ego
971 1002 1116 1081 aestimo,
1146 1002 1209 1067 erit
1238 1018 1353 1082 magur

156 1104 338 1187 persecutio
360 1103 393 1168 iu
415 1119 513 1184 regno
537 1102 707 1167 Bohemiae
729 1103 866 1181 illorum,
888 1101 942 1183 qui
963 1100 1104 1167 fideliter
1124 1100 1185 1167 deo
1200 1102 1354 1182 serviunt,

156 1207 184 1272 si
205 1205 285 1271 deus
306 1222 418 1272 manns
439 1221 513 1269 snas
535 1219 598 1268 uon
620 1203 808 1286 apposuerit
828 1221 887 1287 per
908 1204 1070 1268 seculares
1091 1202 1246 1284 dominos,
1273 1218 1355 1285 quos

155 1306 189 1371 in
209 1306 281 1389 lege
311 1323 369 1370 sua
390 1305 462 1388 plus
489 1303 710 1386 spiritualibus
737 1301 934 1370 illuminavit
978 1304 1005 1370 Ο
1036 1309 1156 1386 quanta
1183 1301 1355 1371 dememioe

157 1407 357 1490 evangelium
378 1405 507 1486 Christi,
531 1403 698 1487 epistolam
726 1405 826 1487 Pauli,
866 1423 961 1487 quam
982 1403 1061 1471 dicit
1088 1421 1125 1470 se
1146 1422 1212 1471 non
1233 1404 1275 1471 ab
1297 1403 1355 1471 lio·

157 1507 242 1573 mine
264 1506 322 1572 sed
342 1525 362 1571 a
384 1503 512 1570 Christo
534 1504 707 1588 recepisse,
734 1510 768 1572 et
788 1504 906 1573 lactum
927 1503 1048 1571 Christi
1069 1522 1139 1571 cum
1161 1505 1255 1572 iactis
1277 1520 1354 1588 opo·

155 1607 311 1675 stolorum
332 1624 461 1672 suorum
489 1612 524 1672 et
545 1604 678 1671 aliorum
699 1612 882 1674 sauctorum
904 1613 940 1674 ut
961 1624 1105 1672 errorem
1123 1604 1353 1672 condemnaret

143 1708 279 1776 scilicet
307 1706 348 1773 de
376 1706 594 1773 commuuione
623 1707 814 1774 sacramenti
841 1707 949 1775 calicis
975 1706 1094 1773 domini
1123 1725 1182 1790 pro
1204 1705 1353 1773 omuibus

155 1809 271 1877 adultis
303 1806 450 1875 fidelibus
480 1807 664 1874 constituta.
708 1807 791 1875 Ecce
819 1827 961 1875 errorem
990 1808 1113 1890 dicunt,
1146 1804 1232 1890 quod
1262 1805 1355 1873 laicis

155 1909 302 1977 fidelibus
324 1909 434 1976 bibere
456 1908 532 1975 licet
554 1908 595 1973 de
616 1908 715 1975 calice
737 1909 874 1991 domiui,
903 1910 987 1976 etsi
1016 1909 1086 1991 quis
1113 1909 1285 1992 presbyter
1306 1906 1354 1974 sic

155 2012 266 2079 bibere
288 2009 431 2091 dederit,
464 2009 548 2093 quod
570 2016 729 2096 tamqnam
759 2028 914 2078 erroneus
941 2017 1125 2094 reputetur,
1157 2014 1192 2076 et
1212 2007 1276 2074 nisi
1297 2006 1353 2075 de·

154 2113 265 2195 sistat,
288 2118 447 2196 tamquam
473 2111 655 2176 haereticus
683 2111 921 2179 condemnetur.
972 2112 999 2178 Ο
1027 2117 1137 2178 sancte
1166 2109 1281 2176 Poulei
1314 2116 1351 2177 tn

49 2221 53 2228 '
155 2213 233 2280 dicis
246 2213 392 2280 omuibus
403 2210 563 2277 fidelibus:
589 2211 877 2296 „Quotiescumque
891 2211 1122 2279 manducabitis
1137 2228 1252 2294 panem
1266 2210 1353 2277 huuc

154 2321 188 2381 et
209 2314 339 2381 calicem
361 2311 487 2393 bibetis,
509 2317 645 2377 mortem
666 2313 785 2378 domini
807 2312 1049 2393 annuntiabitis,
1078 2310 1180 2378 donec
1202 2311 1351 2391 veniat;“

154 2415 214 2481 hoc
240 2421 412 2498 estusque
434 2413 519 2479 diem
534 2411 658 2495 Judicii
679 2413 714 2478 in
735 2432 796 2496 quo
818 2413 942 2480 veniet:
971 2419 1005 2478 et
1026 2430 1115 2493 ecce,
1134 2411 1199 2495 jam
1221 2409 1350 2492 dicitur,

155 2514 239 2597 quod
261 2514 459 2583 consuetudo
480 2515 640 2580 Romanae
664 2514 819 2580 ecclesiae
841 2521 893 2580 est
913 2514 945 2579 iu
968 2512 1166 2598 oppositum!

251 2631 359 2695 Eme.
377 2629 504 2688 Modera
521 2647 550 2700 p.
568 2628 616 2685 82.
650 2630 735 2687 diss,
761 2630 857 2687 Vienn.
875 2630 962 2693 4524,
975 2630 1000 2700 j.
1019 2629 1066 2684 80.
1088 2659 1116 2668 -
1147 2627 1233 2693 4557,
1244 2628 1271 2698 f
1289 2626 1351 2683 ut.

153 2717 217 2773 MS.
230 2735 293 2788 cop.
311 2716 440 2789 Prayss.
460 2717 503 2772 73.

251 2804 327 2858 Ede.
344 2805 377 2858 r'n
393 2804 449 2874 Ep
464 2806 546 2873 piiss.
565 2803 599 2855 B.
617 2799 644 2854 3.
682 2802 754 2872 Opp
776 2800 849 2863 Huc,
866 2802 892 2861 J,
919 2796 959 2854 63
975 2808 1001 2852 et
1018 2798 1061 2853 81.

656 2978 845 2988 --n——u-

719 3132 778 3208 79.

512 3324 771 3409 Amicis
822 3327 979 3410 auia.

150 3543 288 3597 Declarat
309 3541 438 3610 ,pietatem
455 3542 634 3595 intentionem
650 3545 749 3594 aaam“
768 3540 802 3594 de
824 3540 954 3594 articulis
970 3539 1024 3592 eibi
1042 3539 1166 3610 obiectis,
1184 3538 1347 3606 poeticoque

151 3629 212 3696 opit
227 3628 288 3696 rapi
305 3634 330 3678 et
346 3627 460 3696 repinae
477 3627 654 3695 omnibusque
672 3625 805 3679 Roboaria
823 3632 848 3680 ot
865 3624 997 3684 Polemio.
1025 3625 1073 3690 qai
1097 3640 1158 3675 eum
1178 3623 1210 3675 ia
1231 3623 1347 3676 concilio

655 3711 840 3779 adjuvabant.

632 3880 716 3945 (1415,
738 3881 770 3931 21
787 3878 864 3943 Jun.)

352 4045 477 4114 „lutimat
494 4059 570 4100 suam
592 4044 702 4099 finalem
719 4045 907 4112 intentionem,
935 4043 1052 4111 qualiter
1074 4059 1128 4097 uon
1151 4042 1209 4098 vult
1234 4046 1346 4111 propter

416 4128 501 4184 ialsoa
518 4128 569 4183 sibi
586 4127 720 4197 ascriptos
739 4128 869 4183 articulos
885 4127 1040 4182 recederet
1051 4126 1175 4194 variata,
1192 4142 1254 4182 cum
1271 4125 1346 4182 uuila

416 4212 569 4268 informatio
587 4213 623 4268 sit
640 4212 692 4267 sibi
709 4211 774 4266 data
791 4210 825 4267 de
843 4213 974 4280 opposito,
999 4217 1027 4266 et
1043 4217 1105 4279 post
1122 4211 1246 4269 omnibus
1263 4212 1345 4269 bene·

414 4296 562 4353 factoribus
589 4297 754 4367 regratiatnr
779 4301 860 4370 juxta
885 4298 1048 4365 exigentiam
1073 4295 1266 4352 beneficiorum
1292 4294 1344 4351 sibi

416 4382 621 4451 impensorum.“

248 4534 316 4602 Ista
326 4535 418 4603 estin
429 4535 556 4603 nomine
567 4534 647 4602 Jesu
658 4533 778 4601 Christi
797 4552 869 4601 mea
878 4531 981 4601 finalis
992 4535 1143 4602 intentio:
1165 4534 1251 4617 quod
1269 4534 1342 4602 nolo

148 4636 314 4721 articulos,
330 4636 384 4719 qui
398 4654 475 4705 rere
490 4635 625 4704 extracti
640 4640 725 4717 sunt,
749 4633 893 4703 confiteri
910 4652 982 4702 ease
1004 4652 1166 4716 erroneos,
1188 4654 1250 4703 uec
1271 4634 1341 4702 rolo
