2992 5258
217 432 259 487 87.
277 430 316 486 M.
334 433 359 486 J.
378 430 486 486 Korvilr.
522 433 564 487 38.
583 432 724 488 Sententia
741 449 871 490 excomm.
889 451 907 489 a
923 434 1068 503 Zbyncone
1086 388 1151 490 lata.
1225 440 1287 503 429

90 631 183 700 Unde
212 634 290 699 V¹⁸¹¹¹
319 634 387 702 Pat.
424 634 588 701 hortamur
625 636 787 701 humiliter
825 637 857 702 in
894 637 1020 703 domino
1058 645 1091 703 et
1128 656 1284 719 rogamus,

90 739 247 815 quatenus
274 752 409 802 rancore
439 735 627 818 postposito,
658 736 788 818 pietatis
810 756 976 803 resumens
1005 757 1105 821 opera
1132 747 1166 807 et
1188 739 1287 804 bono·

91 836 221 901 rabilem
244 836 346 901 vuum
368 837 409 902 M.
431 838 586 903 loannem
608 837 648 902 de
669 839 772 918 Praga
793 846 923 906 nostrae
945 839 1163 908 univcrsitatis
1186 839 1284 921 magi-

92 941 191 1001 strum
213 941 248 1002 et
271 936 470 1021 suppositum
493 938 618 1002 solvens
649 938 833 1018 avinculis,
860 939 953 1006 nobis
975 939 1077 1023 ipsum
1100 940 1288 1021 dignaretur

94 1033 246 1118 dingere
268 1055 308 1102 ax
330 1046 422 1120 parte
445 1040 534 1121 cujus
551 1038 620 1102 11ηρ
635 1038 711 1105 Patu
739 1037 950 1107 sufficientem
968 1039 1125 1122 Justitiam
1141 1041 1285 1106 volumus

95 1134 265 1204 efficaciter
293 1137 478 1204 ministrari.
521 1139 606 1204 Alias
636 1145 748 1204 cantra
774 1145 837 1205 tam
867 1140 1011 1206 insolitas
1039 1158 1206 1224 pressuras
1229 1157 1287 1223 pro

96 1233 246 1319 indigenti
274 1238 426 1304 vellemus
455 1239 596 1305 remedio
629 1239 769 1321 vigilare.
813 1240 885 1307 Dat.
909 1242 1040 1322 Pragae,
1069 1240 1126 1307 fer.
1158 1243 1193 1307 6⁸
1214 1248 1288 1324 post

98 1333 206 1403 lentum
237 1338 456 1405 translationis
478 1339 507 1406 S.
532 1339 720 1419 Wenceslai,
749 1360 788 1405 cx
815 1359 973 1408 consensu
1004 1347 1036 1408 et
1058 1342 1190 1410 consilio
1212 1358 1288 1407 aon·

101 1439 179 1504 cordi
200 1440 425 1522 magistrorum
448 1441 666 1508 universitatis
688 1451 827 1510 nostrae.
1245 1484 1250 1489 ·

375 1542 515 1610 lacobus
536 1541 576 1609 dc
598 1542 795 1610 Sobieslavia
815 1550 923 1610 rector
946 1544 1166 1612 universitatis
1187 1541 1284 1611 studii

463 1644 642 1726 Pragensis.

652 2010 714 2084 38.

60 2220 344 2342 Zbynconis
370 2234 683 2343 archiepiscopi
717 2233 945 2345 Pragensis
972 2239 1186 2319 sententia
1218 2265 1289 2318 ex·

55 2369 492 2453 communicationis
511 2380 662 2450 contra
681 2371 912 2480 magistros
941 2370 1094 2453 civium
1122 2380 1165 2452 ct
1189 2398 1289 2454 con-

49 2501 206 2586 sules
246 2505 468 2587 civitatum
494 2501 774 2615 Pragensium
808 2534 859 2587 ac
898 2503 1153 2616 burgravios
1185 2502 1290 2588 Pra-

44 2651 272 2733 gensem
292 2649 335 2721 et
358 2635 762 2749 Wybegradensem,
792 2650 921 2748 atque
941 2637 1157 2722 interdicti
1188 2668 1289 2721 con-

89 2776 196 2853 tra
222 2774 439 2855 civitatem
467 2771 728 2884 Progensem
755 2772 1051 2882 ambitumque
1078 2773 1258 2856 duorum

535 2907 839 2991 milliariorum.

524 3153 638 3223 Riduic,
659 3157 731 3222 1411,
749 3155 766 3209 2
783 3153 856 3208 Maii.

671 3362 793 3372 ⁴..n-..n-

222 3454 267 3517 (E
282 3455 340 3510 cod.
363 3455 422 3509 MS.
441 3456 578 3509 tabularii
596 3459 681 3526 capit.
701 3455 791 3523 Prup.
808 3458 879 3525 ripn.
904 3454 936 3517 U,
954 3454 1048 3517 XIII,
1065 3456 1165 3520 locro.)
1259 3494 1262 3501 .

594 3604 796 3617 *μ-

197 3757 332 3842 Sbynco,
362 3759 414 3823 dei
447 3759 552 3840 gratia
584 3764 714 3824 sauctae
737 3758 907 3839 Prageusis
940 3759 1094 3824 ccclesiae
1135 3758 1292 3841 archiepi-

68 3852 222 3940 seqhut,
251 3861 446 3943 apostolicae
474 3860 559 3925 sedis
589 3861 728 3940 legatus,
758 3859 915 3925 universis
945 3867 978 3924 ct
1000 3860 1134 3940 siugulis
1156 3859 1291 3926 dominis

73 3935 273 4041 abbatibus
295 3960 498 4044 praepositio,
521 3959 658 4038 decanis,
682 3958 921 4037 archidiaconis,
951 3960 1157 4036 scholasticis,
1181 3967 1286 4025 casto·

80 4033 200 4142 libus,
234 4062 427 4140 cantoribus,
461 4062 630 4140 canonicis,
664 4067 727 4126 tam
761 4059 989 4125 cathedralium
1019 4079 1110 4141 quam
1144 4060 1292 4139 collegia·

84 4143 202 4228 larum
228 4181 266 4229 ac
292 4161 519 4245 parochialium
550 4161 765 4238 ecclesiarum,
795 4160 997 4242 capellarum,
1026 4160 1291 4226 monasteriorum

90 4256 292 4341 laeenam,
329 4262 527 4344 quardianiS,
563 4262 733 4344 prioribus
769 4262 939 4340 magistris,
977 4260 1222 4343 provincialibus
1258 4266 1293 4324 ct

15 4432 20 4436 ,
96 4360 353 4430 praesidentibus
379 4352 629 4445 ortibuscuuque
659 4363 792 4427 exemtis
821 4368 852 4426 et
876 4378 938 4426 nou
961 4361 1103 4440 cacantis,
1133 4379 1191 4442 per
1213 4361 1288 4426 civi·

10 4502 33 4543 ,2
101 4450 195 4537 tatem
219 4471 252 4530 et
273 4464 425 4531 diocesim
447 4473 588 4530 nostram
612 4464 804 4544 Progensem
827 4462 1019 4539 constitutis,
1043 4461 1081 4526 aa
1105 4478 1184 4541 quos
1200 4479 1292 4543 prae·

107 4569 206 4631 tantm
229 4566 455 4649 pervenerint:
477 4565 610 4629 salutem
633 4563 665 4626 in
689 4562 824 4639 domino,
848 4571 881 4627 et
904 4560 1127 4644 praesentibus
1139 4578 1197 4644 pcr
1218 4579 1292 4626 eae·

111 4665 256 4732 tutionem
278 4664 418 4730 debitam
440 4664 533 4728 fidem
554 4664 717 4728 adhibere.
