2992 5258
318 418 388 457 anuo
408 406 472 457 1414
490 420 523 457 ex
542 403 639 458 itinere
658 404 864 458 Constantieusi.
903 406 936 457 38
961 407 1001 458 39.
1214 408 1253 471 75

66 622 115 670 cos
137 606 208 684 lusi,
231 611 355 687 tempus
378 605 511 686 neglexi,
535 613 567 671 et
589 625 685 688 saepe
704 606 784 672 alios
807 614 839 672 et
861 625 911 672 mc
925 607 965 672 ad
981 607 1175 673 iracundiam
1197 627 1255 689 per

65 706 149 769 illurn
171 704 279 769 ludum
300 706 470 772 infeliciter
492 705 670 788 provocavi.
714 706 805 772 Unde
828 715 861 773 et
882 708 953 773 aliis
976 708 1078 790 culpis
1106 709 1184 772 meis
1207 709 1253 772 in-

65 805 310 871 numerabilibus
333 807 508 872 commissis
530 807 705 872 adveniam
728 808 868 889 piissimo
884 809 1010 874 domino
1028 811 1090 875 tuis
1105 828 1155 874 me
1171 827 1253 872 conr-

64 907 153 971 mitto
176 906 384 988 orationibus,
408 913 565 990 quatenns
588 926 675 972 suam
696 908 845 974 invocare
868 900 930 974 non
947 909 1109 991 pigriteris
1131 909 1254 972 rniseri·

65 1007 217 1089 eorunm,
250 1014 285 1074 ut
306 1008 402 1074 vitam
424 1026 524 1074 meam
547 1008 696 1090 dignetur
718 1009 873 1091 dirigere,
907 1015 940 1075 et
961 1009 1052 1075 victis
1074 1009 1253 1091 praesentis

66 1109 162 1175 seculi
185 1110 345 1191 nequitiis
367 1128 472 1190 earne,
494 1109 611 1175 mundo
634 1115 667 1174 et
689 1109 832 1190 diabolo,
860 1111 891 1175 in
914 1110 1045 1176 coelesti
1068 1110 1171 1191 patria
1194 1109 1254 1173 sal-

66 1216 125 1274 tem
147 1210 182 1274 iu
203 1209 255 1275 die
272 1210 385 1293 judicii
408 1211 572 1276 collocare.
603 1211 680 1276 Vale
702 1211 735 1275 in
757 1211 884 1278 Christo
906 1213 984 1278 Jesu
1007 1229 1077 1276 curn
1099 1210 1253 1283 omnibus

66 1310 113 1390 qui
137 1310 323 1376 custodiunt
344 1312 446 1393 legem
468 1312 546 1394 ejus.
589 1313 739 1378 Tunicam
762 1313 908 1393 griseam,
943 1313 969 1376 si
998 1312 1096 1376 velles
1125 1328 1255 1375 servare

67 1429 119 1494 pro
142 1419 177 1476 te
198 1411 231 1475 iu
252 1413 449 1491 memoriam3
473 1413 530 1479 sed
552 1419 587 1478 tu
609 1412 835 1480 verecundaris
857 1413 989 1479 aestimo
1013 1412 1052 1477 de
1074 1411 1180 1492 griseo
1203 1427 1253 1474 co·

67 1510 147 1591 lore;
170 1529 248 1593 ergo
270 1511 360 1578 dabis
383 1531 460 1594 earn,
484 1513 534 1579 cui
557 1511 614 1578 tibi
635 1513 748 1577 melius
771 1512 938 1578 videbitur.
976 1512 1126 1577 Tunicam
1151 1510 1253 1575 albam

68 1610 152 1678 dubis
184 1612 329 1695 plebano.
373 1612 493 1679 Sceleri
515 1632 585 1678 meo
608 1613 746 1694 Georgio
769 1613 819 1678 vel
841 1613 1006 1679 Girrilroni
1036 1611 1132 1678 etiam
1164 1610 1254 1675 dabis

71 1713 82 1774 l
104 1730 295 1793 sexagenum
328 1714 378 1779 vel
410 1714 547 1794 griseam
570 1713 722 1793 tunicam,
755 1715 829 1795 quia
851 1712 987 1780 fideliter
1016 1712 1147 1779 servivit
1167 1710 1253 1774 mibi.

164 1813 176 1893 (.
181 1813 352 1894 „Sequitur
374 1813 651 1896 superscriptio.“)

163 1914 252 1996 Rogo
274 1921 316 1995 te,
339 1914 423 1996 quod
444 1915 537 1980 istam
558 1932 621 1979 non
637 1915 762 1997 aperias
784 1915 917 1995 literam,
945 1914 1006 1978 uisi
1027 1919 1135 1979 certus
1156 1912 1254 1977 fueris

71 2011 105 2078 do
126 2014 195 2095 boe,
211 2014 303 2095 quod
324 2016 383 2080 sirn
404 2021 556 2082 mortuus.

162 2132 192 2184 E
206 2130 270 2184 ΜΕ.
289 2130 415 2186 Mloderr.
434 2150 462 2201 p.
481 2132 528 2186 20.
565 2131 625 2186 MS.
647 2131 763 2184 areton.
782 2133 816 2185 A.
836 2129 881 2195 16,
894 2132 948 2202 fol.
967 2129 1033 2184 254.

164 2215 219 2268 Ed.
237 2217 266 2268 ia
284 2216 376 2286 Epioe.
393 2218 472 2286 piiss.
492 2217 526 2270 Β.
547 2215 573 2270 6.
593 2216 664 2285 Opp.
685 2215 757 2269 Hos.
777 2216 800 2278 1,
818 2215 855 2269 57
873 2226 898 2269 et
918 2215 960 2270 72.
998 2214 1094 2284 Jluaer
1112 2215 1137 2275 Ι,
1156 2213 1215 2266 121.

559 2389 757 2400 -—--—-—-

629 2569 690 2665 394

375 2770 665 2856 Bohemis
709 2776 942 2856 amicis.

71 2985 101 3037 ln
118 2987 305 3054 compluribus
325 2986 495 3040 Gerraanloe
517 2989 630 3057 oppidio
653 2997 735 3055 ‹clqrre
761 2989 843 3040 etiarn
864 2985 1065 3054 Norimberpuc
1089 2987 1204 3052 beraipan·
1228 3004 1256 3037 ae

146 3079 287 3138 exceptam
305 3087 360 3123 esse
378 3086 464 3138 aeque
481 3070 573 3124 adbuc
589 3072 620 3123 in
639 3073 725 3126 ullrrm
743 3072 883 3123 inimicum
902 3070 1030 3123 incidisse
1050 3071 1172 3123 atrocior.

435 3237 648 3304 (Norimbergae,
667 3241 701 3291 ab
718 3236 777 3292 Oct.
797 3238 880 3302 1414.)

161 3423 252 3489 Salus
282 3442 302 3488 a
323 3421 450 3488 Christo
471 3423 558 3488 lesu.
602 3423 732 3497 Scitote,
761 3421 843 3503 quod
874 3440 1040 3503 numquam
1063 3422 1201 3502 equitavi
1224 3423 1254 3486 in

66 3531 187 3591 crotato
209 3524 346 3606 caputio,
370 3523 427 3588 sed
449 3524 624 3602 manifeste,
647 3529 759 3606 aperta
782 3525 870 3589 tacie.
915 3523 956 3589 Et
978 3522 1051 3587 duur
1073 3522 1255 3587 Bobemiam

66 3625 154 3706 exivi,
177 3624 313 3706 primum
334 3625 367 3689 in
390 3626 521 3689 l'eruov
543 3625 680 3704 civitate,
714 3625 803 3707 prius
825 3642 916 3705 quarn
939 3625 1027 3700 veni,
1062 3624 1257 3705 exspectavit

66 3744 113 3790 me
134 3725 291 3808 plebanus
313 3743 382 3790 curn
405 3725 545 3804 vicariis3
580 3733 613 3791 et
639 3724 712 3789 drrm
738 3726 854 3791 intravi
881 3724 1021 3804 stubam,
1053 3731 1128 3789 tunc
1151 3723 1255 3788 statim

66 3826 244 3908 propinavit
266 3825 451 3890 cantharum
474 3845 622 3907 magnum
644 3827 723 3901 vini,
758 3831 790 3890 et
813 3818 911 3891 valdo
926 3825 1092 3890 caritative
1114 3826 1255 3906 suscepit

66 3943 133 3990 cum
154 3926 221 3990 suis
243 3925 338 4010 sociis
360 3943 483 3991 ornnem
505 3925 690 4003 doctrinam,
714 3930 746 3988 et
757 3923 836 3989 dixit
847 3941 882 3987 so
904 3926 1140 4006 scmpcrluisse
1153 3943 1255 3987 mcum

65 4026 204 4092 amicum.
248 4026 365 4091 Postea
393 4026 425 4090 in
447 4024 535 4089 Nova
567 4025 695 4090 civitate
723 4025 813 4090 valde
837 4030 927 4106 grate
960 4042 1069 4089 omnes
1091 4023 1256 4088 Teutonici

66 4144 113 4191 me
135 4127 291 4191 viderunt
315 4125 455 4208 Vaydam
478 4125 738 4209 pertransivimus
760 4125 914 4191 habentes
938 4144 1082 4206 inagnum
1105 4124 1254 4206 populum

67 4228 97 4291 iu
116 4227 336 4293 admiratione.
380 4226 421 4290 Et
450 4225 522 4291 dmu
549 4227 691 4290 venimus
719 4227 753 4289 in
775 4226 940 4308 Sulapaclr,
975 4225 1018 4289 ibi
1051 4225 1192 4289 venimus
1215 4223 1255 4288 ud

69 4327 243 4410 hospitium,
274 4329 306 4392 in
328 4346 391 4408 quo
414 4336 483 4392 crat
500 4326 662 4409 judicium,
692 4327 853 4392 lantriclrt.
896 4327 942 4391 lbi
966 4324 1189 4390 assistentibus
1222 4325 1254 4389 in

70 4429 224 4494 aestuario
247 4429 430 4494 consulibus
453 4433 484 4493 et
507 4427 684 4493 senioribus
706 4427 787 4491 dixi:
822 4427 903 4491 Ecce
926 4444 985 4505 ego
1007 4444 1075 4489 surn
1098 4425 1178 4505 Mgr.
1200 4425 1255 4490 Jo-

71 4514 162 4592 a'nues
183 4529 262 4609 llus,
286 4529 399 4610 dequo
423 4533 458 4592 ut
468 4529 601 4593 aestimo
623 4528 756 4592 audistis
778 4527 877 4591 multa
888 4526 982 4604 mala;
1005 4526 1165 4607 quaeratis
1178 4544 1254 4607 ergo

73 4644 163 4693 ame.
206 4629 247 4694 Et
269 4629 377 4695 multis
399 4629 554 4709 tractatis,
577 4628 668 4692 valde
690 4634 780 4710 grate
803 4625 907 4692 omnia
929 4631 1147 4708 susceperuut.
1192 4626 1254 4692 lle·
