2992 5258
156 459 216 524 148
370 452 510 524 Epistolae
528 453 644 523 scriptae
663 453 836 532 Constantios
853 468 945 508 mense
961 453 1044 508 Junio
1061 455 1127 509 141⁶

252 655 327 709 Deus
345 655 481 708 vobiscum
499 654 534 708 sit
553 669 585 707 ac
603 653 728 719 dignetur
744 655 820 708 vobis
838 654 931 722 largiri
943 653 1094 708 mercedem
1106 661 1255 721 aeternam,
1273 654 1347 723 quod

152 738 237 792 multa
258 736 390 791 beneficia
415 736 479 790 mihi
507 737 680 804 praestitistis
701 743 729 790 et
751 736 840 790 adhuc
867 738 1021 804 praestatis,
1048 754 1210 807 quamquam
1228 738 1346 792 fortasse

149 823 207 890 jam
224 837 336 890 corpore
360 828 482 874 mortuus
499 836 566 875 snm.
601 820 692 875 Nolite
710 821 886 887 committere,
910 827 941 874 ut
958 820 1081 875 dominus
1103 822 1232 888 ioannes,
1258 820 1348 876 tidelis

150 915 179 959 et
194 914 321 959 constans
339 920 421 972 eques
439 920 567 972 meusque.
586 903 744 958 benefactor
761 904 902 971 benignus
921 905 1070 973 periculum
1083 907 1186 970 subeat,
1206 905 1278 973 quod
1296 921 1345 959 oro

151 1006 200 1058 per
217 989 305 1055 deum,
331 1005 393 1042 care
420 987 526 1042 dominc
552 989 641 1055 Petre,
671 997 795 1042 monetae
817 988 954 1056 praefecte
982 997 1010 1042 et
1027 989 1135 1044 domina
1152 992 1245 1044 Anna!
1272 990 1348 1057 lingo

151 1064 265 1140 quoque,
289 1079 319 1125 ut
338 1072 435 1124 bonam
452 1071 533 1124 vitam
550 1072 639 1139 agatis
657 1070 761 1139 deoque
779 1072 920 1140 obediatis,
944 1074 1014 1126 sicut
1030 1072 1179 1127 audivistis.
1215 1074 1346 1141 Reginae,

151 1172 228 1210 meae
245 1156 370 1210 dominae
389 1155 522 1220 clementi,
550 1156 650 1222 gratias
677 1156 748 1222 agite
772 1172 831 1210 meo
853 1158 960 1209 nomine
987 1174 1036 1224 pro
1058 1158 1181 1212 omnibus
1199 1156 1347 1224 beneficiis,

151 1256 220 1308 quac
238 1240 266 1292 in
283 1239 456 1292 mecontuiit.
475 1239 617 1292 Familiam
635 1247 752 1292 vescam
770 1238 888 1294 salutate
904 1239 1026 1308 aliosque
1043 1240 1139 1295 fideles
1151 1242 1261 1307 amicos,
1281 1257 1347 1309 quos

151 1324 289 1377 nominare
307 1323 451 1376 nonlicet.
469 1322 545 1389 Rogo
562 1338 669 1390 quoque
681 1337 783 1389 omnes,
801 1330 831 1377 nt
848 1339 897 1391 pro
915 1339 957 1378 me
976 1324 1055 1381 deum
1073 1331 1159 1392 orent,
1178 1324 1251 1392 apud
1269 1325 1347 1392 cujus

150 1415 270 1462 sanctam
288 1407 402 1474 gratiam
419 1422 482 1461 mox
499 1406 722 1474 congregabimur
740 1406 801 1472 ejus
820 1407 930 1461 auxilio.
948 1410 1044 1461 Amen.
1069 1408 1170 1476 Scripsi
1187 1407 1283 1463 literas
1300 1424 1345 1462 ex·

150 1498 277 1558 spectans
303 1491 399 1558 capitis
422 1490 672 1545 condemnationem
695 1491 723 1543 in
741 1505 851 1545 carcere
869 1491 1042 1559 cempedibus
1065 1492 1184 1568 vinctus,
1211 1508 1295 1561 quas,
1317 1500 1347 1546 ut

150 1590 249 1642 sporo,
268 1590 317 1642 pro
335 1573 395 1642 lege
413 1575 504 1628 divina
519 1575 616 1642 patior.
651 1574 704 1627 Per
721 1574 801 1628 deum
818 1591 866 1629 vos
883 1591 947 1643 oro,
967 1589 1000 1630 nc
1023 1576 1109 1631 bonos
1126 1574 1283 1631 sacerdotes
1300 1590 1346 1644 op·

150 1658 229 1726 primi
245 1659 394 1727 patiamini,

828 1743 866 1798 M.
884 1743 953 1812 Hus,
970 1744 998 1798 in
1016 1758 1065 1811 spe
1082 1759 1176 1800 servus
1193 1744 1246 1800 dei.

250 2095 340 2158 Petre,
358 2095 443 2149 amice
460 2095 611 2150 carissimel
628 2094 765 2164 pellicium
783 2111 861 2149 serta
878 2095 926 2149 tibi
943 2095 970 2149 in
988 2096 1040 2149 mei
1057 2096 1220 2151 memoriam.

251 2212 489 2266 DomineHenrice
501 2211 568 2279 Lefl,
587 2212 684 2266 bonam
696 2212 779 2267 vitam
795 2230 861 2282 agas
879 2229 938 2269 cnm
952 2230 1035 2268 uxore
1053 2222 1108 2282 tua,
1126 2215 1281 2284 gratiasque
1295 2215 1343 2270 tibi

151 2310 217 2365 ag03
235 2296 302 2350 daus
320 2297 355 2350 sit
371 2311 475 2350 merces
492 2297 554 2350 tuai
1104 2329 1106 2332 -

184 2426 189 2435 ·
250 2413 353 2468 Fidelis
370 2415 465 2482 amice,
492 2413 599 2468 domiue
616 2414 735 2473 Lidbcre
761 2430 821 2469 cum
845 2415 952 2470 domina
968 2417 1132 2484 Margareta,
1159 2433 1220 2471 cum
1237 2416 1345 2472 domino

155 2497 289 2565 Skuodelc,
312 2514 372 2551 cum
390 2497 519 2552 Mikelka
535 2498 663 2566 aliisque:
682 2499 764 2553 donet
780 2500 856 2554 vobis
874 2499 941 2554 deus
964 2499 1115 2554 mercedem
1139 2507 1278 2555 aeternam
1296 2516 1345 2569 pro

155 2582 292 2637 laboribus
309 2582 423 2650 aliisque
440 2581 586 2650 beneficiis,
605 2597 674 2651 quae
686 2583 713 2636 in
725 2600 768 2638 me
779 2583 944 2637 contulistis!

249 2699 352 2754 Fidelis
368 2715 401 2754 ac
419 2699 517 2754 dilecte
534 2700 663 2768 magister
681 2702 850 2770 Christanne,
869 2701 936 2756 dens
954 2703 990 2757 sit
1007 2706 1111 2757 tecum!

249 2816 381 2885 Magister
397 2818 523 2886 Martius,
543 2818 684 2886 discipule,
703 2827 836 2872 memento
855 2835 955 2882 eorum,
983 2835 1053 2889 qnae
1071 2829 1097 2875 te
1115 2821 1233 2876 fideliter
1250 2821 1343 2875 docui!

249 2935 380 3003 Magister
397 2936 518 3004 Nicolae,
546 2937 673 2992 sacerdos
690 2938 771 2991 Petro
795 2940 915 3006 reginae,
942 2940 1041 3007 aliique
1068 2940 1189 3007 magistri
1208 2946 1237 2993 et
1253 2954 1341 2993 sacer·

149 3019 240 3073 dotesi
263 3020 443 3074 verbi'divini
461 3027 547 3075 estote
572 3021 700 3075 studiosi.
735 3021 868 3076 Sacerdos
886 3024 978 3077 Galle!
1004 3024 1132 3090 praedica
1154 3022 1264 3076 verbum
1289 3021 1341 3076 dei.

149 3102 272 3170 Denique
290 3119 383 3158 omnes
400 3120 472 3171 rogo,
491 3112 522 3157 ut
537 3111 713 3172 perseverent
729 3105 757 3157 in
775 3106 819 3159 dei
838 3107 959 3160 scrimte.
