2992 5258
400 413 432 466 V.
450 413 492 466 De
510 412 547 467 bl.
566 413 590 466 J.
609 412 668 466 llus
687 410 911 466 condemnatione
930 415 959 465 et
975 408 1116 480 supplicii.
1296 417 1358 481 319

166 616 246 696 qued
269 623 363 698 pater
385 622 419 680 et
440 614 523 679 filius
545 619 578 679 et
599 614 732 696 spiritus
755 620 883 679 sanctus
899 631 981 678 uuum
996 614 1076 679 deus
1091 621 1125 680 et
1140 632 1202 679 une
1217 615 1358 680 essentia

164 726 197 782 ct
217 717 347 782 trinitas
370 724 420 782 cst
441 734 661 798 personarum.

151 867 158 879 .
260 817 373 880 Denuo
398 816 475 881 dicti
494 816 740 898 pronuntiantes
752 814 908 893 legerunt,
925 814 1061 894 qualiter
1071 815 1114 879 bl.
1125 815 1267 880 loannes
1287 816 1358 880 Hus

163 916 201 980 ad
228 915 320 980 ‹leruu
348 917 551 998 appellasset,
585 914 766 996 hujusmodi
796 915 1043 995 appellationem
1069 933 1126 996 pre
1150 934 1260 979 errore
1283 936 1357 981 con·

163 1017 347 1081 deruuaude.
392 1017 440 1081 Ad
463 1017 603 1096 quodllr
625 1017 765 1080 loannes
787 1015 852 1080 alta
874 1032 952 1079 voce
974 1016 1152 1096 rospondit:
1183 1016 1209 1081 Ο
1232 1016 1357 1082 domiue

164 1117 257 1181 dous!
281 1118 362 1183 Ecce
371 1118 436 1199 jani
448 1118 508 1180 boc
520 1115 685 1181 concilium
699 1124 753 1181 tua
767 1104 850 1180 lacta
861 1121 894 1180 ct
904 1116 1006 1195 legem
1018 1116 1145 1181 damnet
1159 1123 1197 1182 ut
1207 1136 1357 1199 errorem,

166 1217 217 1298 qui
246 1235 317 1282 euru
344 1219 383 1282 ab
412 1216 548 1281 inimicis
579 1217 642 1281 tuis
669 1226 819 1296 gravatus
849 1215 1086 1297 opprimereris,
1109 1216 1168 1281 deo
1191 1218 1275 1297 patri
1302 1225 1357 1283 tuo

162 1318 335 1397 justissimo
360 1317 460 1398 judici
489 1335 616 1381 cerusaun
638 1323 725 1381 tuam
748 1315 953 1395 commisisti,
983 1315 1016 1379 in
1037 1316 1097 1380 boc
1119 1317 1210 1383 nobis
1232 1318 1357 1383 miseris

162 1418 238 1482 dans
254 1418 441 1499 exemplum,
458 1426 494 1481 ut
509 1417 630 1498 gravati
647 1416 883 1496 quourodolibet
897 1415 939 1480 ad
954 1424 985 1480 te
996 1415 1207 1496 justissimum
1216 1417 1355 1498 judicem

162 1536 374 1596 recurramus
396 1516 547 1596 sutfragia
569 1517 731 1582 humiliter
753 1517 961 1597 postulantes.
991 1516 1033 1581 Et
1048 1517 1211 1598 subjunxit
1225 1520 1353 1584 iterum:

163 1619 203 1683 lit
226 1635 286 1698 ego
309 1618 380 1683 dico
403 1625 596 1695 constanter,
620 1615 703 1696 quod
726 1635 787 1680 uon
811 1623 861 1680 est
883 1617 982 1679 tutior
996 1617 1178 1697 appellatio,
1201 1637 1294 1698 quarm
1308 1620 1351 1684 ad

165 1719 274 1782 lesum
296 1716 457 1782 Christum
486 1717 656 1794 domiuum,
684 1717 736 1796 qui
765 1734 830 1779 non
852 1715 990 1781 flectitur
1012 1735 1109 1798 pravo
1131 1736 1272 1798 ruunere,
1295 1738 1356 1784 nec

163 1818 282 1882 fallitur
324 1817 403 1882 falsa
435 1817 657 1894 attestatione,
692 1816 861 1896 uuicuique
895 1815 979 1896 quod
1017 1816 1134 1880 rneruit
1176 1817 1357 1883 tribuendo.

164 1917 339 1982 lateralia
368 1924 497 1998 ponunt,
534 1916 617 1996 quod
639 1917 685 1980 blr
706 1917 776 1980 Hus
803 1917 942 1981 existens
970 1917 1003 1980 iu
1026 1918 1357 1999 excommunicatione,

165 2019 248 2083 illam
276 2017 506 2083 contumaciter
537 2017 689 2083 sustinuit
710 2034 748 2081 nt.
790 2015 864 2098 Ipse
887 2017 1068 2098 respoudit:
1100 2017 1171 2081 lion
1193 2026 1357 2086 coutuma-

166 2119 244 2182 citer
271 2136 340 2183 earn
370 2118 515 2196 sustinui,
544 2118 604 2184 sed
631 2117 690 2181 sub
712 2117 925 2199 appellatione
948 2117 1131 2198 praedicavi
1153 2124 1187 2183 et
1207 2119 1352 2199 missari3

166 2226 196 2283 et
223 2218 366 2300 quamvis
396 2218 574 2300 duplicatos
603 2224 829 2300 procuratores
858 2217 899 2281 ad
921 2217 1040 2280 cuniam
1062 2218 1233 2282 Romanam
1255 2218 1355 2284 desti·

168 2319 246 2395 navi,
263 2336 376 2383 causas
391 2318 429 2382 dc
452 2336 516 2382 uon
532 2319 758 2399 comperitione
774 2316 942 2399 personali·
950 2317 1156 2381 rationabiles
1171 2317 1349 2399 allegando,

167 2436 330 2498 numquam
360 2424 465 2482 taruco
496 2417 585 2498 potui
613 2416 807 2481 audientiam
841 2417 995 2495 obtiuore,
1026 2416 1082 2479 sed
1109 2425 1355 2497 procuratorum

167 2535 304 2582 meorum
335 2518 389 2583 alii
415 2517 545 2583 inerunt
573 2519 771 2597 incarcerati,
798 2518 852 2582 alii
880 2535 955 2582 vero
985 2518 1067 2582 male
1095 2518 1238 2595 tractati;
1261 2526 1294 2583 ct
1316 2520 1355 2584 de

169 2616 212 2681 bis
238 2619 385 2684 omnibus
414 2638 465 2683 mc
493 2619 534 2684 ad
564 2626 636 2684 acta
664 2637 779 2684 causae
810 2618 924 2700 refero,
953 2619 986 2683 in
1014 2619 1127 2700 quibus
1150 2619 1229 2682 haec
1251 2620 1357 2685 onmia

170 2717 286 2795 planius
314 2719 527 2784 eontinentur.
571 2718 706 2800 Insuper
733 2719 795 2783 hue
822 2719 918 2784 etiam
946 2718 987 2784 ad
1015 2719 1075 2783 hoc
1097 2718 1262 2783 concilium
1284 2720 1357 2784 veni
1462 2776 1466 2784 .

169 2814 277 2897 bbere,
309 2818 431 2882 habeus
461 2820 581 2884 salvum
610 2820 800 2884 conductum
829 2819 947 2884 domini
975 2819 1062 2898 regis
1091 2818 1143 2883 lrie
1165 2819 1355 2900 praesentis,

173 2917 273 2982 volens
307 2937 408 2983 meam
441 2919 655 2984 innocentiam
688 2919 860 2984 ostendere
893 2925 927 2984 et
959 2918 999 2984 dc
1032 2917 1093 2982 fide
1122 2937 1193 2983 mea
1219 2918 1355 2987 reddere

171 3019 330 3083 rabonem.

261 3118 340 3184 Cnru
376 3135 453 3199 ergo
489 3137 599 3183 omnes
633 3118 760 3183 articuli
795 3125 907 3183 contra
940 3135 1011 3182 eum
1043 3118 1141 3182 oblati
1170 3117 1236 3198 Jem
1271 3118 1353 3186 finiti

161 3212 301 3285 luissent
322 3225 356 3282 et
376 3219 460 3297 lecti,
483 3219 610 3299 qnidam
629 3211 758 3285 'auditor
781 3220 887 3284 calvus
910 3226 943 3283 et
963 3218 1121 3298 antiquus
1146 3222 1178 3281 et
1193 3220 1355 3298 praelatus

153 3317 300 3381 nationis
322 3317 453 3382 Italicae
482 3318 653 3399 deputatus
682 3320 761 3398 legit
790 3319 980 3383 senteutiam
1012 3316 1212 3381 dilliuitivam
1244 3327 1356 3385 contra

150 3405 203 3474 M.
229 3417 382 3483 Joanneru
403 3419 482 3483 Hes.
505 3419 547 3484 Et
569 3421 638 3501 ipse
660 3421 706 3484 blr
727 3421 869 3486 Joeuues
900 3421 940 3485 ad
963 3427 1051 3485 certa
1074 3425 1191 3500 puncta
1213 3418 1357 3499 ejusdem

147 3517 362 3596 senitentiam,
402 3524 517 3585 centra
558 3520 691 3584 eandem
727 3521 903 3601 repliceuS,
940 3519 1081 3599 quamvis
1117 3517 1356 3600 prohibebatur,

147 3617 389 3696 respondebat.
433 3620 475 3685 ut
497 3622 681 3703 specialiter
702 3640 772 3685 curn
794 3621 1059 3702 pronuntiaretur
1080 3619 1227 3700 pertinar
1249 3617 1282 3682 in
1298 3617 1378 3685 suo

147 3725 276 3782 errore
302 3725 337 3784 et
357 3719 492 3799 haeresi,
522 3721 588 3787 alta
614 3740 690 3786 voce
719 3721 900 3802 respoudit:
922 3720 1098 3799 Numquam
1126 3718 1187 3797 sni,
1218 3719 1275 3782 scd
1296 3737 1356 3784 nec

148 3821 240 3877 Sura
257 3818 412 3898 pertinax,
446 3819 503 3883 sed
532 3838 658 3902 semper
685 3820 865 3884 desideravi
894 3826 927 3883 et
955 3820 1006 3884 die
1033 3818 1187 3883 hodierna
1207 3817 1355 3883 desidere

151 3904 419 3983 informationem
449 3919 658 3985 efficaciorem
687 3939 725 3984 ex
754 3919 930 4001 scripturis.
974 3919 1016 3982 Et
1044 3918 1138 3982 bodie
1168 3918 1249 3995 dico,
1271 3918 1355 3998 quod

155 4012 200 4070 tt
243 4016 268 4080 si
307 4036 369 4081 uuo
416 4021 513 4084 verbo
557 4038 666 4086 ornnes
714 4036 841 4084 errores
883 4019 1049 4084 destruere
1093 4024 1126 4083 et
1166 4017 1355 4082 convincere

159 4121 305 4207 possem,
338 4118 550 4184 libentissime
579 4120 640 4184 boc
668 4117 838 4183 efficerem.
881 4119 924 4182 Et
957 4137 1027 4182 curn
1057 4133 1166 4182 omnes
1195 4114 1268 4180 libri
1296 4116 1356 4196 sui,

166 4201 240 4271 siro
259 4213 289 4278 in
308 4217 408 4284 latino
430 4238 488 4301 per
509 4220 613 4302 ipsum
635 4220 721 4300 editi,
745 4220 811 4284 sive
834 4220 867 4283 in
888 4218 974 4284 eliud
1002 4216 1219 4299 quodcumque
1241 4215 1358 4281 idioma

172 4306 319 4396 translati,
342 4317 374 4383 in
397 4320 507 4384 eadem
529 4321 689 4386 sententia
718 4326 875 4399 tamquam
898 4319 1038 4401 suspecti
1055 4317 1100 4386 ,de
1123 4316 1249 4381 haeresi
1270 4316 1356 4380 dam·

176 4415 317 4480 narentur
345 4424 379 4484 et
407 4419 575 4485 darunandi
604 4422 644 4486 ad
677 4420 924 4486 comburendum
959 4416 1190 4496 diffinirentur,
1223 4433 1356 4496 quorum

183 4508 253 4569 certi
273 4513 383 4583 ibidem
399 4528 473 4601 post
488 4528 563 4588 sunt
578 4522 741 4600 combusti,
765 4526 798 4585 et
812 4519 1002 4602 praesertim
1016 4516 1141 4582 libellus
1157 4516 1196 4581 de
1213 4515 1356 4582 Ecclesia

186 4602 216 4660 tl
240 4621 341 4683 eontra
369 4623 498 4702 Palecz,
531 4631 567 4689 ut
599 4623 780 4701 dicebatur,
814 4628 847 4685 et
876 4618 1081 4685 Stauislaum:
1114 4616 1183 4698 ipse
1214 4615 1256 4682 bl.
1285 4615 1356 4682 Hus
