2992 5258
438 386 623 442 Catecbiemua
641 403 659 442 a
674 386 759 457 Haeo,
779 394 809 443 nt
825 389 939 457 ridetur,
958 405 1073 460 compos.
1288 394 1346 459 711

153 590 269 645 maxime
295 595 423 657 pareant,
451 604 510 643 eum
534 604 616 657 snpra
639 589 729 644 omnia
751 588 864 658 diligant
888 596 917 645 et
934 605 994 646 enm
1018 590 1104 646 solnm
1128 591 1250 662 adorent,
1268 592 1349 662 idque

154 674 230 730 nulla
246 674 301 728 alia
319 688 410 736 causa,
428 672 479 727 uisi
495 679 607 742 propter
624 688 750 727 amorem.

256 757 310 812 aar
327 758 408 811 deam
425 757 538 826 diligis?
570 756 640 823 Quia
657 757 708 811 hoc
727 773 744 810 a
762 772 804 810 me
822 757 948 826 postulat.

256 841 336 907 Quod
353 849 545 910 argumentum
559 840 694 911 prosena?
730 841 876 896 Deuteron.
896 843 934 895 X:
954 842 1042 910 „Quid
1060 842 1183 897 dominus
1201 840 1268 897 deus
1286 847 1349 897 tuns

152 927 222 998 petit
238 942 256 981 a
272 933 308 993 te,
327 926 378 980 nisi
396 933 426 979 ut
443 925 541 993 diligas
560 915 656 979 eum?”
1427 989 1430 1003 ¹

252 1008 314 1078 (Vel
332 1010 380 1077 sic)
401 1006 456 1062 Oar
473 1011 553 1062 deum
571 1009 687 1078 diligere
705 1008 802 1061 debeat
828 1010 975 1078 „Quoniam
994 1010 1051 1077 ipse
1068 1009 1142 1078 prior
1159 1007 1254 1064 dilexit
1271 1010 1348 1079 noe,“

153 1097 223 1150 sicot
240 1095 279 1149 ait
296 1110 318 1149 s.
335 1094 455 1148 ioannes
472 1093 499 1147 in
516 1092 619 1162 primae
637 1094 781 1147 canonicae
799 1095 887 1163 capite
906 1101 1011 1162 quarto.

256 1177 396 1244 Quomodo
414 1196 474 1230 earn
492 1178 606 1245 diligis?
625 1176 686 1243 „Ex
705 1176 855 1230 totocorde
874 1183 901 1229 et
919 1192 952 1230 ex
965 1181 1021 1230 toto
1039 1176 1179 1231 intellectu
1197 1183 1225 1231 et
1242 1192 1276 1231 ex
1293 1181 1350 1230 tota

152 1260 243 1316 anima
261 1268 290 1315 et
307 1277 340 1315 ex
357 1268 415 1316 tota
432 1260 619 1315 fortitudine.”

255 1349 311 1403 Cur
329 1367 389 1402 enm
406 1352 530 1402 nranime
548 1348 664 1417 diligis?
700 1348 769 1414 Quia
787 1362 918 1401 summum
936 1346 1035 1400 bonum
1053 1353 1102 1400 est

253 1429 330 1485 Nam
348 1434 441 1487 eodem
458 1433 540 1486 modo
558 1440 715 1485 creaturam
734 1433 819 1485 naam
840 1432 953 1500 diligis?
985 1430 1046 1484 Non
1064 1429 1154 1496 diligo.

253 1514 320 1570 Non
338 1517 435 1586 diligis
452 1517 545 1571 eodem
563 1516 643 1569 modo
660 1524 775 1568 matrem
794 1515 857 1568 dei?
890 1515 950 1569 Non
969 1514 1059 1582 diligo.

255 1599 327 1654 Cin?
360 1602 429 1669 Quia
447 1609 488 1656 eat
506 1607 639 1662 creatura,
658 1616 711 1654 non
729 1606 844 1666 creator,
863 1615 911 1652 nec
932 1614 1067 1653 summum
1085 1599 1191 1653 bonum.

255 1683 384 1738 &edim
404 1687 434 1739 in
451 1689 530 1738 eant?
564 1684 624 1738 Non
642 1683 732 1738 credo.

256 1767 332 1820 Cur?
365 1770 434 1836 Quia
452 1776 494 1823 est
511 1775 646 1829 creatura,
663 1783 715 1821 non
735 1775 848 1822 creator.

198 1879 202 1890 ·
256 1852 333 1906 Unde
351 1855 399 1906 bae
416 1854 507 1920 babes,
526 1852 635 1906 eredere
648 1862 672 1904 te
691 1852 787 1904 debere
798 1860 904 1903 tantaene
925 1854 952 1903 in
968 1856 1138 1904 creatorem?
1154 1851 1197 1905 Ex
1218 1865 1280 1906 mea
1296 1849 1349 1905 flde

152 1934 307 1988 christiana.

252 2021 393 2084 Quomodo
411 2040 472 2074 eain
483 2022 640 2091 profiteria?
658 2020 743 2074 (bodo
762 2021 788 2073 ln
808 2020 895 2087 (lenm,
914 2027 1018 2088 patrem
1037 2021 1255 2089 omnipotentem,
1274 2034 1348 2074 crea·

148 2107 237 2156 torem
255 2103 323 2157 coeli
342 2112 369 2158 et
387 2113 484 2159 terrae.

252 2187 327 2252 Quid
344 2190 434 2242 credie
451 2191 484 2242 de
501 2199 590 2242 niati-e
607 2191 670 2243 det?
687 2188 787 2250 (trodo,
816 2206 874 2242 eam
893 2196 955 2242 aute
976 2192 1142 2256 conceptum,
1161 2190 1187 2242 iu
1206 2193 1347 2258 conceptu,

149 2279 211 2341 post
240 2281 398 2341 conceptum
421 2273 504 2329 fuisse
522 2291 613 2328 veram
635 2274 772 2341 virginem,
798 2289 944 2341 rursusque
974 2278 1036 2327 ante
1063 2281 1182 2340 parturn,
1209 2273 1236 2326 in
1259 2279 1347 2342 parm,

149 2363 211 2426 post
229 2364 335 2424 partum
353 2357 437 2413 fnisse
456 2365 484 2412 et
501 2374 561 2413 esse
579 2359 716 2427 virginem.
738 2359 849 2426 Insuper
863 2357 952 2424 credo,
972 2357 1103 2426 quidquid
1120 2372 1153 2411 ea
1171 2357 1288 2412 suaserit
1304 2357 1348 2412 rel

149 2442 266 2497 suadeat
284 2443 447 2511 christiania,
464 2443 492 2497 id
510 2443 706 2498 observandum
725 2459 793 2498 esse.

254 2526 329 2591 Quia
346 2529 453 2579 ararit?
469 2526 567 2589 Suasit,
587 2534 626 2594 nt,
645 2526 831 2596 quodcumque
849 2527 921 2582 lilius
939 2526 1052 2593 dixerit,
1070 2525 1098 2580 id
1117 2526 1178 2594 fiat,
1197 2527 1266 2583 sicut
1283 2525 1348 2581 dicit

153 2626 175 2665 e.
194 2611 314 2666 ioannes
332 2626 391 2679 cap.
409 2611 443 2664 11.
872 2654 875 2660 ,
1249 2658 1253 2672 ,

252 2694 327 2760 Quid
342 2697 483 2765 praecipit
495 2695 574 2765 filiae
592 2700 665 2766 ajin?
700 2696 736 2751 Ut
754 2696 901 2763 diligamus
918 2697 1073 2764 proximum
1091 2701 1219 2751 nostrum.

252 2779 333 2844 Quot
350 2788 543 2848 argumentum
554 2779 683 2849 profers?
698 2780 811 2835 Joannie
823 2781 884 2833 XV:
906 2779 981 2847 „Hoc
1000 2787 1041 2834 est
1058 2785 1232 2849 praeceptum
1249 2794 1346 2846 meum,
1417 2815 1420 2822 -

149 2869 180 2918 ut
197 2863 316 2931 diligatis
333 2862 474 2917 invicem.“

252 2946 307 3000 Oua·
329 2936 636 3019 debemna'proaimnm
663 2950 797 3017 diligere?
830 2949 899 3015 Quia
923 2964 1015 3002 omnes
1042 2964 1096 3001 uno
1122 2948 1218 3016 spiritu
1235 2947 1347 3001 dumos

150 3045 296 3098 omnesque
314 3030 437 3086 eamdem
453 3031 533 3086 fidem
551 3033 698 3098 habemus,
731 3031 802 3085 idom
820 3032 953 3099 baptisma
971 3033 1137 3100 accepimns,
1156 3031 1251 3086 eodem
1269 3022 1346 3099 pa'tre

150 3129 183 3168 ao
195 3113 301 3169 domino
314 3116 422 3185 utimur,
433 3132 526 3170 omnes
535 3116 569 3170 ad
582 3117 653 3171 idem
665 3133 776 3183 regnum
786 3116 949 3170 contendere
960 3116 1102 3183 debemus3
1112 3116 1222 3184 insuper
1233 3116 1303 3169 banc
1312 3115 1346 3169 ob

150 3212 207 3251 rem
225 3213 331 3266 quoque
344 3200 456 3268 diligere
468 3200 612 3268 debemus,
632 3207 661 3253 ut
678 3216 770 3254 omnes
789 3207 965 3268 cognoscant,
984 3216 1044 3254 esee
1063 3216 1111 3255 nos
1129 3200 1171 3255 dei
1191 3199 1345 3268 discipulos.

253 3282 687 3353 Qriideatproaimnmdiligeret
704 3285 738 3338 Ei
750 3285 849 3338 bonum
868 3285 936 3338 liene
955 3300 1062 3352 cupere.

253 3367 328 3431 Quid
351 3377 390 3420 eat
417 3371 441 3421 et
460 3369 560 3421 bonam
579 3371 643 3421 bene
661 3375 776 3438 cupere?
805 3369 891 3434 Velle,
911 3377 941 3423 nt
957 3369 1056 3437 probus
1082 3370 1124 3436 sit,
1143 3375 1254 3438 peccata
1272 3369 1346 3430 vitet,

149 3449 185 3503 ad
198 3450 307 3504 missam
319 3451 364 3518 pio
376 3452 464 3505 animo
483 3459 509 3505 et
529 3452 644 3507 libenter
661 3453 781 3520 accedat,
800 3461 911 3521 peccata
929 3454 1044 3508 libenter
1062 3452 1228 3520 confiteatur,
1249 3468 1346 3521 corpus

150 3533 195 3587 dei
214 3533 326 3602 ejusque
345 3535 503 3602 sanguinem
521 3536 638 3590 libenter
656 3544 683 3590 et
701 3537 780 3604 digne
798 3538 919 3604 accipiat.

253 3617 306 3671 Car
325 3635 425 3687 eorpus
442 3620 486 3672 dei
504 3621 619 3674 libenter
637 3623 761 3691 accipere
772 3620 864 3674 debet?
884 3620 920 3675 Ut
937 3621 1037 3674 habere
1055 3620 1140 3689 possit
1158 3621 1238 3674 vitam
1256 3627 1345 3676 aeter·

149 3709 257 3756 namet
279 3709 310 3755 ut
332 3703 481 3756 innocentis
508 3705 628 3772 martyrii
652 3703 695 3758 dei
714 3704 881 3770 recordetur,
913 3705 982 3758 sicut
1005 3711 1121 3758 testatur
1138 3720 1160 3758 s.
1177 3705 1297 3759 loannes
1315 3713 1343 3759 et

150 3802 171 3840 a.
190 3786 346 3840 Matthaeus
366 3788 555 3855 evangelistae.

252 3869 324 3933 Quot
342 3870 430 3924 modis
447 3871 537 3924 credie
554 3872 627 3940 qreod
645 3873 685 3926 ad
703 3889 802 3941 carptis
820 3872 865 3926 det
882 3875 998 3925 attinet?
1030 3872 1136 3926 'lbibua

252 3954 373 4018 Quidue?
390 3953 484 4021 Credo,
503 3971 585 4008 unum
598 3971 658 4009 esse
670 3971 810 4022 summum,
829 3955 1073 4021 altenmlioierius,
1092 3955 1201 4009 tertium
1212 3954 1339 4009 infimum.

252 4037 327 4103 Quia
344 4047 383 4091 cat
399 4044 550 4091 annamnm?
584 4039 725 4093 Diiinitas.

253 4121 327 4187 Quid
345 4121 480 4191 inferias?
513 4125 616 4191 Corpus
634 4131 662 4177 et
679 4124 768 4177 anima
787 4123 895 4178 Christi.

252 4205 327 4271 Quid
345 4207 486 4267 inanum?
519 4206 722 4262 Sacramentum
739 4208 859 4274 corporis
877 4207 920 4261 dei
939 4214 966 4261 et
983 4206 1123 4274 sanguinis
1141 4207 1192 4261 dei.

250 4288 305 4342 Gur
324 4291 459 4343 diuinitas
476 4300 515 4343 eat
532 4297 686 4344 summam?
701 4293 770 4360 Quia
788 4308 837 4347 nec
855 4292 983 4360 originem
1001 4307 1051 4346 nee
1069 4292 1149 4345 finem
1167 4292 1257 4346 babet

251 4372 305 4427 aar
336 4389 437 4441 caepae
461 4382 486 4426 et
503 4377 600 4427 anima
627 4375 762 4445 insertas?
794 4376 862 4444 Quia
888 4376 1017 4444 originem
1035 4376 1126 4442 habet,
1153 4375 1234 4429 tinem
1252 4381 1342 4431 autem

149 4457 254 4512 nullum
272 4457 390 4511 habebit.

250 4540 306 4594 One
323 4551 529 4594 sacramentnm
552 4543 677 4613 corporis
693 4543 738 4595 dei
756 4552 780 4597 et
803 4545 949 4612 eangaainia
967 4543 1011 4596 dei
1030 4543 1169 4610 infimam?
1202 4544 1273 4612 Quia
1289 4544 1341 4601 ori·

147 4623 239 4694 ginon]
256 4625 339 4680 babet
355 4631 437 4697 atque
455 4627 536 4681 etiam
553 4626 634 4682 mem
652 4627 770 4683 habebit.
