2992 5258
149 379 210 446 572
401 343 605 439 controversiae
623 372 657 427 ce
674 372 805 440 religione
823 373 851 427 sn
869 371 1011 427 neaeman:
1031 342 1114 428 rna

151 586 203 646 cat
235 580 349 647 merito
382 580 415 644 in
455 576 642 661 exemplum.
685 576 802 643 Datum
835 574 1065 657 Constantine,
1108 592 1193 641 anno
1229 574 1342 641 domini

151 679 390 761 M⁰CCCCXV⁰,
413 679 586 745 indictione
609 682 736 760 octava,
759 678 811 744 die
833 677 938 743 XXVI
960 676 1078 742 mensis
1099 675 1188 757 Julii,
1211 676 1272 741 sub
1291 695 1342 759 ap

152 781 308 863 pensione
331 781 508 863 sigillorum
530 779 780 863 praesidentium
802 784 939 861 quatuor
960 779 1132 845 nabonnm.

657 973 798 982 ———-·--
803 973 850 980 -—

721 1160 781 1234 82.

155 1386 484 1472 Constantianae
512 1388 749 1492 concilium,
777 1385 959 1470 laudans
990 1384 1092 1468 fidei
1113 1383 1346 1470 catholicae

154 1522 343 1607 studium
375 1521 558 1607 loannis
592 1522 774 1631 junioris
814 1520 868 1603 de
904 1517 1183 1628 Novadomo,
1223 1532 1347 1633 rogat

156 1686 265 1762 eum,
301 1667 349 1740 ut
390 1656 573 1741 loannis
610 1656 803 1765 episcopi
837 1642 1182 1766 Lutomyalensis
1220 1654 1343 1760 bona,

156 1820 265 1903 quae
305 1788 488 1876 Bohemi
525 1791 729 1874 haeretiei
767 1789 969 1874 invadere
1008 1789 1344 1902 depopulatique

515 1924 794 2031 conabantur,
831 1936 1034 2009 tueaturs

546 2173 728 2242 Constantine,
748 2174 821 2241 1415,
840 2175 873 2228 25
893 2175 963 2244 Aug.

381 2478 425 2544 (E
441 2476 502 2531 ΜΒ.
522 2477 614 2531 Mataei
633 2477 748 2532 Botem.
767 2476 794 2542 4,
812 2477 851 2530 D.
870 2476 914 2540 12,
927 2476 981 2547 sol.
998 2474 1049 2533 33⁶
1066 2475 1123 2546 sq.)

256 2780 464 2846 Sacrosaocta
496 2778 655 2860 generalis
685 2779 940 2846 constantiensis
979 2780 1129 2863 synodus,
1167 2782 1200 2847 in
1240 2779 1344 2864 spirito

157 2887 265 2946 sancto
297 2882 438 2962 legitime
467 2889 668 2964 congregata,
701 2881 817 2946 dilecto
847 2883 879 2946 in
903 2881 1029 2947 Christo
1046 2872 1125 2963 filio,
1150 2883 1250 2948 nobili
1276 2882 1343 2959 viro,

156 2983 273 3050 loanni
291 2983 411 3064 juniori
425 2983 536 3048 baroni
552 2982 722 3047 Bohemiao
747 2983 786 3047 de
806 2982 998 3063 Novadomo,
1021 2983 1192 3064 Pragcnsis
1207 2981 1344 3059 diocesia

157 3083 291 3151 salntem
315 3090 348 3147 et
369 3083 421 3148 dei
443 3083 672 3166 omnipotentis
696 3082 957 3149 benedictionem.

256 3201 389 3267 Salubre
419 3201 543 3267 exstitit
572 3207 605 3265 et
631 3199 733 3264 visum
760 3201 819 3266 fnit
851 3219 942 3267 sacro
973 3200 1123 3281 concilio,
1149 3200 1272 3266 odibile
1294 3199 1346 3265 deo

158 3309 192 3369 ct
212 3302 384 3368 adversans
407 3301 582 3368 catholicae
605 3299 677 3366 fidei
693 3300 825 3381 puritati
849 3302 1015 3384 pravitatis
1030 3299 1212 3367 Wicleficae
1234 3302 1347 3378 vitium

158 3402 243 3486 quod
258 3403 289 3468 io
306 3421 404 3484 regno
420 3401 592 3468 Bolremiae
611 3402 674 3483 jam
691 3400 809 3465 dodum
832 3402 1007 3483 pullulavit,
1023 3402 1132 3467 taliter
1148 3419 1207 3483 per
1230 3400 1348 3466 monae

158 3505 307 3572 auxilium
336 3503 512 3585 majestatis
535 3500 574 3567 ab
597 3502 659 3567 illis
688 3500 803 3567 finibus
826 3502 1074 3585 exstirpandum,
1098 3501 1183 3584 quod
1207 3501 1348 3568 condem·

158 3607 241 3672 natis
266 3605 355 3671 illius.
372 3602 559 3669 maledictae
589 3602 689 3685 pestis
711 3604 896 3686 capitaneis,
923 3603 1072 3669 videlicet
1093 3603 1220 3668 Joaone
1243 3598 1352 3669 Wielei

159 3712 192 3772 et
212 3707 335 3772 Joaone
358 3706 446 3785 Hos,
475 3703 691 3769 exorbitantes
720 3704 760 3769 ad
791 3705 923 3785 gloriam
953 3704 1128 3770 conditoris
1156 3705 1295 3769 omnium
1321 3707 1350 3766 et

160 3812 304 3873 errantes
337 3812 373 3872 ut
394 3805 434 3871 ad
463 3806 545 3870 viam
569 3804 711 3870 redirent
739 3804 898 3886 veritatis
938 3811 972 3871 et
1000 3805 1124 3878 animae
1164 3804 1349 3888 simplicium

159 3914 406 3992 praeserventur
427 3926 446 3972 a
468 3907 567 3989 lapsu,
599 3925 636 3972 ac
657 3906 690 3969 io
712 3906 858 3990 personis
881 3905 1044 3972 catholicis
1066 3911 1099 3971 et
1127 3903 1203 3971 fidei
1233 3905 1346 3971 aelata·

159 4011 247 4076 ribus
281 4007 478 4074 constantiae
507 4007 609 4072 virtus
640 4007 725 4073 circa
753 4007 853 4089 ipsins
887 4005 961 4072 fidei
995 4007 1113 4073 arritum
1141 4006 1181 4071 de
1211 4004 1351 4072 bonoio

160 4111 272 4175 melius
294 4114 458 4190 augeatur.
481 4108 572 4174 Nunc
594 4114 700 4174 autern
723 4108 869 4174 dolenter
891 4108 1101 4192 percepimus,
1128 4106 1271 4190 qualiter
1289 4104 1351 4188 qoi-

161 4212 231 4277 dam
253 4210 389 4276 barones
410 4210 501 4291 regni
524 4209 694 4275 Bohemiae
710 4209 832 4275 nobiles
856 4210 1044 4290 etclieotes,
1068 4207 1181 4275 salutis
1205 4207 1350 4291 propriae

160 4313 375 4390 immemoreS,
405 4310 518 4375 timore
541 4310 647 4376 divino
671 4316 703 4376 et
732 4308 854 4392 pudore
884 4310 1019 4375 hnmano
1050 4325 1184 4392 prorsus
1215 4307 1351 4391 abjectis

161 4410 322 4495 praefatos
354 4411 534 4476 haereticos
566 4429 636 4474 cum
671 4427 780 4474 eorum
808 4410 898 4475 libris
932 4416 965 4476 et
997 4409 1152 4475 doctrinis
1182 4408 1351 4491 justissime

162 4512 389 4578 condemnatos
415 4512 447 4574 in
475 4512 703 4595 blasphemiam
731 4510 782 4576 dei
810 4511 1037 4595 omnipotentis
1067 4515 1100 4575 et
1128 4508 1351 4593 praejudicinm

163 4613 384 4681 detestandum
407 4618 535 4680 sanctae
556 4611 697 4699 matrits)
721 4613 874 4680 ecclesiae
903 4613 1016 4680 unicae
1044 4630 1122 4680 suae
1151 4628 1289 4699 sponsae
1302 4609 1350 4681 de
