2992 5258
218 436 280 499 510
458 432 663 486 coutroversiae
680 432 714 486 de
732 431 862 499 religione
879 433 907 485 in
926 432 1068 487 Bohemfaz
1086 434 1158 488 1413.

218 652 274 699 vos
295 632 507 714 abscondatis,
529 652 569 698 na
592 652 661 698 cum
685 634 852 699 vocatione
874 635 1011 701 rectoris
1034 642 1067 700 et
1088 635 1225 700 aliorum
1248 633 1413 716 praevani·

217 735 339 800 remini.
383 735 541 816 Scriptum
563 735 757 800 festinanter
776 753 834 817 pro
856 736 1089 801 informatione.

715 923 913 930 ..ν-*-

781 1115 844 1189 54.

217 1322 496 1407 chceslans
522 1353 596 1406 rex
624 1327 854 1436 magistros
882 1320 1142 1406 Stanislaum
1169 1338 1213 1409 et
1238 1324 1406 1409 Petrum

216 1460 270 1542 do
297 1458 505 1569 Znoyma,
534 1456 801 1567 Stephaninn
831 1456 961 1540 Paled
988 1471 1031 1542 ct
1057 1458 1274 1544 Joannem
1292 1459 1404 1543 Eliso

217 1606 434 1702 tamquam
457 1593 768 1675 dissensionum
787 1604 984 1676 auctores
1004 1595 1055 1693 in·
1075 1594 1246 1677 exilium
1267 1597 1402 1678 mittit.
1468 1648 1471 1659 ι

542 1839 654 1908 Progne,
672 1856 694 1894 s.
712 1839 738 1893 d.
758 1843 833 1907 (1413
850 1843 913 1894 circ.
932 1857 966 1931 m.
985 1842 1086 1909 April.)

712 2064 906 2071 ——-—.=--

215 2143 368 2208 (lamentum
385 2142 510 2195 chronico
530 2143 669 2194 canicornis.
695 2142 785 2212 Prap.
810 2146 882 2196 fater
900 2141 962 2195 MS.
987 2141 1081 2195 Vieaa.
1102 2141 1188 2204 7650,
1207 2142 1262 2212 jot.
1281 2142 1338 2196 100
1352 2144 1405 2209 aq.)

314 2445 521 2511 Wenoeslaus
551 2445 602 2510 dei
629 2445 733 2526 gratia
763 2462 799 2510 aa.
828 2446 1066 2512 honorabilibus
1099 2464 1210 2512 sacrae
1242 2447 1341 2512 theol.
1371 2454 1417 2510 et,

211 2546 293 2628 juris
313 2546 456 2612 canonici
478 2546 661 2611 doctoribus
685 2552 717 2610 et
738 2546 855 2610 artium
876 2547 1054 2611 liberalium
1070 2547 1232 2628 magistris
1249 2546 1425 2611 universi-

214 2648 288 2712 tatis
316 2647 412 2711 studii
442 2647 543 2711 nostri
566 2648 744 2726 Pragensis,
775 2658 809 2712 et
837 2649 1077 2730 qrribuscnnque
1107 2648 1186 2730 aliis,
1210 2666 1291 2730 quos
1313 2646 1454 2713 infra-

214 2750 334 2830 scripta
355 2747 457 2828 tangit
478 2747 619 2825 materia
644 2746 780 2812 subditis
793 2755 827 2812 et
841 2749 965 2814 devotis
981 2750 1099 2813 nostris
1114 2748 1249 2836 dilectis,
1274 2749 1455 2830 gestiant

213 2850 332 2929 regium
361 2853 396 2912 et
423 2865 514 2912 omne
541 2847 665 2926 bonnm,
696 2853 728 2912 et
756 2850 981 2929 praesentibus
1011 2868 1080 2914 cum
1113 2849 1199 2915 omni
1220 2848 1468 2939 obedientie-

214 2949 307 3014 fidem
329 2948 414 3013 dare.

313 3075 427 3139 Devoti
443 3074 567 3138 dilectit
592 3076 727 3156 Propter
743 3093 870 3156 gravem
887 3082 919 3140 et
934 3076 1117 3160 pestiferam
1132 3074 1281 3141 infamiae
1292 3083 1475 3141 notant-i

122 3209 127 3221 ·
214 3193 294 3256 quac
308 3176 371 3238 heu
385 3174 536 3239 damnoso
561 3181 665 3238 sumto
688 3175 819 3240 consilio
835 3193 934 3257 regno
957 3182 1066 3241 nostro
1078 3176 1261 3255 Bohemiae,
1283 3175 1396 3242 civitat
1466 3163 1476 3227 i

212 3276 366 3356 l’ragensi
395 3280 428 3339 et
455 3277 570 3358 populo
599 3295 636 3341 oc
664 3277 894 3341 marchionatni
917 3276 1077 3342 Moroviae
1108 3294 1167 3359 per
1195 3276 1350 3358 quosdam
1372 3295 1406 3340 u
1456 3271 1475 3328 i

212 3374 329 3440 dicitur
357 3375 448 3454 regni
477 3375 580 3439 nostri
611 3375 770 3455 praelatos
800 3392 897 3457 snper
919 3375 1017 3441 certis
1040 3376 1204 3440 erroribus
1225 3376 1391 3458 praetensi
1463 3381 1475 3425 ⁵

214 3484 264 3540 est
303 3475 432 3563 sinistre
467 3474 630 3556 imposita,
664 3474 703 3539 de
741 3475 937 3556 principum,
976 3475 1128 3540 nobilium
1162 3483 1196 3541 et
1228 3476 1475 3559 sapientum}

212 3582 393 3641 nostrorum
423 3575 563 3656 consilio,
594 3575 634 3641 ad
663 3575 873 3641 serenandam
896 3575 1009 3640 famam
1030 3584 1172 3641 nostram
1195 3583 1228 3641 et
1250 3576 1472 3643 dictorum

213 3676 312 3756 regni,
342 3677 489 3754 civitatis
521 3675 631 3758 populi
662 3683 695 3741 at
727 3677 961 3742 marchionatus
995 3677 1175 3759 hujusmodi
1207 3676 1469 3742 adhibuimus

212 3777 404 3844 antidotum:
436 3777 529 3858 liujus
556 3777 655 3857 igitur
682 3777 892 3844 dissensionis
924 3779 1168 3858 contrauersim,
1202 3777 1348 3844 infmnins
1376 3776 1464 3839 εί

214 3877 435 3958 emergentes,
463 3878 549 3941 inter
567 3883 671 3943 certos
701 3878 849 3943 doctores
872 3885 905 3944 et
927 3880 1096 3959 magistros
1119 3879 1224 3945 dictae
1246 3874 1455 3944 universi·

213 3981 289 4045 tatis
310 3979 369 4043 viis
391 3984 424 4042 et
439 3977 539 4042 modis
555 3980 703 4058 congruis
720 3979 897 4061 sopiendas,
922 3979 1079 4062 pacandas
1102 3980 1444 4063 commorandas,

213 4079 385 4145 venerabili
407 4080 517 4144 Albico
540 4080 778 4161 archiepiscopo
802 4081 894 4161 Prag.
916 4081 1063 4162 principi,
1087 4079 1248 4147 Zdenconi
1270 4095 1436 4164 praepo·

213 4182 275 4246 sito
291 4180 436 4245 Omnium
459 4180 646 4245 Sanctorum
669 4180 766 4246 castri
790 4181 982 4261 Pragensis,
1015 4182 1135 4248 Jacobo
1158 4179 1424 4264 deconoWyse·

212 4281 361 4363 gradensi
382 4281 580 4361 consiliariis
610 4288 643 4346 et
665 4280 855 4347 Christanno
884 4280 922 4344 de
946 4282 1129 4348 Praclraticr
1152 4300 1210 4365 pro
1234 4289 1311 4348 tunc
1334 4295 1412 4345 rec·

213 4384 275 4449 tori
304 4383 521 4448 universitatis
549 4381 644 4447 studii
668 4384 769 4462 Prag,
798 4383 921 4447 devotis
952 4383 1071 4448 nostris
1101 4382 1238 4464 dilectis,
1260 4382 1403 4447 duximus

213 4483 478 4549 committendum.
523 4484 583 4561 Qui
605 4488 641 4547 ut
655 4484 835 4564 accepimus
850 4501 885 4548 se
900 4483 940 4547 ad
957 4483 1176 4549 executionem
1191 4483 1270 4549 dicti
1283 4475 1394 4564 negotii

212 4591 378 4667 ponentes,
407 4586 573 4650 universos
601 4585 749 4649 doctores
782 4591 815 4651 et
847 4585 1016 4666 magistros
1048 4585 1152 4650 dictae
1185 4580 1384 4649 univcmau

212 4684 314 4754 adse
342 4684 449 4751 vocari
475 4683 630 4766 fecerunt,
657 4693 693 4751 ut
718 4686 835 4751 auditis
864 4685 947 4752 votis
976 4686 1190 4772 singulorum,
1224 4679 1382 4769 hujusmodi
