2992 5258
391 420 436 476 lv.
454 421 496 477 De
513 421 553 476 M.
571 420 595 477 J.
616 418 675 475 lius
692 420 831 476 audientia
847 421 892 475 die
909 423 926 476 8
941 419 1026 476 Junii.
1239 427 1301 491 299

184 617 385 688 inimli'ertrneti
400 646 426 686 er
440 635 536 685 incute
553 630 612 685 hoto
625 635 702 684 antra
716 628 746 685 h.
761 627 898 702 Stephanum
915 628 992 685 Palea
1008 624 1057 707 (ael
1072 645 1137 685 rarus
1151 625 1224 706 rere).

212 813 239 874 l.
265 808 319 884 „st
334 828 440 887 popo,
461 809 622 888 episcopua
642 807 690 868 ael
705 807 872 887 praelat-ae
899 815 943 869 eat
964 809 1000 870 in
1015 817 1143 888 peceato
1163 808 1301 888 mortali,

47 910 191 995 qnod
213 916 288 971 triac
307 928 372 969 noa
394 915 438 968 est
458 928 554 988 papo,
577 909 736 1002 episcopua
758 907 805 969 ael
821 908 1017 987 praelatae.“

204 1011 245 1071 Ia
261 1011 414 1084 mancipio
434 1010 557 1069 secandi
577 1010 703 1081 capituti
722 1009 767 1069 sic
787 1013 846 1069 etot
871 1014 905 1068 at
921 1012 1057 1083 poaitar,
1108 1011 1192 1071 Unda
1215 1012 1299 1090 dicit:

38 1114 236 1178 Remitto
248 1111 363 1171 eumad
379 1118 497 1169 sanetas
513 1111 714 1182 Augustinum
726 1111 943 1183 Ilieranymum,
956 1110 1204 1188 chrysostomum,
1225 1112 1300 1172 Gre-

32 1212 230 1292 gorium
253 1212 431 1286 cyprianum
460 1218 490 1269 et
511 1210 701 1280 Remurium,
732 1211 782 1283 qui
804 1211 870 1282 plus
892 1212 1012 1272 dicunt:
1033 1213 1089 1285 Qui
1110 1214 1209 1273 estin
1230 1231 1301 1286 pec·

44 1319 173 1375 cato
207 1314 340 1387 mortali,
374 1328 434 1371 uon
468 1316 515 1371 est
547 1315 618 1369 tunc
650 1327 737 1368 verus
765 1311 956 1370 Christianus.
1000 1312 1106 1373 Discat
1142 1328 1213 1385 ergo
1243 1313 1299 1371 iste

30 1428 229 1495 grossus
257 1410 358 1486 fictor,
387 1412 464 1484 quod
494 1409 570 1471 tales
597 1427 656 1468 non
684 1427 753 1469 vere
783 1429 839 1470 nec
866 1413 954 1485 digne
975 1403 1029 1484 pro
1052 1420 1121 1474 tunc
1143 1413 1301 1473 secundom
1361 1470 1364 1475 .

42 1519 295 1595 praesentem
315 1513 468 1586 justitiam,
490 1511 542 1571 sed
565 1512 723 1584 aequivoce
746 1519 814 1570 suut
834 1529 937 1585 papae,
960 1514 1091 1587 episcopi
1106 1514 1153 1572 vel
1167 1512 1300 1587 praelati,

45 1611 160 1681 sed
188 1628 258 1671 rere
287 1612 445 1672 seeundum
473 1613 655 1684 evangelium
681 1614 816 1672 veritatis
854 1614 950 1685 (Joan.
980 1610 1033 1694 10)
1070 1621 1138 1672 sunt
1165 1612 1246 1673 iures
1271 1618 1302 1672 ct

63 1718 252 1779 latrones.
294 1711 336 1772 Et
355 1712 398 1771 hlt
424 1709 459 1769 7⁰
485 1710 543 1770 ca⁰:
586 1712 662 1774 Sunt
689 1713 928 1784 investimentis
959 1715 1054 1772 ovium
1080 1714 1141 1785 lupi
1166 1728 1300 1785 rapaces,

58 1814 143 1877 de
170 1812 275 1884 quibus
302 1812 403 1871 dicens
434 1815 524 1870 duros
555 1814 573 1869 8
603 1812 689 1869 dixit:
721 1812 785 1884 ipsi
814 1820 1010 1886 regnaverunt
1039 1821 1068 1871 et
1097 1830 1155 1871 non
1184 1829 1221 1870 ex
1253 1799 1299 1870 m'e

55 1911 256 1994 principes
284 1914 466 1982 exstiterunt,
497 1918 527 1971 et
553 1929 608 1986 ego
632 1930 691 1971 uon
713 1915 836 1986 cognovi
862 1930 897 1975 ac.
931 1914 971 1971 Et
990 1913 1078 1971 inira:
1106 1913 1298 1972 concedimus

67 2012 193 2082 enim,
223 2013 300 2085 quod
329 2014 422 2072 malus
451 2029 536 2085 papa,
576 2014 741 2085 episcopus,
769 2014 918 2085 praelatus
947 2014 994 2072 vel
1026 2014 1165 2073 sacerdos
1187 2019 1233 2071 est
1254 2014 1299 2071 in·

74 2111 215 2181 diguus
241 2113 377 2172 minister
404 2119 659 2183 sacramentorum,
690 2130 743 2187 per
771 2131 855 2186 quem
884 2115 955 2173 deus
987 2115 1121 2184 baptism,
1149 2118 1303 2172 consecrat

83 2209 160 2268 vel
183 2212 272 2271 aliter
297 2213 335 2270 ad
365 2213 527 2285 proiectum
558 2231 628 2273 suae
656 2215 799 2274 ecelesiae
829 2222 976 2286 operatur.
1020 2214 1060 2272 Et
1087 2213 1160 2272 illud
1188 2213 1246 2271 late
1269 2213 1300 2271 in

84 2318 191 2370 textu
212 2329 267 2384 per
289 2321 457 2375 sanctornm
475 2316 537 2386 jam
558 2315 748 2387 allepatormn
770 2316 924 2374 deducitur
946 2316 1146 2373 auctoritates.

204 2461 252 2523 Et
274 2483 344 2523 cam
365 2463 415 2523 hic
428 2463 545 2543 finitae
566 2470 642 2524 oaeet
664 2463 828 2543 articarius,
852 2472 925 2526 tuae
944 2464 1096 2545 moqister
1117 2462 1212 2524 atati:
1234 2462 1301 2526 Imo

96 2559 162 2633 qui
191 2567 242 2626 est
271 2562 305 2626 iu
320 2571 451 2643 peceato
473 2563 607 2640 mortali,
631 2581 691 2628 nec
713 2572 763 2628 est
785 2565 879 2644 digne
910 2584 967 2628 rex
989 2581 1093 2628 coram
1116 2563 1185 2641 deo,
1220 2562 1302 2625 sicut

96 2668 197 2731 patet
219 2661 264 2726 iv
286 2663 408 2742 Regum
434 2665 479 2741 16,
503 2663 556 2727 uhi
580 2663 660 2727 dixit
682 2663 826 2728 dominus
849 2683 907 2746 per
923 2665 1110 2747 prophetam
1125 2663 1301 2728 Samuelem

99 2755 149 2819 ad
171 2763 259 2842 Saul,
289 2764 343 2844 qui
371 2763 509 2828 debehat
537 2764 718 2828 interlicere
740 2765 891 2829 Amalech
915 2774 947 2830 et
968 2784 1033 2830 non
1056 2765 1145 2829 iecit:
1169 2766 1231 2828 Pro
1255 2781 1303 2842 eo,

95 2863 192 2931 quod
231 2862 376 2943 abjecisti
409 2882 585 2928 sermonem
617 2882 735 2944 meum,
770 2871 805 2930 ut
843 2885 907 2931 nau
939 2866 1111 2932 interficias
1141 2865 1301 2945 Amalech,

93 2952 674 3044 afflmmwmmffim

206 3115 341 3180 Interim
361 3119 468 3179 autem
490 3134 547 3180 rex
559 3115 778 3196 Sigismundas
791 3117 974 3194 Hungariae
997 3122 1145 3182 erexerat
1159 3135 1194 3180 se
1210 3124 1303 3182 extra

91 3197 282 3280 fenestram
313 3215 491 3294 refectorii,
526 3217 600 3296 quia
628 3216 707 3281 haec
736 3217 899 3281 audientia
920 3218 980 3281 luit
1001 3219 1033 3281 in
1056 3219 1194 3282 claustro
1216 3216 1301 3298 apud

89 3294 259 3393 Minores
282 3333 418 3396 surgens
440 3325 473 3382 et
494 3318 627 3397 loquens
648 3337 685 3383 ac
706 3336 840 3382 narrans
864 3319 970 3382 comiti
985 3319 1125 3399 palatino
1144 3319 1246 3382 Rheni
1268 3326 1302 3382 et

88 3413 279 3498 Durgravio
301 3416 533 3498 h'orbergensi,
568 3418 705 3498 qualiter
734 3417 764 3480 in
796 3425 864 3483 totu
886 3418 1127 3484 christianitate
1157 3418 1303 3482 nonfuit

84 3513 209 3592 ¹¹lajor
230 3515 420 3595 hacreticus,
444 3537 537 3598 quam
559 3518 630 3596 iste,
653 3518 834 3582 denotando
857 3519 899 3582 hl.
921 3520 1078 3583 loannem
1099 3518 1179 3582 llus.
1223 3517 1301 3583 Cum

83 3612 216 3681 eutem
241 3615 407 3698 praedicta
434 3616 473 3679 de
501 3635 578 3697 rege
600 3623 634 3681 et
661 3618 700 3681 de
723 3617 798 3682 Saul
819 3618 974 3697 allegaret
995 3617 1037 3681 hi.
1059 3618 1200 3682 loannes
1221 3617 1300 3694 Has,

81 3699 326 3783 clamaverunt
353 3717 488 3799 praelati
515 3716 671 3782 dieentes:
716 3718 836 3783 Vocate
868 3719 992 3798 regem!
1015 3717 1089 3798 Ipso
1118 3736 1195 3782 vero
1224 3737 1301 3798 rege

79 3810 169 3879 ¹¹0u
198 3818 351 3882 audiente
378 3825 512 3899 propter
540 3818 714 3899 praedicta
743 3837 825 3899 quae
847 3815 1044 3900 principibus
1076 3818 1219 3883 narravit
1241 3836 1300 3900 per

78 3893 283 3983 fenestram
305 3917 345 3982 de
360 3917 403 3982 hl.
424 3919 565 3983 Joaune:
586 3919 816 4000 propterquod
844 3919 1064 4000 praesidentes
1086 3919 1302 3983 clamaverunt

76 4008 206 4091 Sulter
228 4017 309 4097 illos,
331 4018 384 4099 qni
407 4018 652 4100 propinquiores
667 4024 760 4083 erant
775 4019 860 4100 regi:
884 4018 1031 4083 Trahatis
1059 4022 1130 4082 eum
1153 4016 1300 4099 tregam),

77 4107 133 4167 ut
174 4117 301 4190 audiat,
334 4119 409 4198 quia
442 4119 493 4183 hic
526 4120 629 4198 tangit
662 4138 743 4183 enm.
787 4120 830 4184 Et
861 4119 1007 4185 iecerunt
1028 4119 1070 4183 hl.
1092 4118 1208 4184 Jeanni
1230 4118 1300 4183 Hus

74 4208 243 4282 eandem
265 4218 429 4283 materiam
452 4237 624 4283 resumere.
655 4219 790 4285 Etcum
812 4218 967 4284 linivisset
989 4226 1022 4284 et
1043 4219 1221 4297 limitasset,
1244 4236 1301 4283 rex

74 4288 329 4388 Sigismundus
358 4318 453 4383 dixit:
475 4320 615 4383 loannes
637 4319 722 4397 line,
752 4338 844 4384 nemo
874 4321 944 4384 sine
971 4320 1102 4384 crimine
1124 4319 1210 4383 vixit.
1252 4318 1301 4380 Et-

74 4411 287 4480 ⁰ssrdtnolia
300 4417 533 4481 contammata
555 4420 600 4481 od
613 4422 803 4500 anaqistrmrn
818 4421 909 4496 darii,
925 4420 1034 4484 volens
1051 4437 1109 4499 per
1123 4418 1183 4481 hot
1200 4417 1300 4497 inagis

75 4504 271 4582 Seculares
293 4526 406 4584 contra
428 4537 499 4583 exim
522 4520 670 4585 incitare:
693 4519 765 4584 Non
794 4519 971 4585 sufficiehat
993 4520 1065 4599 tihi,
1088 4517 1162 4598 quia
1184 4523 1301 4583 statum

74 4603 307 4683 S1¹iritualem
339 4619 539 4701 vilipendens
572 4620 739 4686 conabaris
772 4620 910 4701 dejicere
943 4638 1001 4702 per
1034 4628 1088 4684 tua
1116 4620 1236 4702 scripta
1268 4626 1300 4686 et
