2992 5258
424 410 445 464 1.
480 412 549 465 Acta
566 415 629 464 ante
649 410 701 464 iter
718 411 932 469 constantiense.
1214 419 1275 485 239

182 611 333 694 Sequitur
353 611 385 676 in
408 610 594 676 Bohemioo:

181 715 219 776 dt
240 715 325 774 mista
345 716 402 776 Jan
437 714 602 773 zHusince
624 729 661 775 sc.
698 715 811 775 Eadem
840 715 897 774 die.
930 711 1021 796 (Vide
1041 715 1151 777 ibides
1171 719 1276 795 aad,

68 831 150 888 10⁰9·
175 814 239 894 ⁶⁷·)

182 963 263 1028 ltcm
297 962 361 1027 ista
393 961 479 1045 jam,
515 980 595 1042 quac
632 961 797 1042 seqnitur,
837 961 897 1027 fuit
931 962 1089 1044 applicata
1123 965 1156 1029 in
1193 965 1275 1029 ostio

73 1081 317 1224 ‘egb-mm
337 1164 449 1223 Milosti
471 1163 482 1221 i
502 1161 636 1233 kralowe,
658 1161 729 1222 rade
750 1179 786 1224 sc.
814 1159 944 1244 (Ibidem
964 1181 994 1223 a.
1016 1165 1067 1236 35,
1082 1181 1154 1240 pap.
1180 1163 1244 1248 68.)

180 1313 263 1379 Item
277 1312 364 1377 misit
379 1311 474 1376 etiam
488 1328 563 1375 suos
578 1317 805 1392 procuratores
819 1310 860 1375 ad
874 1310 1084 1377 reverendum
1098 1313 1131 1376 in
1146 1311 1274 1380 Christo

62 1420 207 1495 patrem
220 1413 260 1476 D.
275 1411 441 1477 Nicolaum
455 1411 638 1494 episcopum
652 1411 909 1491 Nazaretensem,
924 1412 1145 1493 inquisitorem
1159 1413 1272 1480 haere·

64 1513 164 1577 ticae
185 1512 352 1593 pravitatis
374 1512 511 1577 civitatis
544 1519 577 1576 et
598 1511 732 1576 diocesis
755 1512 924 1591 Pragensis
950 1529 970 1577 a
995 1511 1074 1576 sede
1099 1515 1276 1594 apostolica

71 1612 267 1695 specialiter
287 1611 490 1692 deputatum,
519 1610 560 1675 ad
580 1610 842 1690 interrogandum
864 1610 967 1693 ipsum
990 1610 1028 1676 D.
1049 1612 1223 1694 Nicolaum,
1246 1615 1275 1680 si

74 1713 146 1779 scit
172 1728 271 1793 super
291 1730 365 1775 cum
386 1711 522 1791 aliquem
545 1727 687 1774 errorem
708 1710 758 1774 vel
781 1710 954 1790 haeresim,
984 1717 1021 1776 ut
1042 1712 1168 1793 publice
1183 1714 1273 1780 inno·

75 1818 188 1877 tescat
209 1816 243 1875 et
256 1808 453 1876 confiteatur.
477 1810 537 1888 Qui
559 1809 686 1891 quidam
702 1810 740 1873 D.
761 1809 911 1875 Nicolaus
934 1827 1039 1876 coram
1061 1811 1145 1878 dicto
1159 1832 1274 1895 procu·

74 1918 192 1976 ratore
204 1910 245 1975 Μ.
257 1910 390 1976 loannis
402 1910 471 1974 Hus
494 1915 528 1974 et
548 1927 655 1975 coram
676 1910 800 1975 notario
822 1908 948 1991 pubhcc
970 1916 1003 1975 et
1025 1911 1160 1977 testibus
1182 1932 1276 1994 quam

77 2011 228 2092 pluribus
255 2009 319 2075 fide
336 2009 452 2089 ,dignis
473 2010 674 2088 recognovit,
702 2026 737 2073 se
759 2008 982 2090 quamplures
1005 2010 1189 2078 collationes
1205 2032 1276 2078 cum

76 2111 170 2176 dicto
199 2111 241 2174 hl.
269 2111 361 2174 Joan.
384 2108 453 2174 Hus
485 2108 649 2188 habuisse,
678 2114 710 2173 et
732 2109 836 2190 ipsum
857 2108 1016 2174 invenisse
1038 2127 1148 2176 verum
1169 2114 1279 2177 catho⁴

80 2213 179 2277 licum
201 2216 236 2276 et
255 2209 393 2288 fidelem,
414 2213 451 2273 ut
472 2209 505 2272 in
527 2208 612 2274 dicto
631 2209 841 2273 instrumento
864 2226 941 2273 suae
963 2212 1189 2292 recognitionis
1204 2221 1278 2295 post

84 2310 309 2393 praesentibus
341 2308 509 2374 inserendo
542 2309 658 2373 clarius
684 2308 852 2373 videbitur.
896 2308 1032 2392 Insuper
1062 2310 1100 2374 D.
1127 2311 1277 2378 Nicolaus

84 2413 254 2494 episcopus
287 2416 320 2475 et
350 2410 522 2492 inquisitor
552 2409 734 2475 haereticae
767 2410 933 2491 pravitatis
961 2410 1001 2474 ad
1031 2410 1278 2479 confirmandum

87 2528 174 2575 suam
196 2509 392 2592 praedictam
412 2507 663 2588 recognitionem
684 2508 810 2573 literam
831 2514 993 2590 patentem
1015 2527 1073 2575 suo
1095 2512 1218 2592 patenti
1240 2520 1274 2579 ct

88 2611 238 2690 pendenti
270 2610 374 2690 sigillo
406 2609 576 2688 sigillatam
609 2607 693 2673 dicto
726 2608 881 2674 blicam.
914 2609 984 2674 Hus
1005 2610 1038 2675 iu
1060 2611 1276 2678 testimonium

91 2713 333 2790 praemissorum
365 2709 454 2774 dedit
486 2712 518 2774 et
545 2709 733 2789 assignavit,
766 2727 847 2790 quae
874 2709 970 2775 etiam
991 2712 1215 2792 praesentibus
1237 2713 1278 2779 de

95 2812 183 2876 aerbo
206 2809 248 2874 ad
269 2810 400 2876 verbum
421 2816 495 2892 post
523 2810 694 2874 inseretur.

184 2912 358 2976 Praeterea
372 2909 477 2976 dictus
497 2910 540 2975 M.
555 2911 646 2974 Joan.
669 2910 738 2975 Hus
754 2911 786 2974 in
808 2911 903 2992 plena
920 2911 1167 2992 congregatione
1183 2913 1277 2979 baro-

90 3023 159 3077 num
181 3010 273 3091 regni
294 3009 474 3090 Bohemiae,
496 3027 631 3074 unacum
645 3009 884 3092 archiepiscopo
908 3011 1060 3090 Pragensi
1073 3012 1113 3076 D.
1130 3009 1278 3078 Conrado

87 3108 125 3172 ad
146 3109 348 3177 tractandum
369 3109 452 3175 facta
464 3111 555 3190 regni
570 3110 609 3174 ad
632 3110 803 3174 claustrum
819 3109 849 3174 S.
871 3109 983 3174 Jacobi
1000 3119 1276 3192 congregatorum,

83 3209 170 3278 misit
202 3211 323 3276 eisdem
355 3210 490 3274 dominis
522 3210 694 3275 baronibus
716 3209 841 3274 literam
875 3227 932 3273 seu
955 3198 1273 3293 epistolam'proprio

80 3306 191 3390 sigillo
212 3311 391 3392 sigillatam,
413 3317 527 3392 petens
548 3309 634 3374 inter
656 3315 775 3390 cetera,
797 3314 953 3390 quatenus
975 3309 1094 3375 dictum
1112 3309 1149 3374 D.
1165 3311 1278 3376 Archi-

76 3414 272 3493 episcopum
302 3410 429 3494 pubhcc
460 3410 560 3475 velint
591 3410 805 3489 intcrrogare,
839 3410 867 3473 si
895 3409 957 3475 scit
977 3410 1115 3490 aliquem
1135 3428 1278 3476 errorem

74 3515 185 3596 Super
213 3511 298 3576 dicto
319 3511 361 3575 hl.
383 3511 474 3576 loan.
497 3509 566 3573 Hus
588 3527 645 3575 seu
668 3510 843 3589 haeresim,
877 3517 911 3575 et
940 3510 1008 3592 ipse
1030 3511 1073 3574 Μ.
1095 3512 1186 3576 loen.
1209 3512 1279 3578 Hus

71 3615 220 3680 aeratus
242 3609 499 3677 estinBohemia
522 3610 617 3674 etiam
640 3628 698 3692 pro
720 3609 774 3675 illo
797 3610 973 3688 emendari;
996 3610 1022 3674 si
1044 3617 1150 3676 autem
1165 3611 1277 3692 nescit,

69 3711 171 3782 quod
203 3710 260 3776 det
288 3710 318 3774 ei
339 3710 464 3774 literam
486 3727 574 3773 suam
596 3728 693 3791 super
713 3710 763 3773 his
785 3710 1048 3789 testimonialem,
1071 3717 1104 3776 et
1125 3711 1194 3793 ipse
1209 3712 1279 3776 vult

67 3805 291 3877 nihilominus
323 3809 541 3874 Constantiam
572 3827 709 3890 pergere
741 3807 782 3874 ad
813 3808 907 3874 fidem
928 3827 1017 3875 suam
1039 3810 1156 3875 ibidem
1171 3818 1279 3876 osteu-

67 3898 235 3978 <lendum
258 3909 318 3987 Qui
339 3910 466 3990 quidem
486 3909 524 3974 D.
547 3909 813 3990 Archiepiscopus
836 3909 962 3990 publice
984 3909 1145 3974 confessus
1168 3918 1279 3993 estse

67 4011 212 4076 nescire
234 4011 372 4092 aliquem
392 4028 535 4075 errorem
558 4027 615 4073 seu
629 4008 787 4074 haeresim
808 4026 905 4090 super
927 4009 1011 4075 dicto
1026 4009 1069 4073 Μ.
1090 4010 1182 4074 Joan.
1197 4010 1278 4091 llus,

68 4112 143 4175 sed
164 4111 277 4191 solum,
310 4111 384 4192 quia
405 4129 488 4192 papa
508 4111 613 4191 ipsum
634 4109 892 4190 excommunicat,
915 4108 999 4191 quod
1019 4110 1059 4174 ab
1081 4109 1136 4173 illa
1150 4126 1275 4174 excom·

67 4211 299 4276 ¹Ilunicatione
332 4227 367 4275 sc
396 4209 499 4276 dictus
531 4210 574 4274 M.
605 4210 696 4274 Joan.
729 4207 800 4273 Hus
833 4209 978 4289 exbriget
1010 4208 1093 4274 sicut
1113 4215 1221 4291 potest
1243 4214 1277 4274 et

72 4314 254 4394 i{sparget
277 4311 359 4375 sicut
380 4310 459 4375 haec
481 4328 538 4375 sua
559 4309 716 4375 confessio
738 4313 771 4374 et
793 4309 888 4374 etiam
911 4309 1108 4373 dominorum
1121 4308 1277 4372 baronum

72 4411 253 4492 requisitio
275 4409 308 4474 in
329 4410 424 4475 litera
445 4410 649 4475 testimoniali
671 4410 733 4490 ipsi
755 4408 797 4472 M.
819 4409 910 4473 Joan.
939 4408 1006 4472 Hus
1028 4407 1103 4473 data
1118 4413 1150 4472 et
1165 4407 1278 4487 sigillis

78 4511 241 4575 hohihum
255 4510 452 4575 dominorum
472 4509 649 4575 Ozcnkonis
672 4510 711 4574 de
734 4508 964 4588 Wartemberk,
987 4509 1064 4573 alias
1086 4507 1125 4572 de
1141 4506 1277 4588 Wesele,

82 4611 229 4691 supremi
259 4610 418 4691 burgravii
445 4611 542 4676 castri
562 4610 748 4690 Pragensis,
781 4609 957 4674 Boczkonis
980 4607 1019 4673 de
1040 4607 1219 4682 Podiebrad
1242 4613 1277 4672 et
1306 4610 1309 4617 '
