2992 5258
396 421 542 464 emessa
558 405 631 476 apud
649 405 750 461 nausa
765 402 894 461 Minores.
929 401 970 460 ii.
987 403 1028 459 st.
1047 401 1091 458 ⁷5.
1280 404 1338 468 121

712 603 773 678 ts

434 795 642 902 „Pater“
673 795 732 881 M.
760 794 921 881 Joanni
946 790 1053 876 Hus.

151 1010 298 1073 tomum,
324 1030 409 1081 quom
442 1018 560 1081 „pater“
587 1013 723 1077 suadens,
751 1020 782 1064 ut
807 1010 927 1064 orditi-io
953 1008 1064 1062 eorwiiii
1094 1024 1122 1058 se
1146 1005 1289 1074 subjiciat,
1316 1007 1341 1057 ei

670 1096 814 1164 proponit.

695 1262 726 1329 (s.
746 1261 786 1330 d.)

346 1429 511 1497 „consilium
527 1431 623 1499 petris,
641 1445 701 1485 cum
719 1435 813 1486 tenore
836 1428 1052 1498 protestationis,
1074 1428 1126 1483 sub
1141 1443 1195 1496 quo
1212 1424 1342 1494 magister

396 1514 497 1570 debeat
513 1530 543 1569 so
556 1516 713 1571 submittere
725 1514 839 1570 concilio
859 1513 894 1569 ad
906 1513 1087 1583 abjurandum
1099 1519 1127 1568 et
1138 1508 1342 1568 revocandom“

245 1650 316 1733 Ego
339 1651 413 1717 talis
434 1667 471 1717 sc
495 1652 590 1718 Ultra
611 1651 863 1733 protestationes
889 1667 948 1733 per
968 1667 1020 1715 me
1041 1650 1158 1723 iactas,
1191 1665 1271 1729 quas
1292 1649 1344 1715 hic

151 1752 221 1818 solo
242 1751 365 1818 habero
385 1770 445 1836 pro
471 1751 636 1835 repetitio,
669 1757 834 1834 protestor
862 1750 1026 1831 denoto,
1060 1750 1144 1832 quod
1169 1749 1247 1818 licet
1267 1750 1344 1815 mihi

150 1853 249 1919 multa
270 1855 485 1936 imponantur,
513 1871 594 1936 qnae
615 1870 786 1936 numquam
808 1853 961 1936 cogitavi:
990 1852 1196 1919 nihilominus
1218 1851 1258 1919 de
1279 1869 1345 1917 om-

152 1952 244 2019 nibus
266 1954 345 2019 mihi
365 1955 533 2037 impositis,
557 1972 612 2019 seu
636 1960 749 2021 contra
767 1972 820 2021 me
842 1954 985 2037 objectis,
1011 1971 1069 2019 seu
1091 1952 1132 2019 de
1152 1953 1244 2020 libris
1265 1952 1345 2018 meis

152 2055 314 2137 extractis,
337 2057 405 2122 sive
426 2057 523 2125 ctiam
546 2055 677 2124 testium
699 2055 968 2141 depositionibus,
997 2055 1150 2121 submitto
1171 2072 1224 2119 me
1246 2053 1345 2119 humi-

148 2154 223 2223 liter
243 2155 444 2224 misericordi
474 2157 684 2240 ordinationi,
712 2157 906 2238 diffinitioni,
937 2156 1129 2223 correctioni
1150 2157 1346 2225 sacrosancti

148 2257 271 2324 concilii
291 2251 460 2340 generalis,
475 2259 516 2326 ad
534 2260 752 2344 abjurandum,
767 2258 991 2338 revocandum,
1008 2256 1256 2337 retractandum,
1269 2274 1346 2338 poe·

150 2357 315 2425 nitentium
337 2360 575 2428 misericordem
598 2362 796 2428 subeundum
823 2367 856 2429 et
884 2358 1064 2428 iaciendum
1087 2359 1193 2425 omnia
1220 2365 1253 2424 et
1281 2358 1346 2422 sin·

150 2458 232 2540 gum,
263 2477 345 2542 quae
374 2461 440 2527 dict
425 2465 493 2527 tum
515 2469 752 2529 sacrosanctum
782 2462 950 2528 concilium
981 2479 1040 2546 pro
1067 2459 1171 2526 salute
1196 2476 1269 2524 mea
1290 2456 1346 2522 dn-

151 2559 231 2627 reric
251 2560 504 2629 misericorditer
525 2570 559 2629 et
579 2563 621 2629 ad
641 2563 777 2646 gratiam
799 2581 888 2629 suam
912 2561 1136 2639 ordinandum
1169 2577 1221 2626 me
1243 2557 1345 2625 eidem

152 2657 350 2728 devotissime
372 2664 643 2731 recommendans.

243 2777 352 2832 BMS.
370 2779 497 2834 Mindon.
513 2794 542 2850 p.
561 2777 607 2834 98.
642 2779 727 2834 MSS.
753 2778 849 2834 Visun.
869 2779 955 2842 4524.
973 2779 997 2848 f.
1018 2717 1346 2847 88.-4557.j.161‚

156 2855 233 2922 4902,
247 2860 274 2931 s.
291 2858 335 2916 91.
371 2862 434 2918 MS.
453 2866 538 2934 capit
557 2864 647 2934 Prop
661 2865 687 2936 f.
705 2863 750 2919 80

242 2982 251 3002 ·
247 2964 352 3018 Etis
368 2965 557 3036 Epistpiisa
578 2965 613 3020 d.
639 2965 663 3022 7.
701 2966 773 3036 Opp,
793 2965 866 3028 Huc,
888 2961 1080 3026 Monta.

720 3297 778 3372 75.

505 3488 561 3573 Μ.
595 3488 640 3575 J.
671 3488 766 3574 Hus
802 3489 983 3594 „Paene

163 3697 326 3771 Reaepoodet.
355 3703 455 3771 quitos
472 3704 506 3758 de
524 3706 617 3756 cauom
633 3721 683 3756 neo
704 3704 770 3758 oeiit
792 3723 843 3758 neo
858 3708 947 3775 possit
971 3722 1017 3768 „se
1029 3707 1114 3774 juxto
1138 3712 1258 3758 tenorem
1275 3703 1348 3757 exii·

534 3788 620 3841 bitum
638 3789 755 3843 coneilio
772 3790 961 3844 submiserat

702 3955 740 4022 (S-
759 3954 798 4024 d.)

350 4120 469 4190 „Finalis
495 4121 637 4190 responsio
662 4121 698 4178 ad
725 4086 956 4189 exinortationem‚
982 4123 1055 4194 quod
1081 4123 1139 4180 vnit
1154 4123 1302 4193 persistere
1320 4122 1348 4178 in

418 4210 513 4261 sancto
529 4207 669 4277 proposito
686 4214 879 4279 postmortem
896 4207 1080 4266 confirmando
1099 4205 1264 4262 veritatem.“

249 4340 461 4425 Omnipotens
495 4348 588 4426 pater
614 4344 870 4428 sapientissimus
903 4353 936 4412 et
969 4345 1130 4428 piissimus
1162 4344 1246 4425 patri
1280 4361 1349 4409 meo

162 4448 282 4524 propter
310 4441 472 4509 Christum
498 4443 609 4511 Jeaum
646 4444 792 4513 favoroso
822 4446 971 4528 dignetur
1000 4444 1120 4511 donare
1155 4443 1249 4510 vitam
1282 4443 1349 4525 glo·

161 4540 220 4607 riae
253 4543 490 4626 sempiternam.
548 4545 736 4614 Reverendo
772 4549 879 4630 poteri
921 4544 1012 4613 valde
1054 4551 1164 4627 gnotus
1200 4563 1270 4611 sum
1309 4543 1349 4610 de

161 4652 259 4713 rama
290 4647 344 4728 pia
375 4651 409 4712 et
441 4649 577 4728 paterna
609 4646 720 4731 gratia
764 4648 835 4717 Nou
867 4648 970 4719 audeo
1002 4646 1174 4732 meinata
1206 4652 1379 4728 tenorem
