2992 5258
148 393 210 460 664
397 391 600 445 controversiae
618 389 652 443 de
669 390 799 457 religione
817 392 842 444 in
862 391 1004 445 Bohemie:
1024 392 1097 447 llll.

32 644 37 658 .
149 594 386 662 eoumoversiae
408 611 483 659 snae
505 591 598 659 tinem
620 594 782 675 inponere,
806 593 954 660 concordi
976 599 1106 667 voto,et
1126 594 1233 662 animo
1248 596 1334 662 ambo

149 697 271 780 pariter
297 700 412 776 sponte
444 700 476 759 et
507 693 608 759 libere
641 710 746 759 coram
779 695 961 776 praesentia
992 701 1104 761 nostra
1123 713 1161 761 se
1195 703 1336 762 statuero

100 838 103 847 ·
151 796 363 882 personaliter
389 813 525 878 suasque
561 795 737 861 seumntias
774 795 806 861 iu
828 794 990 862 audientia
1016 797 1160 878 ipsorum
1180 796 1334 863 alterutro

150 914 330 982 proponere
358 896 587 978 promiserunt,
620 895 708 960 velut
739 913 835 978 super
874 896 934 962 hoc
963 895 1115 963 nobilium
1142 896 1338 963 dominorum

154 1001 309 1065 baronum
330 999 368 1065 de
390 998 608 1064 marchionatu
618 997 780 1063 Muraviae
803 998 1019 1063 testimonium
1040 1005 1231 1065 reverenter
1252 1016 1339 1064 exce-

153 1101 255 1185 pimus
278 1100 318 1166 ad
341 1100 550 1166 nosmissnm.
566 1098 631 1163 Nos
655 1116 740 1180 ergo,
755 1104 852 1182 prout
866 1117 905 1164 en
927 1099 1035 1165 debito
1057 1099 1254 1181 magistralis
1275 1097 1341 1164 odi«

153 1203 192 1269 cii
215 1202 400 1282 obligamur,
422 1200 543 1266 nodosa
553 1188 719 1265 dubiorum
735 1217 879 1281 quaeque
894 1199 1069 1266 dissolvere
1091 1207 1125 1266 et
1139 1200 1339 1270 liubusuam

152 1300 387 1385 quomodolibet
409 1300 605 1384 praepedire,
628 1299 792 1381 cupientes
814 1300 958 1382 partibus
980 1299 1152 1366 honorifice
1171 1300 1338 1384 providero

154 1409 187 1469 et
207 1403 241 1473 ia
262 1401 342 1466 recti
364 1408 484 1467 statera
501 1400 611 1483 judicii
634 1400 794 1482 pensando
810 1401 973 1483 pensanda
987 1402 1061 1468 lites
1076 1402 1245 1483 resarcire,
1260 1403 1339 1468 iuter

154 1509 262 1586 partes
285 1521 409 1583 qnoque
431 1501 605 1583 neutraliter
627 1500 763 1565 medium
785 1502 936 1576 retinere,
959 1504 1115 1569 communi
1138 1508 1212 1570 voto
1235 1503 1340 1569 decra-

154 1606 254 1681 vimus
275 1605 383 1670 ambos
405 1603 574 1682 magistros
596 1602 629 1665 in
651 1601 777 1684 publica
797 1608 907 1668 nostra
927 1604 1109 1686 praeseutia
1130 1623 1168 1670 ac
1188 1601 1339 1670 communi

154 1705 316 1771 audientia
337 1705 424 1770 velut
447 1721 612 1770 catrsarnm
638 1721 765 1769 suarum
788 1703 972 1771 defensores
1000 1703 1118 1771 debere
1148 1720 1338 1787 comparere.

155 1807 292 1890 Insuper
306 1812 341 1871 nt
363 1823 416 1870 res
438 1805 540 1870 nostri
562 1804 718 1886 propositi
751 1806 868 1871 exitum
890 1812 1032 1873 sumeret
1063 1805 1253 1885 effectivum,
1278 1805 1339 1887 plu·

157 1908 223 1974 cuit
233 1907 334 1987 nobis,
348 1907 391 1972 M.
404 1905 531 1972 Simone
550 1906 673 1988 pridem
686 1914 898 1990 comparente,
910 1908 952 1972 M.
968 1907 1098 1974 Paulum
1111 1906 1208 1973 etiam
1218 1904 1341 1972 honori·

157 2006 214 2072 fiee
229 2007 269 2073 ad
284 2007 344 2072 hoc
357 2007 459 2089 ipsum
476 2015 617 2073 evocare.
641 2006 709 2084 Quo
721 2012 826 2073 mmen
838 2006 1055 2075 dissimulante
1070 2027 1107 2074 nc
1121 2005 1213 2091 qnasi
1234 2003 1340 2089 paulu·

155 2108 221 2172 lum
242 2109 409 2189 renitente,
425 2126 466 2173 ne
487 2124 539 2173 res
560 2106 712 2172 intercisa
722 2113 873 2190 maneret,
889 2108 1008 2192 placuit
1027 2108 1115 2174 illum
1129 2107 1265 2190 amplius
1279 2112 1341 2172 ter·

158 2226 231 2273 rore
253 2208 487 2274 ecclesiasticae
502 2225 655 2274 censurae
676 2225 819 2289 evocare,
835 2215 996 2292 postremo
1012 2216 1117 2276 tamen
1131 2207 1341 2275 arrestatiouc

161 2315 193 2375 et
207 2308 314 2373 debito
338 2308 545 2388 obedientiae,
574 2327 666 2390 qnam
687 2308 779 2373 nobis
798 2309 918 2390 juravit
939 2311 1070 2394 pluries
1098 2310 1140 2378 ad
1161 2327 1341 2393 comparau-

159 2410 232 2476 dnm
244 2410 434 2491 compellere
449 2417 482 2475 et
496 2409 657 2491 asstringi.
668 2409 730 2475 Sed
741 2428 800 2475 nec
814 2411 861 2476 sic
871 2411 990 2493 proluit
1001 2430 1096 2493 agere
1107 2412 1228 2478 monita
1237 2415 1344 2476 nostra

161 2517 193 2576 et
219 2529 369 2576 censuras
396 2510 566 2577 temerarie
596 2516 630 2576 et
658 2512 886 2576 contumaciter
913 2513 1113 2594 aspernanti3
1136 2513 1212 2595 quin
1241 2511 1343 2594 potius

160 2612 243 2678 idem
265 2613 307 2676 M.
329 2614 455 2691 Paulus,
484 2612 647 2677 immemor
670 2613 920 2694 juramentorum
949 2631 1086 2694 snorum,
1119 2613 1235 2698 quibus
1256 2612 1344 2678 nobis

160 2712 358 2792 astringitur,
387 2713 676 2796 promissornmqne
709 2731 836 2779 snorum
865 2732 970 2779 coram
999 2713 1171 2780 baronibus
1200 2718 1232 2780 et
1255 2713 1344 2794 vulgo

162 2815 356 2892 emissorum,
378 2814 409 2878 in
425 2814 599 2896 peniculum
620 2815 743 2879 animae
765 2832 841 2880 suae
864 2820 897 2880 et
917 2815 1060 2881 mendam
1082 2815 1213 2881 honoris
1235 2833 1344 2898 perpe·

161 2923 246 2983 tuam
268 2915 407 2998 turpiter
426 2916 581 2981 abscessit
596 2916 759 2996 occultius
782 2917 923 2997 quamvis
944 2925 1056 2982 oontm
1075 2933 1150 2982 snas
1165 2917 1346 2983 occasiones

162 3018 202 3083 de
230 3018 427 3082 immunitate
450 3017 533 3081 vitae
562 3034 638 3081 snae
666 3016 762 3083 luerit
793 3016 990 3083 sufficienter
1014 3035 1073 3100 per
1100 3017 1244 3086 diversas
1271 3017 1348 3085 salui

162 3118 335 3200 conductus
357 3118 476 3197 literas,
499 3123 593 3198 atque
616 3117 725 3182 literas
747 3123 872 3182 nostras
895 3125 1019 3183 etcum
1041 3119 1101 3185 hoc
1122 3120 1262 3186 civitatis
1272 3121 1344 3185 Pra-

144 3205 280 3302 gensis,
302 3219 464 3301 tripartite
487 3223 660 3283 securatus.
684 3216 775 3282 Unde
796 3217 984 3300 factumest,
1008 3226 1044 3285 ut
1066 3219 1235 3302 credimus,
1253 3219 1350 3304 utqui

164 3322 196 3386 in
217 3319 418 3403 provocando
434 3325 467 3384 et
481 3318 665 3384 lacessendo
680 3323 749 3384 erat
764 3318 893 3399 virilius,
917 3320 1004 3386 velut
1018 3319 1227 3402 pusillanimis
1243 3321 1350 3402 refuga

166 3423 290 3504 turpior
318 3426 489 3503 appareret
515 3420 547 3484 in
571 3419 723 3485 discessu.
749 3419 808 3497 Qui
831 3420 950 3486 utinam
979 3438 1036 3486 sna
1061 3419 1245 3488 dementata
1272 3421 1352 3488 labie

165 3523 358 3590 cohibuisset
384 3528 417 3586 et
445 3540 480 3587 se
502 3522 597 3587 talem
626 3522 775 3602 exterius,
806 3522 907 3603 qualis
936 3521 996 3587 fnit
1016 3521 1161 3601 interius,
1191 3523 1351 3602 moumset,

164 3630 373 3706 optassemus.
399 3622 476 3688 Ideo
498 3642 538 3688 ue
561 3623 704 3704 cuiquam
727 3623 865 3704 desuper
887 3641 984 3705 prava
1005 3628 1153 3705 surrepat
1182 3623 1300 3706 opinio,
1320 3630 1350 3688 et

166 3743 206 3789 ne
228 3724 267 3788 de
289 3724 420 3789 alterins
443 3741 560 3803 eornm,
583 3731 660 3806 puta
681 3725 871 3789 venerabilis
893 3724 953 3789 viri
974 3724 1016 3788 M.
1031 3723 1168 3790 Simonis
1184 3726 1341 3808 promtitu·

166 3826 240 3891 dinc
262 3830 295 3893 et
316 3824 505 3905 obedientia,
529 3844 622 3907 qnam
644 3843 721 3906 erga
741 3843 800 3890 nos
822 3824 940 3906 habuit,
963 3824 1090 3891 omnino
1119 3833 1291 3907 mamus,
1312 3825 1349 3892 ab

167 3926 251 3991 omni
273 3924 462 3991 adulationis
489 3925 560 3991 inco
583 3926 670 3990 exuti
690 3925 730 3990 de
758 3926 813 3991 illo
843 3924 1037 4008 profitemur,
1065 3925 1149 4008 qnod
1177 3926 1249 4009 ipse
1274 3925 1350 3994 satis

166 4045 266 4107 agens
288 4025 396 4091 debito
418 4044 495 4092 snae
516 4026 701 4104 honestatis,
725 4045 744 4091 a
764 4026 865 4108 primo
888 4026 928 4092 ad
950 4027 1093 4114 ultimum
1114 4026 1208 4092 nobis
1230 4028 1350 4095 obtem·

168 4144 293 4209 perans,
315 4127 460 4194 substitit
482 4128 513 4192 iu
534 4132 706 4210 prospectu
727 4131 761 4193 et
782 4126 943 4192 audientia
964 4135 1147 4194 cunctorum
1170 4128 1232 4194 sibi
1247 4114 1351 4210 objici·

76 4239 78 4243 ’
170 4227 288 4294 entium
311 4234 344 4293 et
366 4228 504 4310 objicere
527 4229 709 4308 volentium,
731 4234 871 4293 armatus
893 4234 1074 4294 sanctornm
1096 4227 1265 4294 doctorum
1283 4228 1352 4295 soli·

169 4328 305 4393 dissimis
319 4328 427 4394 multis
442 4303 639 4408 testimoniis]
663 4328 750 4394 velut
770 4326 948 4394 firmissimo
971 4335 1005 4394 et
1025 4326 1111 4395 fideli
1132 4327 1173 4394 ab
1195 4329 1353 4395 omuibus·

170 4447 231 4508 qne
253 4429 429 4511 approbato
452 4436 654 4509 armamento,
678 4447 736 4511 pro
759 4447 821 4509 qno
845 4428 1019 4510 condignae
1041 4429 1262 4496 retributionis
1289 4447 1351 4494 me·

169 4529 265 4593 ritum
287 4534 480 4610 nostraeque
508 4530 762 4610 congregationis
784 4530 881 4594 altum
912 4530 1124 4612 praeconium,
1151 4529 1238 4613 apud
1264 4528 1353 4595 deum

172 4633 203 4694 et
227 4646 335 4696 omnes
358 4630 509 4710 homines,
534 4631 620 4700 velut
634 4629 725 4696 fortis
747 4629 867 4700 athleta
887 4630 1094 4718 veritatisque
1110 4631 1232 4701 solidus
1252 4630 1355 4700 deicu-
