2992 5258
153 409 216 473 268
362 405 435 461 Petri
453 405 486 459 de
505 404 681 460 Mladcnouio
698 403 794 459 ralatio
812 405 845 460 de
863 406 903 462 M.
919 404 945 460 J.
962 404 1022 462 Hus
1039 422 1134 462 causa:

151 625 205 682 per
226 610 356 680 cundem,
378 614 411 667 ut
432 609 637 683 praemittitur,
660 610 833 680 observatis,
856 610 931 669 bene
948 611 1048 684 colligi
1071 618 1180 684 potest,
1202 613 1346 673 deinteu·

150 712 232 769 tione
255 726 309 768 sua
329 708 420 768 fuisse
443 715 473 768 et
494 726 577 780 esse,
601 711 677 782 quod
700 726 759 768 non
781 711 917 781 voluerit,
941 729 995 771 uec
1016 714 1086 772 velit
1107 713 1136 771 in
1160 713 1243 772 libris
1270 716 1346 785 suis,

150 811 337 879 tractatibus,
367 809 506 868 doctrinis
530 815 560 868 ct
581 810 708 881 publicis
729 811 1012 882 praedicationibus,
1042 814 1150 887 aliquid
1174 814 1343 886 scripsisse,

152 911 260 970 dixisse
273 910 319 967 vel
341 909 456 981 aliquos
478 909 614 982 posuisse
636 910 785 985 articulos,
808 928 880 984 quos
904 913 1030 970 scienter
1044 913 1176 972 novisset
1192 929 1345 983 erroneos,

152 1010 351 1078 scandalosos,
379 1008 549 1079 seditiosos,
577 1011 641 1080 pias
665 1026 751 1068 aures
773 1009 955 1071 offendentes
977 1018 1028 1070 aut
1048 1013 1228 1084 haereticos,
1260 1014 1342 1087 (cum

150 1116 248 1168 tamon
271 1109 327 1168 sibi
348 1108 485 1181 taliaper
507 1108 601 1168 dictos
613 1109 760 1178 aemulos,
788 1109 858 1170 licet
879 1111 1013 1182 nulliter,
1040 1110 1266 1194 impingentem)
1291 1113 1345 1173 sed

150 1210 188 1268 de
209 1209 365 1282 principali
386 1208 548 1267 intentione
571 1224 625 1266 sua
646 1207 736 1267 fuerit
756 1215 788 1268 et
808 1211 854 1279 sit,
877 1211 1026 1283 quaelibet
1047 1218 1156 1284 puncta
1185 1228 1239 1271 scu
1264 1195 1345 1271 ¹con·

151 1310 297 1371 clusiones
310 1315 340 1368 et
350 1309 488 1368 articulos
510 1308 539 1366 in
562 1308 718 1367 suislibris
740 1325 774 1367 ac
796 1309 938 1369 doctrinis
952 1319 1087 1382 repertos
1109 1313 1146 1372 ad
1168 1310 1347 1372 huncfinem

151 1411 295 1483 posuisse,
317 1409 395 1483 quod
414 1411 498 1482 juxta
519 1406 1033 1481 fulcimentaevangelicaeveritatis
1056 1421 1084 1469 et
1106 1427 1255 1471 sacrorum
1272 1411 1344 1472 doe-

150 1518 245 1570 torum
267 1525 470 1582 sacrarumque
492 1509 702 1581 scripturarum
730 1509 911 1582 glossatores
940 1511 968 1568 in
992 1518 1023 1569 ct
1043 1512 1081 1570 ad
1103 1508 1190 1570 finem
1217 1513 1249 1571 in
1273 1528 1346 1584 pro·

150 1608 307 1669 testatione
330 1626 383 1667 sua
404 1609 565 1681 praemissa
587 1588 802 1680 expressimus,
826 1610 959 1682 quodque
981 1611 1011 1668 in
1034 1626 1175 1681 processu
1196 1614 1342 1685 temporis

150 1715 253 1782 posset
273 1726 363 1782 super
384 1710 555 1782 praemissis
577 1725 632 1781 per
657 1707 883 1768 sufficientiores
911 1728 943 1768 sc
965 1709 1088 1770 lucidius
1115 1710 1282 1783 informari,
1314 1719 1345 1772 ct

151 1810 176 1869 si
198 1811 228 1868 in
249 1811 395 1883 aliquibus
422 1809 530 1868 talibus
563 1810 743 1880 reperiretur
771 1807 960 1869 defectuosus
988 1811 1035 1869 vel
1064 1811 1261 1883 insufficiens,
1294 1829 1348 1871 sen

151 1912 177 1969 si
200 1911 236 1968 ab
258 1911 323 1969 aliis
345 1928 404 1968 non
426 1910 500 1968 bene
523 1910 718 1982 intelligatur,
740 1925 793 1981 per
815 1910 980 1982 huiusmodi
1000 1904 1223 1970 informationes
1243 1889 1344 1985 diripi,

150 2011 274 2084 corrigi,
295 2010 422 2082 intelligi
443 2016 473 2068 et
494 2010 665 2079 illuminari,
693 2004 925 2083 et'nequaquam
948 2011 1075 2084 aliquem
1096 2012 1251 2071 articulum
1273 2029 1348 2071 con·

151 2115 198 2168 tre
226 2117 441 2169 sacrosanctam
475 2111 633 2168 Romanam
666 2110 820 2168 ecclesiam
855 2117 885 2168 et
917 2111 1088 2170 catholicam
1120 2110 1208 2171 fidem
1240 2112 1347 2185 quovis

151 2211 238 2270 modo
260 2211 449 2283 pertinaciter
471 2209 631 2269 descudero
654 2216 685 2269 ct
706 2210 880 2270 sustinero.“

252 2311 376 2385 „Quare
397 2311 635 2370 reverendissimi
657 2315 772 2382 patres!
796 2329 860 2369 cum
881 2311 1053 2383 praemissis
1076 2327 1135 2369 non
1157 2310 1346 2369 obstantibus

151 2413 222 2473 dicti
252 2412 359 2471 aemuli
390 2411 563 2485 urgentibus
600 2411 676 2470 odiis
710 2411 866 2469 nonnullos
903 2412 1043 2470 articulos
1076 2410 1113 2470 de
1149 2411 1234 2470 libris
1272 2410 1345 2469 dicti

151 2514 192 2572 M.
214 2512 336 2573 Joanais
359 2518 389 2570 ot
410 2511 550 2570 doctrinis
573 2511 727 2569 muricatim
756 2517 786 2569 et
808 2513 990 2584 syncopatim
1012 2511 1167 2573 extrahant
1187 2520 1219 2570 et
1240 2518 1344 2569 extra--

153 2618 270 2684 xerunt,
302 2612 431 2671 rationes
458 2617 488 2669 et
516 2610 708 2684 allegationes
736 2627 837 2669 eorum
866 2612 1002 2684 rejiciant
1027 2611 1074 2670 vel
1099 2628 1158 2670 non
1187 2612 1342 2682 aspiciant,

150 2714 411 2786 distinctionesque
433 2713 701 2785 aequivocationum
723 2712 954 2780 nouadvertant,
977 2710 1121 2784 fictosque
1147 2711 1290 2771 articulos
1313 2718 1344 2770 et

150 2816 307 2875 mendosos
329 2820 432 2871 contra
452 2812 575 2871 eundem
598 2817 785 2883 componant,
814 2812 844 2869 in
874 2818 904 2870 ot
931 2813 969 2871 ad
989 2811 1089 2882 finem,
1116 2811 1195 2885 quod
1225 2810 1344 2871 seclusa

151 2918 274 2977 caritate
297 2920 326 2973 et
347 2913 454 2985 adepto
476 2912 629 2985 proposito
651 2912 768 2991 inipso
791 2912 888 2969 odium
910 2912 1007 2969 valeat
1027 2911 1198 2983 praevalere
1221 2917 1253 2969 et
1275 2926 1353 2970 eun·

151 3017 276 3076 dom-de
298 3016 358 3075 vita
379 3021 409 3074 et
437 3020 515 3073 statu
542 3029 595 3072 suo
626 3014 735 3086 ejicere
765 3019 870 3072 contra
895 3012 1005 3069 salvum
1034 3011 1224 3081 conductum,
1247 3011 1343 3069 eidem

151 3118 193 3178 M.
216 3119 301 3177 Joan.
322 3116 385 3174 Has
406 3131 461 3187 per
489 3121 595 3173 ser¹mun
635 3113 798 3184 principem
826 3118 857 3170 ct
886 3113 1033 3171 domiuum
1061 3111 1098 3169 D.
1126 3110 1342 3184 Sigismundnm

154 3217 350 3276 Romanorum
373 3221 403 3273 et
423 3214 591 3286 Hungariae
617 3230 715 3287 regem
734 3216 815 3286 justa
845 3219 874 3270 ct
897 3218 997 3271 sancta
1022 3213 1186 3271 intentione
1208 3217 1345 3284 patenter

152 3317 346 3390 assignatum,
368 3331 422 3389 pro
445 3315 634 3372 excusatione
651 3330 704 3371 sua
722 3315 803 3386 justa
824 3319 926 3371 contra
949 3329 1049 3370 onrncs
1071 3311 1251 3370 aemulorum
1273 3325 1340 3369 suo·

150 3436 213 3476 rum
236 3416 440 3475 infestationes
463 3420 493 3472 ct
514 3413 634 3471 frivolas
656 3414 872 3482 accusationes,
900 3419 930 3470 et
950 3428 1009 3469 non
1032 3412 1125 3471 solum
1147 3426 1216 3470 suas
1239 3409 1294 3469 scd
1315 3415 1344 3469 et

151 3518 296 3590 praeclari
330 3515 414 3588 regni
445 3515 615 3583 Bohcmiao,
652 3520 683 3573 et
709 3530 763 3585 pro
797 3520 962 3584 opportuna
994 3513 1147 3571 sedatione
1176 3509 1343 3585 huiusmodi

153 3616 377 3675 aemulationum
398 3616 428 3674 in
451 3616 529 3674 dicto
551 3631 642 3687 regno
665 3621 695 3673 et
716 3615 786 3672 alibi
808 3614 1040 3687 exsurgentium,
1069 3630 1191 3686 quarum
1211 3611 1339 3671 acmula-

150 3719 259 3776 donum
286 3716 515 3787 periculosarum
540 3716 733 3774 sublationem
760 3715 790 3772 iu
821 3716 898 3773 dicto
935 3730 1025 3786 reguo
1053 3714 1211 3771 Bobemiao
1247 3712 1340 3772 dictus

149 3817 186 3876 D.
209 3818 272 3875 Rex
294 3816 490 3874 Romanorum
513 3832 695 3887 summopere
732 3815 883 3874 desiderat
904 3821 933 3873 et
962 3812 1087 3883 affectat,
1111 3819 1144 3872 ut
1163 3812 1237 3872 dicti
1258 3810 1341 3885 regni

150 3919 236 3977 heres
259 3925 289 3976 et
310 3917 443 3975 domiuus
465 3919 681 3976 successurus.“

252 4018 356 4096 „Unde
379 4019 546 4089 supplicant
567 4018 638 4075 dicti
659 4017 797 4085 barones,
826 4031 980 4086 proceres,
1010 4014 1116 4072 milites
1138 4020 1170 4071 et
1191 4013 1340 4081 militares,

154 4118 232 4193 quod
255 4119 375 4177 attentis
398 4118 577 4190 praemissis,
599 4122 629 4175 et
650 4117 839 4176 considerata
859 4114 985 4185 iufamia,
1008 4130 1082 4188 cquae
1097 4115 1175 4172 dicto
1198 4128 1290 4187 regno
1310 4118 1340 4169 et

151 4220 255 4279 incolis
278 4236 314 4277 cx
337 4219 495 4290 praedictis
517 4223 642 4289 possunt
663 4216 825 4288 provenire,
847 4214 942 4273 velitis
964 4216 1153 4285 interponere
1176 4213 1338 4272 Paternita-

150 4326 195 4377 tcs
217 4320 339 4377 Vestras
366 4325 396 4377 et
427 4319 497 4376 duro
531 4318 661 4376 ordinem
692 4324 722 4375 et
742 4317 870 4385 modum,
904 4317 981 4388 quod
1017 4316 1110 4373 dictus
1139 4313 1181 4371 M.
1208 4313 1337 4373 ioannes

149 4435 204 4491 per
224 4419 402 4477 illuminatos
425 4419 504 4476 viros
526 4423 557 4476 ct
577 4419 738 4489 scripturae
761 4433 862 4475 sacrae
874 4416 1029 4488 magistros
1052 4418 1225 4484 praesentas
1246 4413 1336 4485 depu-

151 4525 228 4578 tatos
249 4520 295 4577 vel
317 4518 390 4577 alios
413 4518 597 4590 deputandos
630 4518 766 4576 distincte
799 4516 932 4574 audiatur
963 4531 1052 4586 supor
1072 4514 1205 4573 omnibus
1229 4518 1259 4572 et
1279 4513 1336 4571 siu·

151 4618 226 4691 gulis
249 4618 378 4679 articulis
401 4620 495 4677 eidam
519 4618 664 4690 impositis
679 4617 726 4676 nel
748 4617 941 4689 imponendis,
964 4617 1001 4674 ad
1018 4614 1225 4675 declarandum
1246 4614 1336 4672 inten-
