2992 5258
379 420 548 489 Responsum
565 420 602 475 ld.
619 421 645 475 J.
663 421 722 477 llus
739 421 774 476 ad
790 419 918 476 articulos
935 419 1024 476 Pelet.
1042 423 1116 477 ltili.
1285 428 1347 489 223

157 640 319 698 paramum,
341 624 505 698 quodvolo
522 624 681 698 emendari,
703 632 734 686 ct
755 626 808 685 sub
826 625 884 684 ista
898 626 1119 698 protestatione,
1141 626 1218 699 quod
1234 634 1345 698 partem

159 726 288 786 Ladislai
316 731 347 784 et
373 726 489 783 saoruin
520 726 691 796 complicum
713 742 772 784 non
793 732 880 784 tenco
902 741 957 783 nec
980 725 1126 797 approbo,
1153 742 1208 783 nec
1233 734 1346 797 partem

159 824 295 898 Gregorii
316 831 345 883 et
366 824 424 882 sibi
444 822 649 893 obedientium,
672 825 725 883 sed
748 825 825 897 quod
846 824 967 883 intendo
982 825 1122 883 honorem
1146 825 1201 892 dei,
1224 826 1347 884 salutem

153 925 257 997 populi
278 932 309 983 et
328 924 507 983 commodum
522 926 606 996 regni
621 923 788 986 Bohemiae.
811 922 898 982 Unde
920 923 988 996 quia
1008 924 1100 981 risum
1122 930 1169 982 est
1189 922 1257 981 mihi
1281 941 1345 982 cru·

152 1026 260 1083 cistam
286 1024 377 1083 fuisso
400 1030 500 1083 eontra
527 1023 658 1082 caritatis
680 1023 819 1092 ordinem,
849 1039 924 1096 quae
946 1038 1047 1081 omnes
1068 1038 1211 1094 personas
1233 1030 1264 1082 et
1284 1023 1345 1081 sin·

150 1123 238 1197 gulas
261 1126 412 1197 utriusque
436 1140 533 1193 sexus,
561 1125 765 1195 cujuscumque
788 1122 905 1196 gradus,
927 1129 1020 1181 status
1041 1129 1092 1181 aut
1112 1123 1262 1195 dignitatis
1285 1123 1345 1181 exi·

156 1230 277 1292 sterent,
307 1224 444 1282 monebat
463 1229 493 1281 et
514 1223 686 1280 hortabatur
708 1222 861 1295 accingere
885 1238 915 1280 se
938 1221 968 1279 in
990 1222 1129 1291 ladislai,
1158 1221 1294 1295 Gregorii
1317 1230 1346 1283 et

155 1340 273 1383 suonam
306 1323 477 1394 complicum
510 1322 724 1390 exterminium,
757 1337 877 1394 quorum
899 1320 997 1389 multi,
1030 1327 1061 1380 ut
1082 1329 1198 1393 reputo,
1230 1321 1347 1382 luerunt

153 1423 226 1482 boni
248 1424 407 1492 christiani,
432 1440 490 1482 uon
512 1422 654 1481 audentes
677 1437 747 1492 prae
770 1422 883 1491 timore,
905 1423 953 1494 qui
975 1428 1074 1493 potest
1095 1423 1200 1482 cadere
1224 1424 1253 1480 iu
1276 1439 1345 1482 con·

151 1530 280 1582 amntem
302 1525 403 1589 virum,
432 1522 629 1581 obedientiam
657 1522 765 1580 domini
794 1538 888 1593 papac
919 1523 1041 1581 loannis
1071 1523 1173 1581 XXIII
1203 1521 1345 1596 profiteri,

154 1640 276 1695 quorum
301 1625 362 1696 jam
392 1623 483 1695 aliqui
515 1639 574 1680 non
611 1621 753 1692 compulsi
781 1621 928 1679 humiliter
949 1619 1133 1683 confitentur.
1182 1622 1345 1682 Videbatur

146 1723 221 1781 mibi
251 1722 378 1781 secundo
401 1723 492 1795 ipsius
517 1721 662 1782 cruciatae
686 1721 819 1779 executio
841 1737 896 1792 per
917 1721 1042 1793 legatum
1065 1728 1095 1779 et
1116 1722 1345 1782 commissarium

148 1823 320 1896 magistrum
340 1822 546 1881 Wenccslaum
561 1824 653 1900 Tiem‚
676 1840 730 1894 pro
746 1829 814 1882 tunc
836 1824 976 1882 decanum
990 1822 1173 1883 Patavieusis
1189 1824 1343 1897 ecclcsiae,

146 1923 271 1981 multum
291 1921 529 1981 disconveniens:
551 1924 645 1994 primo
668 1939 704 1981 ex
719 1924 763 1992 e'o,
786 1923 855 1995 quia
875 1921 1009 1980 formavit
1034 1922 1173 1994 quosdam
1196 1923 1343 1993 articulos,

154 2038 226 2095 quos
251 2022 373 2081 tradidit
400 2023 651 2096 praedicatoribus
680 2023 718 2080 ad
741 2022 960 2094 publicandum,
989 2038 1061 2095 quos
1092 2022 1179 2080 etiam
1206 2022 1344 2082 articulos

148 2123 191 2185 M.
214 2121 380 2193 Stephanus
402 2122 506 2181 Palecz
536 2122 618 2181 dedit
645 2122 715 2180 mihi
737 2123 855 2192 dicens,
889 2122 965 2195 quod
998 2122 1028 2180 ln
1056 2120 1130 2192 ipsis
1159 2123 1345 2183 continentur

153 2238 269 2281 errores
301 2238 387 2279 mauu
420 2222 595 2294 palpabiles.
639 2223 773 2282 Secundo
795 2221 951 2280 videbatur
971 2220 1040 2279 mibi
1061 2222 1193 2281 executio
1217 2224 1344 2282 enormis

153 2323 199 2381 vel
232 2321 456 2381 disconveniens
489 2338 526 2380 cu
558 2339 613 2392 eo,
647 2324 724 2395 quod
758 2321 906 2394 praelatus
940 2321 980 2379 M.
1012 2321 1205 2381 wenceslaus
1238 2338 1345 2382 conve·

155 2422 256 2481 aiebat
284 2422 338 2480 sub
367 2421 455 2480 ccctis
488 2422 619 2493 pecuniis
648 2423 909 2491 archidiaconatus,
946 2422 1103 2480 decanatus
1132 2429 1164 2481 et
1193 2423 1345 2494 ecclesias,

160 2523 236 2581 sicut
267 2521 345 2579 solet
367 2523 523 2580 convenire
553 2528 637 2594 paler
659 2522 784 2580 familias
807 2523 909 2581 domos
930 2521 976 2578 sel
998 2521 1136 2580 tabernas
1168 2521 1344 2581 tabernariis

151 2621 197 2680 rel
220 2621 377 2693 pincernis.
420 2622 460 2680 Et
492 2622 684 2682 conveniebat
706 2621 906 2681 sacerdotibus
928 2622 1046 2693 ignaris,
1069 2621 1205 2694 dyscolis,
1228 2638 1342 2682 concu-

152 2719 271 2779 binariis
295 2728 326 2779 et
352 2722 514 2791 lusoribus,
547 2722 596 2795 qui
625 2723 715 2781 multa
743 2722 950 2780 commiserunt
976 2720 1114 2779 scandala
1142 2727 1172 2780 et
1202 2722 1341 2794 populum

151 2826 286 2879 taxarunt
307 2822 480 2880 micabiliter
494 2825 523 2879 in
546 2821 788 2893 confessionibus,
812 2828 844 2879 ut
864 2827 1009 2895 pactarum
1029 2821 1238 2893 conquirerent
1251 2837 1340 2893 peca-

156 2919 230 2977 niam
251 2928 281 2979 et
301 2920 411 2981 lucrum
433 2921 629 2980 abundantius
652 2921 827 2980 obtinerent.
871 2922 911 2978 Et
932 2920 1121 2979 obtinuerunt
1140 2921 1223 2978 multi
1237 2922 1342 2979 multas

156 3019 295 3090 pannias,
328 3026 358 3079 et
386 3036 440 3093 par
478 3021 631 3079 simoniam
667 3021 726 3080 sire
762 3020 912 3078 arandam
948 3018 1169 3078 maculaverunt
1204 3021 1342 3091 proprias

161 3117 270 3177 ammas.
935 3124 938 3129 ’

250 3219 325 3280 Ecce
341 3220 400 3279 ista
415 3225 481 3278 sunt
496 3222 603 3278 motiva
624 3227 656 3278 et
676 3220 761 3291 plura
782 3219 848 3289 alia,
878 3234 952 3292 quae
974 3234 1019 3276 mc
1041 3218 1218 3289 impulerunt
1239 3226 1342 3279 contra

167 3313 222 3375 illas
251 3319 487 3379 deordinatioues
521 3320 701 3391 praedicare.
744 3319 839 3379 Judex
876 3335 946 3391 ergo
980 3319 1176 3392 justissimus,
1209 3321 1257 3392 qui
1291 3320 1342 3380 dat

167 3411 343 3491 indulgentias
377 3427 406 3478 et
436 3421 627 3478 remissiones
655 3428 841 3491 peccatorum
864 3419 973 3491 absque
997 3424 1118 3492 argento
1141 3425 1170 3476 et
1198 3422 1340 3492 pecuniis,

167 3525 274 3579 laenam
294 3520 364 3577 mibi
385 3518 506 3593 infligat,
539 3536 633 3578 meam
654 3519 845 3578 intentionem
864 3519 1001 3594 judicans
1022 3517 1052 3576 iu
1073 3516 1150 3578 lacto
1166 3517 1341 3592 huiusmodi,

167 3611 323 3684 sinceram.

252 3723 298 3780 41.
319 3718 395 3777 Item
420 3719 495 3776 dicit
520 3735 572 3776 scu
594 3718 790 3789 praedicarit,
820 3719 899 3793 qaod
918 3719 1015 3776 iturus
1036 3719 1101 3776 crat
1122 3717 1162 3775 cd
1183 3719 1340 3778 concilium

160 3819 282 3876 suade
310 3817 533 3877 Conatantiensc
560 3820 587 3875 ct
616 3818 752 3890 ignorare
772 3821 905 3890 poterat,
939 3817 1011 3891 quid
1031 3818 1088 3875 sibi
1109 3818 1292 3891 contingeret,
1314 3823 1341 3878 ct

160 3906 185 3961 θ’
212 3930 242 3971 aa
267 3920 366 3993 aliquae
396 3920 499 3976 eventa
525 3922 674 3976 reuocaret
706 3921 759 3975 arat
787 3921 905 3991 acgcrct
929 3918 1101 3991 doctrinam,
1129 3934 1204 3990 quac
1234 3920 1277 3976 cis
1306 3920 1340 3978 ia

158 4016 418 4078 malleationibus
439 4019 554 4075 dixerat
574 4022 600 4076 et
622 4018 769 4086 docuerat,
792 4019 892 4076 colens
912 4018 1073 4090 intelligere
1091 4016 1127 4073 de
1140 4018 1339 4091 quadruplata

159 4107 274 4186 wiopa
293 4120 429 4177 articulis
454 4118 653 4176 coadcrnrralis
674 4117 798 4191 Proque,
827 4119 862 4176 dc
890 4118 1015 4176 aeclesia
1039 4116 1109 4174 libri
1137 4116 1172 4174 de
1193 4116 1337 4186 Ecclesia,

160 4214 234 4268 pacm
252 4219 417 4291 coospoaas't,
451 4220 478 4275 ct
509 4218 544 4275 de
564 4218 696 4275 scuteriis
717 4219 859 4276 carricatis
879 4218 912 4276 ia
934 4217 1020 4275 dictis
1040 4215 1195 4286 scripturis
1205 4234 1260 4287 per
1274 4235 1339 4275 crana

159 4296 237 4367 sflcil't
266 4321 367 4376 contra
390 4318 548 4389 praesules
572 4318 727 4390 magistros
756 4320 783 4374 ct
808 4318 843 4374 de
874 4317 953 4387 aliis,
975 4316 1010 4374 de
1031 4315 1136 4388 quibas
1156 4332 1249 4386 supra
1265 4332 1338 4387 pro·

161 4396 233 4477 ring
253 4416 327 4488 qaod
346 4418 374 4475 sl
393 4417 448 4476 hoc
466 4420 578 4490 faceret
597 4419 692 4487 verbo,
713 4435 872 4490 numqscom
884 4420 977 4476 mcatc
989 4417 1042 4475 doc
1055 4417 1216 4475 detenderet
1227 4417 1336 4493 sacae,

165 4510 192 4554 ‘⁰
209 4515 276 4583 prod
302 4520 375 4577 esset
401 4535 472 4577 vero
492 4523 520 4577 et
539 4536 618 4578 sana
641 4516 751 4576 Olaristc'
772 4518 917 4585 doctrina,
944 4520 971 4574 et
996 4515 1074 4590 qaod
1094 4532 1205 4588 seraper
1226 4516 1258 4576 ia
1279 4517 1337 4575 illu

164 4608 329 4677 moneat
349 4620 376 4677 et
391 4622 622 4690 perseverarent.
664 4618 707 4678 Et
727 4619 771 4677 ita
792 4623 834 4680 est
853 4635 960 4679 semona
