2992 5258
148 408 211 476 296
361 404 441 463 Petri'
453 407 487 460 tle
503 406 682 460 lllladeuowic
697 405 794 459 relatio
811 368 901 460 dcth
917 405 943 460 J.
961 404 1021 461 llus
1038 422 1136 461 causa:

153 617 336 684 quamtum
357 612 418 684 agit
437 612 561 681 vitiose;
597 612 665 684 quia
686 612 762 670 sicut
782 612 890 680 vitium,
912 613 990 684 quod
1012 615 1122 671 crimen
1145 613 1261 686 dicitur,
1288 613 1347 672 ie.

150 712 273 770 mortale
305 703 468 785 peecatum,
501 710 594 769 inficit
624 711 832 769 universaliter
847 718 942 770 ectus
964 713 1089 785 subjecti
1111 713 1173 771 sire
1199 713 1349 772 hominis:

150 813 194 870 sic
215 813 307 871 virtus
326 809 454 870 sinificet
475 827 575 869 omues
597 818 678 870 uetus
699 812 823 870 virtuosi
843 812 873 869 iu
900 818 1028 882 tautum,
1061 813 1137 884 quod
1160 814 1293 873 existens
1313 815 1345 872 iu

150 914 245 985 gratia
267 913 373 972 dicitur
394 928 479 969 crare
501 918 531 969 et
561 913 669 969 mereri
692 912 862 971 dorrniendo
892 919 921 970 et
943 912 1162 985 quomodolibet
1184 915 1348 985 operando,

117 1088 123 1100 Ι
152 1021 185 1073 ut
206 1016 306 1075 dicunt
328 1015 422 1074 sancti
446 1014 639 1087 Augustinus,
671 1012 831 1085 Gregorius
853 1018 882 1071 et
905 1012 964 1072 alii.
1009 1013 1050 1070 Et
1071 1020 1153 1085 patet
1174 1013 1275 1072 Lucae
1299 1012 1351 1071 6⁰:

154 1114 186 1174 Si
209 1115 310 1175 oculus
332 1117 439 1174 tunsi.
469 1132 495 1176 e.
528 1115 651 1173 intentio
684 1120 734 1172 tue
756 1112 845 1171 suerit
866 1112 998 1185 simplex,
1022 1129 1079 1170 nou
1095 1113 1258 1185 deprauata
1279 1128 1350 1187 pec-

153 1215 211 1273 cati
240 1215 394 1284 curvitate,
424 1221 515 1275 totum
541 1232 647 1288 corpus
674 1222 753 1272 tuum
779 1216 800 1275 i.
823 1229 848 1275 e.
879 1230 999 1286 operum
1029 1216 1191 1287 congeries,
1220 1214 1351 1273 lucidum

153 1316 223 1384 erit,
256 1315 276 1373 i.
300 1331 325 1374 e.
347 1321 459 1389 gratum
488 1315 562 1387 ‹le03
595 1316 620 1373 si
642 1322 737 1372 autem
766 1331 891 1387 nequam
913 1316 982 1383 erit,
1016 1322 1108 1374 totum
1138 1332 1247 1389 corpus
1269 1324 1351 1377 teum

153 1414 343 1473 tenebrosum
370 1415 434 1473 erit.
469 1415 509 1474 Et
531 1419 564 1473 2⁸
586 1416 651 1474 Ccr.
678 1418 731 1472 10;
755 1414 859 1473 Omnia
885 1416 922 1473 ad
944 1415 1068 1487 gloriam
1096 1417 1145 1475 dei
1167 1418 1268 1477 tacite.
1311 1418 1351 1495 Et

154 1515 248 1586 prima
271 1513 338 1576 Gor.
359 1514 475 1575 ultimo:
498 1516 603 1574 Omnia
623 1523 722 1573 vestra
743 1515 773 1572 in
796 1515 917 1573 caritate
942 1513 1021 1576 fiant.

252 1612 301 1675 Et
321 1601 391 1675 cum
404 1613 514 1684 finitus
528 1620 605 1674 earet
620 1612 782 1687 articulus,
804 1612 889 1674 diret
909 1613 1087 1677 cardinalia
1100 1614 1351 1679 cameracenae:

153 1713 273 1797 Tamen
299 1712 377 1777 dicit
415 1714 590 1795 scriptura,
621 1713 704 1793 quod
732 1730 900 1795 peccamus
934 1732 1061 1793 omues;
1094 1721 1129 1781 et
1156 1716 1292 1788 iterum.
1324 1715 1351 1781 si

153 1811 334 1893 dixerimus,
356 1813 430 1894 quia
450 1822 616 1895 peecatum
637 1831 700 1877 uon
722 1813 884 1894 habemus
906 1819 1031 1881 nosmet
1053 1816 1139 1897 ipsos
1154 1815 1351 1897 decipimus;

154 1919 230 1977 tuuc
257 1921 432 1996 oporteret,
462 1914 548 1995 quod
576 1932 701 1996 semper
723 1915 838 1978 vitiose
860 1932 1036 1994 ageremus.
1079 1916 1262 1995 Respondit
1283 1936 1351 1981 mu·

153 2014 269 2094 pitter:
311 2013 360 2077 Ibi
382 2014 523 2095 loquitur
545 2015 704 2095 scriptura
727 2015 767 2079 de
791 2015 969 2078 venialibus
990 2015 1148 2095 peccatis,
1182 2034 1265 2097 quae
1287 2034 1351 2083 nou

156 2114 321 2195 expellunt
339 2113 481 2178 habiturn
496 2114 623 2178 virtutis
639 2115 677 2178 ab
699 2115 836 2194 homine,
858 2114 914 2178 sed
930 2133 965 2177 se
980 2132 1086 2178 secum
1105 2117 1350 2197 compatiuntur.

157 2212 206 2276 Et
227 2213 275 2276 M.
306 2211 489 2275 Willeelmue
517 2215 615 2278 eltrit:
637 2215 701 2280 Sed
728 2215 782 2279 illa
809 2221 940 2296 peccata
965 2232 1029 2279 nou
1059 2216 1296 2297 compatiuntur
1317 2234 1351 2283 se

157 2332 226 2378 cum
248 2319 321 2377 actu
342 2313 507 2378 moraliter
528 2314 621 2379 bono.
665 2315 713 2377 Et
735 2316 887 2395 munimen
914 2313 1065 2394 allegavit
1084 2316 1299 2395 augustinum
1319 2316 1351 2381 iu

155 2413 290 2493 quodam
304 2412 384 2492 loco,
407 2415 501 2479 credo
518 2432 615 2495 super
637 2414 773 2495 psalmo:
796 2413 829 2479 Si
846 2415 918 2480 rinc
941 2422 973 2479 te
989 2415 1177 2496 ingurgites,
1200 2422 1350 2496 quantas·

154 2514 234 2579 libet
255 2512 365 2579 laudes
386 2513 495 2593 lingua
506 2520 561 2578 tua
576 2521 714 2591 resonet,
738 2514 803 2578 vita
817 2513 1025 2596 blasphemat.
1041 2514 1084 2578 Et
1100 2500 1350 2597 non'perruissua

156 2620 207 2680 est
233 2612 339 2696 loqui,
373 2632 443 2679 curu
471 2613 683 2679 inclamabant
713 2631 784 2678 cum
812 2614 969 2680 diceutes:
996 2614 1039 2679 Et
1061 2614 1137 2696 quid
1159 2622 1210 2679 est
1230 2614 1292 2681 hoo
1312 2614 1351 2683 etl

157 2714 355 2796 propositum
376 2731 414 2780 tc.

255 2921 304 2978 23.
330 2915 503 2995 „Sacerdos
525 2916 655 2988 Curiata
685 2917 787 2978 tricena
816 2916 988 2978 seecundum
1015 2914 1110 2996 lupera
1132 2916 1208 2993 ejus,
1238 2907 1351 2979 luteus

155 3016 332 3096 scripturae
359 3017 507 3078 aetitiam
535 3024 564 3077 et
591 3017 736 3098 affectum
764 3017 809 3078 acl
837 3015 1049 3098 edificandum
1071 3014 1237 3095 populum,
1270 3010 1351 3079 debet

152 3116 351 3197 praedicere,
380 3138 444 3179 non
474 3120 614 3179 obstante
635 3124 807 3198 praetenue
834 3118 1167 3189 encommnutcaaonm
1195 3116 1351 3197 etinfert:

158 3218 239 3298 quod
259 3220 289 3280 al
305 3239 396 3298 popo
417 3215 464 3279 uel
483 3218 567 3280 ullus
586 3219 786 3298 praepositus
807 3218 942 3279 mundat
963 3217 1119 3278 sacerdoli
1138 3217 1184 3279 εἰσ
1198 3215 1351 3297 disponite

157 3339 221 3380 non
241 3318 435 3399 praedicare,
457 3338 520 3378 nou
542 3318 627 3380 debet
647 3317 786 3380 obedlrc“
812 3315 880 3400 (ta⁰
901 3324 941 3381 20
965 3315 1008 3398 lt.)

257 3418 327 3483 Hoc
357 3435 396 3480 cr
423 3419 631 3498 consequenti
656 3419 829 3500 probatur,
860 3418 916 3481 scd
938 3418 1032 3481 aliter
1053 3418 1189 3498 primum
1211 3415 1351 3499 ponitur,

159 3526 195 3584 nt
218 3519 378 3599 sequitur:

260 3620 327 3680 Nou
339 3621 474 3680 obstante
485 3628 642 3693 praetensa
659 3620 956 3679 excommunicatione
973 3618 1091 3695 minata,
1116 3618 1164 3676 vel
1183 3620 1244 3691 jam
1266 3618 1351 3679 illata

161 3721 251 3780 debet
272 3721 454 3780 Christianus
478 3722 583 3794 exequi
605 3721 713 3780 Christi
736 3721 880 3779 mandatu.
903 3720 989 3777 Patet
1011 3736 1047 3776 ox
1062 3718 1253 3777 conclusione
1276 3718 1351 3777 beat

160 3823 241 3881 Petri
263 3828 293 3881 et
313 3829 476 3881 ceterorum
499 3821 697 3895 apostolorum
720 3822 785 3879 Act.
810 3822 863 3880 5⁰:
886 3817 1014 3877 Obedire
1036 3824 1155 3890 oportet
1175 3819 1269 3890 magis
1291 3818 1351 3879 deu

161 3939 245 3995 quam
281 3923 454 3980 homiuibus.
496 3923 543 3980 Er
577 3922 635 3979 isto
670 3924 884 3992 consequenter
921 3918 1066 3990 sequitur,
1103 3918 1181 3990 quod
1216 3916 1338 3977 sacerdo

162 4022 287 4092 Christi,
316 4023 416 4081 vivens
439 4023 596 4081 secuudum
619 4022 714 4093 legem
733 4022 816 4092 ejus,
844 4019 956 4078 habens
987 4018 1149 4089 scripturae
1172 4018 1305 4077 notitiam
1325 4032 1351 4077 ε

162 4122 297 4182 affectum
320 4122 357 4181 ud
381 4121 593 4182 aedificandum
614 4123 770 4196 populum,
800 4120 889 4178 debet
918 4120 1101 4190 praedicare,
1136 4136 1203 4176 non·
1218 4118 1351 4177 obstan!

160 4230 319 4296 praetensa
341 4223 645 4282 excommunicatione.
690 4222 788 4288 Patet,
812 4222 880 4293 quia
901 4221 1072 4292 praedicare
1094 4219 1215 4277 verbum
1240 4218 1289 4276 dei
1309 4232 1330 4277 o·

163 4325 326 4383 mandatum
351 4323 568 4391 sacerdotibus,
590 4321 933 4391 tostcl‘etronpnstolo,
963 4322 1087 4378 ⁴ictuum
1111 4322 1164 4377 10:
1186 4319 1294 4387 Nobis,
1313 4318 1351 4375 i.

164 4427 242 4498 quit,
274 4426 427 4497 praecepit
460 4425 532 4481 dous
562 4425 733 4495 praedicare
763 4422 872 4496 populo
902 4430 933 4480 ot
961 4420 1123 4481 testificari.
1167 4420 1208 4478 Et
1234 4418 1277 4477 M*
1304 4423 1315 4475 l

162 4527 225 4585 Hos
248 4527 305 4584 Xll
327 4526 407 4583 misit
428 4526 526 4597 lesus,
549 4525 735 4595 praecipiens
763 4525 806 4579 eis
830 4529 860 4579 ot
881 4523 995 4580 ‹lic-ons:
1017 4524 1050 4581 In
1072 4522 1146 4579 vium
1168 4521 1296 4592 gentium

163 4625 296 4687 abieritis
324 4642 359 4685 ac.
402 4625 442 4684 Et
467 4624 557 4683 infra:
591 4625 702 4684 Enutes
725 4625 906 4697 praedicate,
936 4623 1083 4692 dicentes,
1112 4621 1179 4694 quie
1200 4616 1351 4692 approp·².
