2992 5258
154 419 217 485 276
352 400 425 472 Petri
446 416 480 472 de
497 415 677 472 Mladononic
692 417 790 474 relatio
808 417 842 473 de
859 417 897 473 bl.
914 419 940 472 J.
959 416 1018 473 Has
1044 432 1140 474 musa:

158 619 348 701 repetitione
376 618 582 684 articulorum
615 625 726 684 contra
751 620 855 702 ipsum
887 620 1138 702 conscriptorum
1170 620 1337 687 amaricati

155 719 239 783 illam
254 719 447 785 audientiam
474 719 515 784 ad
530 719 640 785 leriam
663 726 784 784 sextam
799 720 973 801 proximam
988 720 1022 798 (7
1035 721 1055 785 J
1058 721 1124 802 un.)
1140 720 1337 789 distulerunt

154 820 196 884 Et
224 839 295 885 cunr
320 818 393 884 inde
423 819 595 884 duceretur
621 819 662 884 ad
688 838 834 884 carceres
865 838 923 900 por
952 821 1135 902 episcopum
1165 821 1335 902 Rigensem

153 920 265 984 videns
294 937 377 1001 suoS,
411 919 500 985 dedit
527 920 572 984 eis
594 939 720 985 manum
742 938 840 999 suam,
862 920 986 986 dicens:
1007 920 1115 987 Nolite
1135 922 1243 987 vereri
1271 924 1337 987 mei.

154 1020 215 1097 Qui
241 1018 494 1101 responderunt:
516 1019 588 1083 Non
614 1037 771 1099 veremur,
803 1019 935 1102 ipseque
957 1019 1134 1101 subJunxit:
1156 1021 1230 1087 Scio
1251 1022 1337 1089 boue.

153 1121 219 1185 scio
252 1119 352 1198 bene3
385 1124 419 1183 et
450 1118 667 1184 benedicendo
698 1138 793 1184 manu
822 1119 971 1200 populum
1001 1120 1033 1183 in
1061 1139 1196 1187 ascensu
1227 1121 1337 1202 gradui

152 1219 279 1285 ridebat
308 1227 341 1285 et
362 1219 467 1284 laetus
492 1217 564 1299 iuit,
591 1219 830 1301 gaudenterque
851 1214 918 1284 duat
939 1226 1013 1301 post
1034 1219 1226 1287 derisionem
1246 1222 1337 1287 illam.

251 1419 333 1483 Item
354 1417 435 1484 leria
459 1424 565 1500 sento,
598 1418 650 1483 die
677 1418 795 1483 mensis
819 1418 907 1483 Junii
931 1417 996 1499 jam
1016 1418 1094 1485 dicti
1115 1420 1260 1502 septima,
1282 1438 1337 1485 unt

152 1520 231 1585 hora
258 1525 333 1602 post
359 1520 518 1601 ecclipsim
543 1519 618 1585 solis
647 1518 713 1584 lere
737 1518 874 1599 totalem,
896 1518 1013 1584 iterum
1039 1519 1243 1587 adduxeruut
1263 1520 1337 1585 blm

155 1621 311 1686 Joannem
325 1619 364 1685 ad
381 1618 573 1685 audientiam
594 1619 635 1685 ad
657 1619 774 1684 dictum
790 1618 1002 1699 refectorium,
1025 1619 1110 1700 quod
1123 1621 1216 1687 multi
1229 1624 1337 1687 annot

159 1720 199 1785 de
227 1721 313 1787 dicta
338 1720 468 1787 civitate
498 1721 582 1786 circa
610 1719 749 1800 singulas
770 1718 949 1785 audientias
971 1738 1041 1786 cunr
1063 1720 1185 1802 gladiis,
1207 1720 1337 1787 balistis

155 1821 320 1885 securibus
348 1826 382 1886 et
410 1820 592 1903 cuspidibus
615 1819 869 1885 circumstabant.
911 1819 955 1884 Et
976 1819 1103 1885 interim
1124 1837 1181 1885 rex
1202 1821 1337 1887 veniens

156 1921 281 1986 induxit
302 1938 410 1985 secum
431 1920 575 1987 dominos
586 1919 807 1985 wenceslaum
829 1926 863 1984 et
873 1920 1030 1985 Joannem
1045 1927 1079 1986 et
1088 1921 1220 1987 Petrum
1234 1921 1337 1989 bacco·

151 2021 304 2087 laureum.
348 2020 385 2084 In
407 2039 469 2101 qua
490 2019 652 2085 audientia
683 2018 815 2086 luerunt
845 2020 1041 2100 pronuntiati
1072 2021 1214 2101 articuli,
1248 2038 1337 2105 super

156 2120 271 2204 quibus
303 2127 404 2186 testes
426 2122 550 2200 Pragae
579 2138 685 2185 coram
714 2119 832 2186 vicario
860 2121 1090 2203 archiepiscopi
1110 2122 1285 2203 Prsgensis
1309 2129 1337 2189 ct

154 2222 250 2286 etiarn
271 2220 304 2284 in
327 2219 513 2286 Constantia
533 2219 680 2302 producti
702 2227 785 2301 sunt,
806 2220 847 2285 ad
868 2238 1003 2301 quorum
1020 2221 1144 2302 aliquos
1158 2220 1337 2301 singillsb'm

151 2320 375 2404 respondebat
418 2321 507 2385 Inter
539 2337 619 2401 quos
655 2321 688 2385 in
720 2319 858 2387 adventu
890 2320 1047 2386 dictorum
1079 2320 1337 2401 dominorumct

151 2422 240 2487 Petri
261 2421 323 2485 iste
344 2420 498 2485 articulus
521 2420 582 2485 sibi
603 2419 823 2485 ascribebatur
843 2421 876 2484 in
899 2419 1028 2486 ellectu:
1307 2486 1310 2491 .

133 2574 137 2589 .
248 2520 330 2586 Item
350 2520 489 2602 ponitur,
510 2520 595 2601 quod
615 2519 777 2602 praelatus
791 2519 882 2585 Joan.
894 2520 964 2584 Hus
985 2527 1050 2586 tam
1072 2519 1112 2587 de
1132 2519 1337 2593 meuseJunil

150 2622 227 2687 anni
253 2621 371 2687 domini
393 2619 605 2703 MCOCOX*)
634 2639 726 2701 quarn
753 2621 848 2685 etiam
880 2625 954 2685 ante
984 2627 1017 2686 et
1048 2626 1121 2703 post
1148 2620 1182 2685 in
1209 2619 1337 2702 quadam

151 2721 275 2804 capella
301 2720 467 2786 Bethleem
494 2719 708 2802 praedicando
737 2719 777 2785 ad
796 2720 948 2801 populum
969 2719 1088 2786 ibidem
1109 2720 1290 2801 collectum,
1309 2726 1337 2787 ol

151 2821 248 2887 ctiam
274 2821 307 2885 in
336 2820 472 2886 diversis
500 2820 570 2886 aliis
601 2820 680 2886 locis
707 2819 845 2885 civitatis
871 2820 1042 2899 Pragcnsis
1063 2819 1198 2885 diversis
1221 2820 1337 2887 vicibus

150 2921 268 2987 multos
290 2938 418 2986 errores
432 2926 475 3008 *et
495 2920 645 2986 haereses
667 2925 731 2984 tam
756 2937 795 2982 ex
816 2919 906 2984 libris
928 2919 1084 3000 quondam
1105 2919 1196 2987 Joan.
1219 2918 1337 2993 Wiolei

151 3039 244 3102 quam
266 3040 305 3085 ex
324 3039 383 3086 sun
404 3021 615 3103 protervitate
630 3024 665 3085 et
678 3019 847 3085 dolositate
862 3019 1008 3098 osbuxit,
1031 3018 1147 3099 docuit,
1168 3018 1337 3102 disputavit

151 3128 184 3186 ct
198 3139 256 3203 pro
272 3140 366 3203 posse
389 3120 539 3199 defendit
562 3121 696 3186 maxime
717 3118 801 3184 inira
822 3118 967 3199 scriptos,
989 3116 1146 3199 videlicet,
1168 3118 1256 3200 quod
1269 3126 1337 3202 post

152 3221 424 3285 consecrationem
442 3220 567 3285 hostiae
588 3220 622 3284 in
643 3219 737 3284 alteri
758 3225 885 3284 maneat
906 3218 997 3300 panis
1017 3219 1202 3287 materialis.
1238 3219 1283 3289 Et
1301 3218 1337 3287 ed

150 3320 240 3385 illum
261 3320 462 3385 adduxerunt
488 3325 605 3385 testes:
632 3318 789 3398 doctores,
817 3318 986 3400 praelatos
1009 3318 1162 3400 plebanos
1181 3335 1229 3399 aa,
1250 3320 1337 3387 utin

151 3418 237 3484 dicta
257 3420 464 3485 attestatione
492 3420 630 3501 ponitur.
673 3418 716 3483 Et
737 3419 806 3500 ipse
820 3418 982 3498 magister,
1004 3418 1097 3482 deum
1118 3423 1153 3485 et
1172 3419 1337 3487 mudeu-

151 3517 227 3583 tiam
256 3524 448 3599 contestans,
474 3518 641 3601 respondit
667 3536 703 3584 se
730 3535 794 3584 non
820 3518 937 3584 dixisse
964 3536 1024 3584 nec
1045 3519 1209 3600 posuisser
1230 3536 1337 3587 uuum

152 3618 358 3698 quiaProgae
379 3619 637 3702 archiepiscopus
658 3618 873 3694 mandaverat,
895 3617 979 3698 quod
1000 3636 1064 3684 non
1084 3618 1270 3687 nominetur
1290 3620 1337 3687 ille

151 3717 305 3782 terminus
330 3719 437 3799 panio,
470 3725 581 3785 contra
608 3719 669 3784 hoc
691 3718 771 3783 dixit
793 3735 827 3783 se
857 3718 1031 3798 restitisse,
1053 3717 1180 3799 dicens,
1213 3719 1337 3801 quiaot

152 3814 299 3883 Christm
333 3819 366 3883 in
402 3818 540 3900 capitulo
578 3818 623 3885 VI
654 3817 788 3885 loannis
824 3835 860 3882 se
894 3816 1044 3883 undecies
1078 3834 1215 3900 ,panem
1232 3816 1337 3903 'ange

150 3915 272 3982 lorum“
311 3924 344 3983 et
381 3918 508 3983 dantem
543 3918 640 3984 vitam
671 3916 788 3983 mundo
824 3925 859 3983 et
894 3917 935 3982 de
970 3918 1058 3984 coelo
1094 3917 1337 3987 descendentem

150 4022 211 4083 etc.
233 4018 418 4098 nominavit3
440 4018 512 4084 ideo
533 4020 594 4085 hoc
614 4019 813 4101 evangelium
834 4018 937 4083 noluit
957 4036 1084 4100 negare,
1107 4013 1173 4085 ‘scd
1194 4016 1237 4085 do
1258 4034 1337 4103 pens

150 4116 308 4183 materiali
327 4119 494 4201 respondit
514 4137 549 4185 se
570 4138 740 4202 numquam
760 4118 888 4184 dixisse.
928 4118 1017 4184 Tunc
1038 4116 1210 4187 cardinalIs
1231 4116 1337 4187 Came

149 4217 292 4283 recensis
317 4224 448 4301 occepta
475 4217 609 4301 quadam
636 4225 733 4299 carta,
761 4236 854 4299 quam
876 4217 979 4300 pridie
1008 4235 1081 4283 sero
1102 4217 1187 4285 dixit
1206 4218 1251 4287 ad
1269 4234 1336 4285 suos

150 4334 261 4382 manus
282 4318 456 4397 devenisse,
477 4318 577 4400 ipsam
599 4324 711 4383 tenens
732 4318 766 4382 in
785 4335 889 4395 manu,
911 4318 1087 4398 quaerebat
1111 4318 1153 4383 ab
1174 4319 1249 4402 ipso
1270 4316 1326 4387 ld·

151 4416 283 4496 Joanne,
310 4419 338 4482 si
366 4424 501 4500 poneret
528 4418 721 4484 universalia
750 4438 769 4483 a
796 4424 889 4500 parte
917 4418 986 4485 rei?
1014 4424 1048 4485 et
1076 4418 1145 4501 ipse
1167 4416 1336 4503 respondit,

212 4634 237 4699 *)
255 4637 283 4683 In
300 4637 352 4689 tta.
370 4639 473 4689 illudes.
492 4638 608 4697 seriptum
627 4637 809 4697 ,mccccxt‘
