2992 5258
101 317 165 381 394
327 313 547 368 -Ooutrorersiae
564 311 600 368 (la
616 312 747 381 religione
765 313 793 367 in
810 312 954 368 Bohemia:
972 315 1047 368 llio.

100 516 170 576 iride
196 517 250 576 toti
278 533 370 589 regno
392 518 552 576 Bohemiae
579 523 611 578 et
628 508 805 591 praesertim
826 519 1011 578 universitati
1034 520 1205 592 praedictae
1226 518 1298 581 coni

101 616 179 676 insin
200 616 360 690 inieratur;
382 619 568 678 advertentes
590 637 650 677 uon
671 619 823 688 immerito,
845 619 923 692 quod
951 621 1098 691 rescripta
1126 619 1299 694 hujusmodl

102 718 214 787 odiosa
223 719 300 790 jnris
314 718 417 777 ordine
434 720 586 787 suadente,
602 720 701 791 potius
716 726 786 778 aunt
799 719 1006 793 restringenda
1020 736 1105 793 quam
1119 722 1296 793 amplianda,

102 826 135 877 ct
156 817 235 891 quod
255 817 336 876 sedis
357 818 540 889 apostalicae
564 824 594 877 et
613 836 672 878 non
694 804 769 878 alins
791 820 830 877 sit
851 820 923 878 talia
944 819 1090 890 rescripta
1103 821 1299 894 cornigeraet
1333 847 1386 863 -·-

103 917 303 993 interpretari,
332 924 362 975 et
387 918 510 977 maxime
542 937 605 978 cum
635 921 849 991 praenominati
874 919 943 978 libri
969 925 1002 978 et
1027 926 1178 990 macutus,
1200 922 1245 979 sic
1265 928 1297 979 ut

102 1018 305 1089 premittitur,
327 1019 525 1089 comburendi,
548 1025 606 1078 tum
628 1021 658 1078 in
680 1021 842 1089 sententiis,
864 1035 950 1093 quam
967 1019 1059 1078 etism
1079 1020 1110 1078 in
1133 1021 1294 1092 cumulata

101 1124 170 1177 suut
194 1119 277 1176 multi
304 1126 335 1177 et
361 1120 466 1192 magni,
493 1121 524 1177 iu
546 1125 604 1178 tam
633 1120 716 1178 brevi
745 1126 886 1193 ternpore,
908 1119 1046 1178 videlicet
1066 1135 1085 1177 a
1107 1120 1177 1179 (lata
1198 1119 1297 1179 bullae

101 1217 270 1288 praedictae
298 1235 390 1292 usqua
419 1221 457 1277 ad
484 1221 626 1280 dictorum
655 1236 844 1292 processuum
866 1219 1087 1307 emanationem,
1110 1237 1165 1292 per
1185 1221 1295 1279 dictum

100 1314 141 1374 D.
158 1315 342 1391 Shynconam
366 1326 396 1378 et
417 1320 572 1391 deputatos
592 1336 647 1392 per
668 1320 791 1378 eunden
812 1320 913 1388 videri,
936 1319 1053 1392 corrigi,
1082 1320 1244 1383 examinari
1263 1325 1294 1377 et

102 1417 379 1477 articularidabite
403 1435 461 1477 nou
487 1424 633 1490 potarunt,
655 1424 687 1477 nt
706 1418 737 1475 in
760 1418 847 1478 dictis
867 1421 1018 1478 sententia
1037 1425 1069 1478 et
1096 1419 1295 1494 processibus,

102 1517 174 1576 licet
193 1515 276 1588 ialse,
299 1519 473 1580 continetur.

200 1617 322 1676 Domum
345 1619 488 1691 siqnidem
508 1617 616 1676 nobilis
643 1622 674 1677 et
698 1616 827 1678 famosus
848 1618 903 1688 vir,
935 1619 972 1677 D.
993 1618 1124 1679 loannes
1147 1616 1296 1692 hlulheym

102 1717 140 1775 de
161 1716 325 1777 Parduhicz
352 1719 445 1788 miles,
474 1735 510 1777 ac
532 1720 620 1778 etiam
642 1719 789 1779 discretus
809 1720 856 1777 vir
876 1720 954 1779 Crux
975 1719 1101 1789 institor,
1130 1719 1204 1778 civis
1225 1719 1297 1779 Pra-

102 1818 209 1889 gansis,
237 1818 307 1876 olim
337 1819 436 1878 divina
463 1819 657 1890 inspiratione
681 1821 802 1892 provida
824 1819 1055 1900 considerantes,
1076 1819 1156 1892 quod
1177 1818 1250 1879 licat
1267 1820 1298 1878 iu

103 1917 221 1977 civitate
242 1918 385 1992 Pragensi
412 1920 503 1978 multa
530 1920 596 1978 loca
623 1920 784 1978 existerent
813 1920 1021 1988 ecclesiastica,
1049 1935 1104 1990 pro
1131 1935 1187 1977 usu
1209 1919 1299 1979 divini

102 2018 196 2077 cultus
225 2020 368 2088 ordinata,
396 2019 449 2077 illa
469 2026 566 2078 tamen
596 2020 769 2091 perplures
791 2019 868 2077 alios
890 2025 972 2078 nctus
994 2033 1094 2077 sacros
1115 2020 1191 2076 adeo
1213 2034 1299 2077 occu·

102 2125 215 2189 pantnr,
238 2121 317 2191 quod
337 2121 433 2178 nullus
455 2121 583 2178 locorum
606 2121 765 2178 eorundem
787 2120 988 2191 privilegiatus
1010 2120 1047 2179 ad
1069 2118 1326 2191 praedicationis-

102 2219 185 2277 verhi
207 2219 255 2279 dei
276 2220 466 2279 ministerium
487 2219 596 2278 ibidem
619 2220 787 2291 specialiter
814 2225 897 2278 osset
919 2219 1084 2295 deputatus,
1108 2219 1161 2277 sed
1183 2218 1321 2290 praedi-

102 2324 203 2377 cantes
223 2318 254 2378 in
275 2319 388 2392 vulgari
409 2319 576 2389 Bohemico,
599 2319 675 2392 quod
696 2319 739 2377 ihi
759 2319 893 2377 naturale
916 2319 1023 2389 existit,
1045 2318 1218 2391 plerumque
1243 2334 1324 2391 por·

102 2416 204 2477 domos
234 2425 264 2478 et
284 2420 414 2479 latebras
439 2425 616 2493 cogerentur
636 2420 774 2492 divagari,
798 2426 828 2478 et
849 2426 880 2477 ut
902 2418 1012 2478 Christi
1032 2416 1137 2478 fideles
1159 2435 1195 2477 uc
1216 2416 1323 2477 hubi-

101 2523 214 2578 tutores
241 2526 272 2579 et
297 2521 412 2580 incolae
441 2521 535 2579 dictae
563 2520 689 2579 civitatis
718 2519 887 2578 adeersum
910 2517 1316 2578 etdetcrmiuatumlocutn

101 2618 131 2676 in
162 2620 263 2678 eadem
292 2621 409 2679 civitate
438 2621 646 2680 consistentem
667 2620 705 2679 ad
727 2620 902 2678 audiendum
923 2619 1041 2677 verbum
1064 2618 1113 2677 dci
1134 2616 1314 2690 huiusmodi

103 2735 255 2780 sermones
286 2721 420 2792 publicos
452 2721 483 2779 in
515 2719 721 2779 festivitatibus
759 2727 789 2777 et
821 2719 925 2778 dichrm
958 2720 1107 2778 consuetis
1141 2719 1306 2779 convenire

104 2826 235 2892 possent,
265 2819 415 2892 praelatus
443 2821 514 2880 ciris
547 2821 691 2893 quandam
719 2837 818 2878 aream
845 2821 906 2877 sive
935 2828 1046 2879 certum
1066 2820 1164 2880 locum
1185 2821 1224 2879 ad
1245 2821 1304 2878 hoo

102 2937 260 2994 congmum
296 2928 327 2980 et
361 2922 535 2991 honestum,
581 2938 673 2992 prope
709 2921 907 2992 parochialem
943 2921 1099 2979 ecclesiam
1134 2928 1299 2980 sannorum

34 3002 40 3013 ⁴
106 3021 236 3094 Philippi
258 3022 403 3081 ctJacobi
423 3022 622 3094 apostolorum
636 3022 750 3094 Prngae
774 3027 803 3080 et
823 3020 901 3078 inira
922 3022 985 3093 ejus
1007 3021 1177 3092 parochiam
1205 3021 1297 3081 consi·

108 3128 229 3192 stentes,
258 3138 343 3196 quam
370 3122 448 3180 idem
476 3122 546 3180 civis
568 3122 696 3194 legitime
719 3121 872 3193 acqnisivit
893 3127 923 3179 et
944 3137 1028 3193 quem
1050 3120 1205 3179 Bethleem
1227 3138 1296 3180 nun-

104 3223 205 3293 cupari
226 3223 349 3294 censuit,
370 3239 424 3294 pro
445 3239 501 3280 usu
522 3222 750 3293 praedicationis
772 3222 854 3279 verbi
877 3222 933 3292 (lei,
954 3221 1121 3294 huJusmodi
1141 3222 1195 3293 pia
1210 3221 1296 3294 largi·

105 3322 184 3379 hone
214 3323 347 3394 donavit;
374 3323 489 3395 ipsique
519 3323 602 3381 miles
632 3330 661 3380 et
684 3323 754 3380 ciris
777 3322 921 3394 quandam
943 3322 1086 3394 capellum
1106 3322 1138 3380 in
1159 3321 1297 3379 honorem

102 3427 133 3480 ct
164 3422 219 3480 sub
252 3421 393 3481 vocabulo
425 3427 590 3481 sanctorum
622 3423 813 3480 Innocentnnr
845 3421 988 3494 praedicti
1021 3421 1114 3481 cultus
1144 3425 1297 3493 augmento

106 3522 246 3580 canonice
268 3520 383 3582 fundari
405 3520 546 3593 lecerunt,
568 3540 603 3581 nc
624 3523 661 3580 da
684 3522 768 3581 bonis
791 3522 848 3581 sibi
863 3538 882 3578 a
897 3523 952 3581 deo
968 3521 1092 3591 collatis,
1114 3533 1170 3594 pro
1184 3522 1297 3580 duobus

105 3622 271 3681 rectoribus
303 3623 396 3694 ipsius
425 3623 556 3694 capellae
586 3629 616 3681 et
642 3622 893 3697 praedicatoribus
915 3622 945 3680 in
974 3622 1052 3681 dicto
1079 3620 1203 3694 vulgari,
1232 3623 1297 3695 jnro

103 3729 275 3795 patronatus
306 3723 438 3794 ejusdem
470 3723 604 3794 capellae
638 3730 669 3782 et
699 3722 908 3795 praesentandi
939 3728 1070 3779 rectores
1103 3722 1141 3780 ad
1174 3722 1296 3780 cauden

103 3823 161 3882 sibi
173 3823 291 3895 suisque
315 3823 471 3881 heredibus
494 3825 525 3881 in
547 3829 720 3896 perpetuum
732 3828 890 3891 reservato,
903 3827 1105 3893 competenter
1116 3822 1289 3881 dotaverunt

103 3923 150 3982 ad
172 3939 257 3995 quam
279 3911 421 3995 capellam
444 3924 486 3982 sic
509 3940 563 3995 pro
585 3925 805 3996 praedicatione
827 3923 971 3995 evangelii
995 3923 1076 3980 rerhi
1098 3923 1149 3981 dei
1163 3929 1283 3983 arcemn

102 4022 250 4081 fundatam
271 4029 302 4081 et
323 4024 461 4102 dotatam,
482 4041 517 4081 ac
538 4023 698 4082 honorilice
720 4029 751 4081 et
771 4023 867 4094 ample
889 4029 1093 4090 constructam,
1115 4023 1175 4093 ipsi
1190 4020 1275 4081 lidelc

102 4123 186 4196 regni
207 4122 365 4191 Bohamiae
402 4130 433 4182 et
467 4125 641 4196 praesertim
677 4124 801 4182 civitatis
829 4123 988 4197 Pragcnsis
1025 4138 1161 4194 maguum
1195 4138 1267 4195 geru

102 4224 265 4282 devotionis
287 4223 429 4295 affectum,
451 4224 648 4298 frequensque
672 4241 830 4284 concursus
852 4224 889 4282 ud
911 4224 1087 4283 audiendum
1108 4222 1263 4283 verbum(

102 4323 231 4394 ipsorum
252 4323 379 4383 fidelium
400 4326 525 4385 hahetur
545 4328 583 4385 ad
604 4327 735 4384 canadam.

200 4425 367 4484 decedente
394 4427 432 4484 ad
457 4427 513 4486 huo
535 4433 654 4485 sanctae
679 4426 757 4484 sedis
780 4423 971 4496 apostolieae,
994 4420 1072 4481 serml
1099 4424 1245 4497 principis

103 4523 214 4584 domini
232 4524 268 4583 D.
289 4525 457 4585 Wenceslai
479 4528 674 4586 Rornanorum
696 4535 727 4585 et
755 4525 914 4586 llohcmiac
935 4525 1015 4598 rogis
1037 4525 1240 4596 praenotare
