2992 5258
147 399 208 464 556
401 396 604 452 controversiae
621 396 655 451 do
672 395 802 465 religione
819 396 846 450 in
863 395 1012 459 Bononio·
1023 397 1096 451 illo
1208 438 1214 451 .

710 695 769 771 76.

149 919 179 1006 J
182 927 331 1005 oannis
351 921 530 1007 Barbati
551 925 739 1007 narratio
767 923 821 1007 de
841 926 1054 1034 supplicio
1076 923 1133 1009 M.
1157 924 1190 1010 J
1191 931 1330 1012 oannis

254 1056 348 1142 Hus
376 1087 473 1141 oum
499 1059 672 1171 epilogo
700 1057 756 1141 M.
785 1057 1001 1144 Jacobelli
1027 1059 1080 1142 de
1106 1059 1229 1147 Misa.

531 1268 539 1282 ’
650 1307 738 1375 (1415,
757 1322 781 1361 n.
797 1306 837 1373 u.)

164 1610 208 1675 (E
223 1609 287 1664 MS.
305 1611 496 1678 quintantiam
513 1612 550 1666 N.
569 1608 621 1665 179
638 1614 668 1665 io
686 1612 828 1667 tabulario
849 1611 965 1667 beton.
975 1611 1003 1683 l¹)
1019 1621 1045 1666 ct
1062 1613 1201 1667 anahem
1218 1611 1324 1680 Bolas)

249 1917 359 1981 Passio
382 1915 483 1981 fidelis
506 1921 539 1981 et
561 1914 815 1981 christianissimi
837 1916 981 1998 magistri
1002 1916 1105 1982 nostri
1125 1916 1261 1983 Joanuis
1275 1917 1332 1983 Hos

150 2017 255 2082 vorbis
278 2018 446 2084 succinctis
461 2019 648 2098 summatim,
664 2025 815 2100 quiantum
828 2017 998 2084 memoriae
1019 2017 1164 2100 suppetit
1174 2019 1332 2103 capacitas,

151 2117 296 2184 fidelibus
318 2119 506 2184 declaratur.

252 2220 406 2298 Quoniam
439 2222 522 2287 iacta
556 2221 698 2288 sessione
726 2222 836 2287 ultima
869 2223 1043 2304 productus
1068 2228 1122 2288 est
1149 2223 1184 2288 in
1211 2222 1333 2289 medium

152 2324 323 2388 saevientis
345 2323 485 2403 concilii,
518 2324 624 2405 ibique
651 2342 690 2388 ex
724 2325 884 2389 sententia
914 2323 1081 2389 diffinitiva
1108 2324 1262 2391 condiebat
1285 2321 1333 2389 sini

151 2427 261 2491 ultimo
279 2424 424 2507 proponi,
449 2432 483 2490 ut
497 2426 657 2504 articulos,
685 2442 764 2507 quos
780 2431 892 2491 contra
906 2443 994 2491 suam
1008 2425 1227 2492 innocentiam
1240 2424 1334 2507 inique

151 2535 183 2592 ot
210 2526 358 2591 mendose
381 2524 614 2603 confinxerant,
644 2526 853 2607 pertinaciter
875 2525 966 2606 (non)
990 2525 1195 2605 defenderet,
1228 2526 1334 2608 scripto

151 2633 348 2706 retractaret,
378 2634 410 2693 et
433 2626 616 2709 praedicata
637 2633 812 2706 revocaret,
835 2627 1031 2692 velmortom
1052 2626 1193 2691 incendii
1215 2627 1333 2693 subiret

152 2729 212 2807 Qud
242 2729 369 2809 erigens
396 2747 431 2792 se
454 2727 533 2792 dixit
562 2728 740 2793 humiliter:
767 2728 836 2794 Non
865 2727 936 2792 veni
959 2727 1021 2792 buc
1042 2728 1083 2794 ad
1104 2728 1228 2810 aliqudd
1248 2728 1334 2811 perti·

151 2829 276 2895 nacitor
291 2828 522 2894 defendendum
538 2828 588 2893 vel
611 2829 791 2907 tenendum,
815 2829 871 2894 sed
894 2829 975 2893 siin
998 2827 1157 2910 aliquibus
1180 2826 1335 2895 scribendo

151 2932 202 2996 rel
225 2929 367 2996 docendo
391 2928 572 3008 erraverim,
596 2928 708 2994 doctus
721 2928 761 2993 de
783 2929 915 3009 meliori,
938 2930 1093 2995 catholice
1115 2928 1335 2996 informandum

153 3039 186 3098 et
201 3031 429 3112 corrigendum
450 3049 500 3094 me
523 3030 684 3096 submitto.
715 3030 778 3095 Sed
799 3048 870 3095 cum
890 3030 1129 3096 invalescebant
1151 3031 1290 3110 vocibus,
1308 3033 1336 3093 ut

152 3134 288 3216 ipsemet
324 3132 384 3197 sibi
421 3134 567 3212 laqueum
595 3132 806 3197 damnationis
841 3132 1035 3213 imponeret,
1067 3138 1171 3198 testes
1200 3131 1336 3199 falsifioos

152 3235 357 3313 adducentes,
383 3235 536 3320 magister
557 3233 724 3315 respoudit
737 3234 816 3297 ratis
832 3233 969 3299 testibus
990 3231 1051 3298 lide
1073 3233 1191 3314 dignis,
1216 3247 1338 3316 quiomm

152 3354 233 3399 unm
263 3336 366 3400 estin
395 3336 500 3413 coelo,
534 3335 669 3401 alterio
701 3335 812 3413 corde,
845 3337 878 3398 in
904 3335 983 3399 haec
1004 3334 1119 3400 verba:
1142 3334 1192 3400 Ne
1215 3335 1337 3400 animan

153 3435 355 3515 offenderem,
377 3455 418 3501 ne
432 3436 580 3518 parjurus
597 3454 709 3513 essem,
733 3442 765 3500 et
790 3435 887 3500 tertio
909 3454 949 3500 ne
972 3435 1133 3517 populum,
1156 3432 1336 3517 quemlveri·

153 3542 251 3601 tatem
273 3535 393 3603 Christi
415 3536 525 3616 docui,
552 3536 811 3616 scandalisarem‚
849 3536 968 3602 illicitis
996 3534 1246 3615 consentiendo,
1266 3532 1337 3600 malo

153 3637 183 3700 in
206 3655 318 3701 manus
340 3644 464 3703 vestras
489 3637 645 3717 incidere,
679 3656 772 3718 quam
790 3637 910 3718 judicio
932 3635 1083 3702 horrendi
1102 3635 1223 3716 judicis
1243 3634 1337 3716 subit·

154 3753 236 3801 cere.
260 3736 320 3814 Qui
343 3755 401 3801 nec
416 3737 559 3803 valentes
570 3737 691 3818 justum
714 3737 856 3803 adversis
871 3736 1010 3816 flectere,
1033 3735 1120 3800 aliud
1142 3754 1243 3818 grave
1256 3735 1336 3802 obtu-

152 3836 275 3918 leruut‚
307 3845 342 3901 ut
372 3839 507 3919 ipsemet
537 3838 765 3918 praedicationi
796 3856 873 3903 suae
895 3837 1055 3902 silentium
1078 3844 1271 3919 perpetuum
1289 3835 1337 3901 im·

152 3945 297 4018 poneret.
341 3938 414 4019 lpse
437 3955 512 4002 vero
535 3957 594 4002 nec
616 3939 669 4003 isti
692 3939 828 4003 nefando
853 3938 1020 4020 acquievit,
1043 3937 1101 4002 sed
1122 3935 1264 4004 finaliter
1282 3935 1338 4020 pri·

152 4056 236 4102 mum
259 4038 291 4101 in
313 4037 500 4118 intentione,
523 4047 596 4121 post
617 4037 744 4102 modum
765 4056 841 4102 vero
858 4037 1052 4103 transeundo
1075 4056 1134 4118 per
1155 4036 1337 4104 mediocre

153 4137 306 4213 cutionis,
339 4138 450 4203 maluit
471 4139 661 4205 veritatibus
683 4138 783 4204 sacris
806 4139 943 4217 servire,
966 4156 1059 4220 quam
1080 4139 1165 4204 molo
1188 4136 1250 4203 sibi
1271 4152 1337 4221 pro-

153 4237 258 4319 posito
280 4243 313 4302 et
333 4237 465 4301 multum
478 4237 587 4302 illicito
609 4237 798 4302 consentire.
823 4235 929 4302 Media
943 4242 1049 4300 autem
1071 4235 1267 4319 blasphema
1285 4251 1335 4319 pcc

154 4355 235 4417 quuae
264 4336 305 4401 ad
333 4335 427 4401 finem
448 4339 560 4410 mortis
588 4338 776 4416 tendebant,
810 4341 902 4402 erant
926 4337 1004 4402 ista:
1028 4336 1102 4417 quia
1123 4342 1242 4403 exutus
1261 4338 1337 4401 vere

212 4574 238 4634 1’)
256 4575 398 4635 luseriptum
424 4575 469 4631 ibi,
497 4590 569 4622 manu
592 4576 698 4635 ejusdem
722 4576 820 4622 sentis:
850 4569 971 4631 „Paean
988 4582 1022 4623 ic.
1043 4569 1197 4622 secundum
1210 4568 1332 4625 loom

255 4654 445 4716 Barbatum,“
464 4660 503 4707 cui
520 4659 569 4707 alia
586 4672 670 4707 manos
688 4658 793 4705 addidit:
812 4656 964 4717 ‚mliorem
983 4653 1183 4721 onomast·
