2992 5258
162 433 225 496 628
412 384 617 479 consolemur
635 426 668 480 ue
686 425 860 494 religionem
878 427 1018 482 solemn:
1039 429 1112 484 1416.

164 651 272 698 eorum
305 647 385 710 quae
417 626 572 693 dixissent
604 627 767 694 reddituri.
812 629 949 710 Magnus
981 636 1052 695 erat
1080 630 1347 696 circumstantium

136 737 140 746 '
163 734 252 799 dolor
273 731 384 797 animi:
407 729 576 811 cupiebant
597 731 679 794 enim
702 731 803 794 virum
819 736 883 797 tam
898 732 1061 813 egregium
1076 733 1201 814 salvari,
1224 732 1253 796 si
1268 732 1347 798 bona

161 852 249 900 mens
282 832 402 897 luisset.
446 830 503 895 Ille
532 837 638 895 autem
668 848 726 895 sua
753 832 786 894 in
815 833 975 898 sententia
1003 851 1245 914 perseverans,
1267 833 1347 898 ultro

159 940 293 1000 mortem
314 938 468 1014 appetere
490 930 672 1010 videbatur,
693 931 888 1014 laudansque
909 934 1064 999 Joannem
1086 934 1165 1013 Hus,
1192 934 1248 1014 ait,
1271 932 1345 998 nihil

159 1018 246 1099 illurn
285 1033 438 1098 adversus
480 1031 636 1096 ecclesiae
676 1031 728 1095 dei
760 1038 877 1098 statum
909 1035 1065 1115 sensisse,
1098 1035 1155 1100 sed
1197 1034 1347 1100 adversus

158 1135 277 1198 abusus
300 1133 495 1212 clericorum,
519 1133 671 1197 adversus
694 1132 884 1214 superbiam,
907 1132 1023 1200 fastum
1044 1153 1081 1200 ae
1096 1153 1247 1218 pompam
1260 1152 1348 1218 prae·

158 1235 302 1299 latorum.
346 1233 425 1298 Nam
453 1252 523 1298 cum
552 1233 742 1315 patrimonia
772 1234 975 1299 ecclesiarum
997 1237 1133 1317 primum
1156 1236 1347 1301 deberentur

157 1336 349 1418 pauperibus
371 1340 405 1399 et
419 1334 558 1413 advenis,
581 1353 618 1400 ae
633 1334 757 1398 demum
780 1335 917 1415 fabricis
941 1336 1102 1418 indiguum
1118 1337 1165 1401 illi
1180 1337 1266 1402 bono
1283 1336 1346 1400 uiro

157 1436 266 1516 videri,
296 1434 444 1516 dispendi
474 1434 527 1498 1113
549 1435 778 1510 meretricibus
802 1436 962 1515 conviviis,
986 1454 1139 1519 equorum
1162 1437 1275 1520 copiae
1295 1442 1346 1501 aut

160 1554 271 1601 eanum
293 1536 432 1616 saginae,
456 1534 555 1598 cultui
577 1536 836 1600 vestimentorum
858 1542 891 1601 et
912 1537 983 1602 aliis
1005 1540 1102 1604 rebus
1116 1538 1259 1619 indignis
1273 1537 1341 1602 reli·

159 1637 252 1718 gione
275 1635 403 1701 Christi.

253 1787 323 1853 Hoc
337 1792 443 1853 autem
460 1764 592 1850 maximi
601 1785 720 1868 ingenii
734 1787 809 1851 luit:
832 1800 901 1853 cum
913 1788 1208 1872 interrumperetur
1218 1787 1339 1870 saepius

156 1887 257 1953 oratio
274 1906 332 1952 sua
345 1886 504 1967 variisque
527 1886 705 1951 rumoribus
726 1887 939 1953 lacesseretur
960 1907 979 1953 a
1000 1888 1161 1953 nonnullis
1185 1889 1256 1972 eJ'us
1277 1905 1340 1954 sen·

155 1989 271 2054 1331133
295 1988 504 2070 captantibus,
528 1988 685 2052 nemiuem
708 2007 817 2054 eorum
832 1989 985 2054 intactum
1000 1989 1138 2070 reliquit,
1162 1991 1340 2072 pariterque

155 2107 263 2155 omues
295 2089 465 2166 ulciscens,
501 2088 549 2153 vel
582 2088 772 2154 erubescere
806 2091 911 2170 coegit
944 2089 993 2153 131
1029 2095 1146 2154 tacere.
1191 2091 1341 2171 Surgere

154 2208 314 2255 murmure
335 2190 459 2270 silebat,
473 2191 597 2254 turbam
612 2189 800 2270 quandoque
827 2189 1012 2271 increpans;
1035 2199 1148 2273 postea
1170 2191 1339 2255 orationem

155 2290 312 2373 replicans
334 2291 448 2354 iterum
470 2297 567 2370 atque
589 2289 705 2354 iterum
728 2291 991 2372 persequebatur,
1022 2308 1117 2356 orans
1139 2297 1238 2373 atque
1260 2291 1340 2357 obte-

154 2397 252 2470 stans,
284 2398 320 2457 ut
349 2410 420 2455 eum
454 2389 540 2471 loqui
573 2396 769 2472 poterentur,
804 2410 874 2456 3331
908 2410 942 2457 33
975 2411 1037 2458 333
1072 2398 1182 2458 333331
1214 2392 1340 2474 amplius

153 2491 308 2569 audituri;
338 2509 506 2570 numquam
535 2490 575 2555 ad
606 2491 662 2555 bos
684 2509 829 2555 rumores
853 2493 987 2574 expavit,
1010 2498 1117 2557 mente
1141 2491 1230 2557 firma
1252 2496 1339 2575 atque

155 2593 320 2675 intrepida
363 2591 447 2656 lllud
470 2608 545 2654 vero
567 2590 752 2656 admirabile
766 2592 937 2671 memoriae
952 2597 1189 2675 argumentum:
1213 2591 1339 2658 cccxl

154 2695 267 2760 diebus
298 2693 402 2758 iuerat
434 2692 466 2755 in
498 2691 594 2757 fundo
626 2693 724 2756 turris
757 2693 895 2759 foetidae
927 2701 1024 2775 atque
1057 2692 1223 2775 obscurae,
1257 2692 1338 2775 cujus

153 2796 358 2878 asperitatem
398 2792 533 2874 ipsemet
572 2798 763 2873 conquestus
804 2801 873 2874 est,
906 2811 1053 2859 asserens
1085 2813 1130 2875 se,
1163 2800 1200 2860 ut
1233 2794 1338 2861 fortem

152 2897 309 2961 hominem
342 2894 443 2971 decet,
477 2909 539 2957 non
574 2893 746 2975 propterea
774 2895 991 2975 ingemiscere,
1026 2895 1110 2977 quod
1141 2895 1188 2960 sic
1216 2895 1337 2975 indigna

154 3014 325 3078 perpessus
342 3001 437 3072 essct,
461 2992 517 3058 sed
532 2993 640 3058 mirari
662 2993 821 3058 bominum
843 2995 994 3060 adversus
1015 3013 1050 3060 33
1064 2996 1336 3067 inhumanitatem

153 3115 214 3179 quo
246 3097 280 3161 iu
308 3097 376 3162 loco
403 3093 518 3159 nedum
549 3093 684 3174 legendi,
707 3094 763 3159 sed
791 3095 926 3160 necdum
950 3095 1077 3160 videndi
1100 3096 1231 3177 quidem
1252 3096 1337 3161 ullam

154 3197 264 3261 habuit
286 3195 476 3261 facultatem.
520 3194 614 3259 Mitto
637 3195 829 3261 anxietatem
852 3198 977 3276 31311113,
1008 3216 1069 3278 qua
1090 3188 1238 3279 oportuit
1259 3197 1336 3262 illum

153 3296 293 3376 quotidie
326 3296 458 3378 agitari,
497 3313 577 3375 quae
611 3311 734 3360 omnem
767 3297 949 3361 memoriam
983 3302 1133 3363 excutere
1167 3297 1333 3363 debuisset.

153 3397 209 3462 Ille
239 3404 344 3461 tamen
375 3402 423 3461 tot
449 3395 648 3461 doctissimos
675 3403 771 3477 atque
798 3397 1050 3479 sapientissimos
1080 3399 1167 3464 viros
1190 3398 1222 3461 in
1246 3403 1335 3462 testes

153 3517 279 3563 suarum
302 3485 484 3579 opinionum
499 3496 656 3578 allegavit,
679 3504 728 3563 tot
743 3497 890 3564 doctores
906 3500 1140 3566 ecclesiasticos
1156 3500 1189 3563 in
1205 3497 1334 3564 medium

152 3598 286 3680 protulit
308 3599 339 3662 in
362 3598 552 3663 sententiam
582 3616 679 3677 suam,
712 3606 749 3663 ut
776 3600 853 3664 satis
876 3618 1034 3684 superque
1057 3601 1136 3665 satis
1159 3599 1282 3679 luisset,
1310 3595 1331 3661 si

152 3706 219 3764 toto
248 3699 309 3764 hoc
338 3705 481 3779 tempore
510 3715 630 3762 summo
661 3697 693 3761 in
720 3699 796 3779 otio,
830 3718 952 3765 summa
978 3701 1011 3764 in
1034 3686 1142 3781 quiete
1165 3697 1332 3783 sapientiae

152 3799 266 3863 studiis
289 3816 416 3879 operam
439 3797 589 3863 dedisset.
1356 3789 1359 3796 ’

250 3949 319 4014 Vox
341 3949 409 4030 ejus
431 3949 545 4024 suavis
565 3955 685 4030 aperta,
710 3966 863 4014 resonans
886 3957 963 4031 erat,
986 3950 1121 4033 quadam
1143 3971 1215 4017 eum
1236 3948 1332 4031 digni·

151 4055 216 4114 tate
239 4055 349 4130 gestus
372 4050 516 4128 oratoris,
548 4049 597 4114 131
618 4048 659 4114 ad
680 4049 929 4129 indignationem
953 4052 1201 4134 exprimendam,
1233 4053 1281 4118 131
1298 4047 1332 4114 ad

153 4148 408 4214 commovendam
445 4151 700 4232 miserationem,
740 4170 832 4232 quam
874 4159 978 4217 tamen
1011 4171 1115 4234 neque
1148 4153 1330 4235 postulabat,

153 4269 255 4332 neque
278 4251 427 4330 consequi
450 4251 605 4332 cupiebat.
649 4249 762 4318 Stabat
783 4253 967 4335 impavidus,
991 4253 1180 4336 intrepidus,
1210 4259 1331 4319 mortem

154 4370 215 4415 uon
236 4357 440 4416 contemnens
462 4351 573 4429 solum,
595 4350 768 4417 sedetiam
791 4359 954 4435 appetens,
978 4361 1013 4418 ut
1034 4354 1170 4421 alterum
1192 4354 1331 4422 Catonem

152 4452 294 4516 dixisses.
337 4452 488 4517 Ovirurn
511 4451 640 4532 dignum
662 4453 814 4519 memoria
835 4454 995 4518 hominum
1019 4457 1230 4539 sempiterna!
1272 4453 1331 4518 lion

151 4551 252 4631 lando,
281 4552 307 4615 si
336 4552 411 4633 quid
441 4553 592 4617 adversus
622 4554 771 4635 instituta
793 4555 946 4620 eeclesiae
969 4555 1128 4621 sentiebat
1136 4579 1144 4637 ς
1167 4556 1330 4622 doctrinam

148 4654 295 4734 admiror,
322 4673 428 4719 rerum
454 4654 659 4737 plurimarum
688 4655 862 4734 seientiam,
886 4656 1098 4738 eloquentiam
1121 4664 1155 4723 et
1175 4658 1322 4739 argutiam
