2992 5258
153 409 216 471 304
367 403 441 457 Petri
457 402 491 458 da
508 402 685 458 Mladenowic
702 403 799 457 relatio
816 401 850 456 de
866 402 905 459 nl.
923 403 949 457 J.
967 403 1027 461 llus
1044 418 1139 459 causa:

155 606 270 670 ostium
292 606 402 670 Jesum
431 603 593 668 Christ-um
624 604 801 683 domiuum,
835 610 869 669 et
903 608 987 669 teste
1019 605 1183 683 euangelio
1216 605 1354 684 quilibet

154 706 226 769 talis
249 707 299 769 fur
322 712 372 770 est
394 713 426 769 et
448 706 529 768 latro
552 721 591 767 u.

250 907 278 970 7.
315 905 561 984 ἱ,(Ὺοηᾱιηηηαίιό
589 904 703 966 XLV
733 904 941 964 urtmuZorum
980 904 1095 984 Wiclef
1119 925 1176 984 per
1208 904 1352 967 doctores

146 1008 238 1089 ‚facia
265 1014 311 1069 cet
339 1003 576 1068 irrationabilis
603 1011 631 1065 et
652 1006 775 1085 iniqua,
799 1013 826 1065 et
854 1025 951 1066 caiisa
975 1025 1034 1085 per
1061 1024 1112 1067 eos
1139 1003 1350 1085 alleyatacat

151 1111 232 1185 (icta,
254 1107 392 1169 uidelicet
414 1105 495 1185 quod
516 1104 624 1167 niellus
645 1125 683 1167 au
703 1107 746 1167 eis
767 1114 813 1167 est
827 1105 1006 1177 catholicus,
1028 1105 1084 1167 aed
1099 1104 1225 1185 quilibet
1239 1126 1348 1167 eorum

77 1219 80 1226 '
152 1217 209 1271 aut
223 1215 266 1270 est
288 1207 471 1283 haereticus,
482 1213 538 1269 out
559 1225 705 1267 erroneus
719 1212 775 1266 caet
790 1205 1016 1268 scaudalosus“
1043 1205 1141 1288 (eap.⁰
1155 1205 1201 1285 4⁰,
1217 1205 1271 1269 sol.
1291 1204 1347 1289 1⁰).

252 1335 323 1394 Nou
343 1334 387 1391 sie
406 1336 465 1391 stat
484 1333 518 1390 in
538 1333 624 1401 libro,
646 1334 698 1391 sed
718 1333 776 1391 sic:
809 1333 1003 1392 condemnati
1025 1339 1093 1391 sunt
1117 1334 1234 1394 articuli
1256 1336 1297 1391 45
1313 1349 1351 1393 ex

153 1439 208 1496 hac
230 1451 325 1503 eausa,
348 1434 426 1505 quod
446 1433 543 1490 nullus
566 1433 682 1491 exiliis
706 1436 744 1490 45
767 1418 900 1491 articulis
924 1440 970 1491 est
993 1433 1161 1501 catholicus,
1185 1433 1240 1492 sed
1263 1434 1350 1507 quili-

153 1538 205 1595 bet
227 1552 326 1594 eorum
340 1540 389 1592 aut
411 1540 458 1590 est
472 1533 647 1602 haereticus
670 1541 719 1592 aut
742 1549 897 1605 erroneus,
922 1540 972 1591 aut
995 1533 1199 1593 scandalosus.
1237 1533 1349 1593 Odoc-

152 1644 208 1706 tor,
229 1636 280 1694 ubi
301 1634 458 1707 probatio?
481 1648 596 1690 causum
618 1630 712 1705 fingis,
736 1648 821 1707 qnam
842 1649 901 1690 non
923 1632 1032 1704 probas
1053 1649 1089 1693 uc.
1111 1632 1222 1691 nnllam
1244 1640 1344 1693 osten·

153 1738 227 1797 dens
262 1736 436 1808 scripturam
474 1731 510 1789 de
550 1733 710 1803 contrario;
748 1740 778 1792 et
819 1740 919 1792 cetera
958 1734 1067 1792 ibidem
1102 1732 1161 1790 late
1193 1735 1293 1806 arguit
1316 1735 1348 1794 in

148 1842 286 1898 tractatu.

249 1954 395 2020 Articalo
420 1955 525 2037 finito,
553 1960 665 2035 postea
692 1954 842 2034 legerunt
872 1954 961 2035 alibi,
991 1955 1045 2019 nbi
1071 1955 1147 2036 poni
1168 1955 1347 2037 videbatur,

151 2076 250 2142 quare
272 2075 356 2122 nuuc
379 2056 526 2120 doctores
549 2056 702 2136 praetorii
723 2073 787 2119 non
802 2055 1012 2120 condemnant
1027 2057 1242 2136 mammantes
1257 2057 1346 2123 illum

152 2159 321 2226 articulum
349 2156 388 2219 do
417 2155 546 2220 decimis
569 2161 602 2218 et
631 2155 671 2219 de
698 2155 875 2219 oblatione:
904 2175 975 2219 nam
1005 2155 1092 2233 illud,
1115 2155 1201 2236 quod
1223 2159 1345 2239 scripto

151 2259 412 2334 condemnarunt,
447 2253 530 2319 lacto
552 2255 744 2336 approbant3
778 2273 851 2318 nam
880 2255 1047 2320 uenientes
1075 2255 1116 2320 ad
1138 2259 1345 2338 praetonium,

151 2357 323 2438 rogabant,
354 2363 391 2421 nt
418 2355 464 2419 eis
494 2371 607 2419 census
639 2355 837 2434 restituatur,
867 2372 936 2418 cum
965 2355 1029 2419 sint
1051 2354 1262 2437 elemosynae.
1305 2356 1347 2424 Et

151 2457 278 2539 quidam
300 2455 339 2520 de
362 2454 544 2520 consulibus
567 2454 810 2536 responderunt,
835 2473 970 2535 proquo
988 2454 1154 2528 instarent,
1177 2476 1249 2539 eum
1266 2457 1344 2523 illud

150 2560 240 2642 prius
269 2576 328 2639 pro
355 2556 482 2621 haeresi
504 2554 776 2633 condemnassent,
811 2562 844 2619 et
876 2555 1035 2620 subdidit:
1058 2556 1250 2623 Gaudebaut
1270 2576 1345 2623 con·

151 2659 338 2723 damnantes
361 2662 394 2721 et
414 2656 527 2736 lugent
549 2673 677 2719 censum
700 2655 822 2719 dantes.
855 2655 903 2717 Et
918 2656 1346 2722 cardinaliacameraeeaeic

151 2758 245 2825 dixit:
268 2757 438 2837 Magisterl
469 2763 501 2820 et
530 2774 586 2819 uos
616 2755 779 2834 dicebatis
811 2756 895 2836 quod
924 2757 1044 2820 nullum
1067 2776 1210 2822 errorem
1233 2758 1350 2825 lliclef

52 2919 59 2935 ,
150 2860 276 2925 velletis
299 2856 480 2936 defendere,
504 2866 537 2921 et
560 2874 643 2931 ecce,
667 2857 717 2920 liic
737 2858 800 2937 jam
824 2864 912 2938 patet
935 2877 973 2921 ex
1002 2858 1090 2922 libris
1112 2859 1240 2935 uestris
1262 2859 1357 2941 quod

150 2978 207 3025 uos
236 2960 318 3024 istos
345 2956 496 3022 articulos
526 2955 713 3021 delendistis
741 2956 875 3038 publice.
919 2957 962 3021 Et
989 2976 1062 3022 cccc
1093 2977 1150 3040 pro
1173 2967 1274 3041 certo,
1296 2958 1360 3025 tm:

149 3060 248 3125 multa
269 3062 431 3141 ponuntur
463 3056 649 3120 scandaloso
683 3062 715 3120 et
744 3058 862 3137 gravia.
905 3058 954 3120 Et
986 3059 1138 3137 mayister
1166 3058 1360 3141 respoudit:

149 3161 247 3226 Pater
268 3158 460 3223 reverende!
485 3157 574 3222 Sicut
596 3157 685 3239 prius
708 3157 781 3236 dixi,
804 3157 907 3222 adhuc
929 3157 1009 3237 dico,
1033 3159 1117 3240 quod
1132 3158 1262 3239 nulline,
1285 3176 1360 3224 nce:

149 3258 282 3339 Wiclel,
314 3277 375 3322 noc
403 3257 536 3322 alterius
563 3257 696 3338 alicujus
729 3264 855 3322 errones
877 3258 948 3322 volo
972 3258 1157 3324 defendere:
1191 3259 1250 3324 sed
1272 3258 1360 3342 quia

148 3358 317 3423 uidebatur
348 3357 426 3422 mibi
455 3363 566 3422 contra
595 3358 820 3423 conscientiam
848 3358 888 3423 ad
919 3358 1213 3424 condemnationem
1236 3378 1360 3426 eorum

150 3460 338 3542 simpliciter
361 3459 558 3537 consentire,
587 3459 674 3523 nulla
702 3458 812 3523 habita
832 3459 992 3541 scriptura
1014 3459 1052 3524 de
1075 3460 1238 3542 opposito,
1273 3460 1360 3527 ide't

149 3559 190 3624 ad
212 3559 337 3623 illorum
359 3558 651 3624 condemnationem
673 3577 737 3622 non
752 3558 919 3623 uidebatur
934 3559 1009 3624 mihi
1024 3562 1132 3625 statim
1148 3562 1360 3628 consentire

150 3663 183 3723 ct
205 3658 396 3740 specialiter,
426 3657 500 3739 qnia
527 3659 608 3722 ratio
632 3658 781 3740 ipsorum,
804 3677 887 3739 quae
910 3664 960 3724 est
981 3678 1043 3723 una
1065 3660 1255 3742 copulativa,
1278 3679 1360 3726 no]

148 3764 257 3840 potest
285 3757 457 3823 secundum
483 3758 655 3841 particulas
685 3776 759 3822 silas
788 3757 827 3822 dc
858 3760 1000 3841 quolibet
1020 3758 1161 3842 illorum,
1196 3766 1232 3828 ut
1253 3761 1360 3845 pn'u

149 3856 223 3939 dixi,
245 3854 412 3923 verificari.
