2992 5258
371 417 426 470 118.
448 416 559 472 Articuli
579 416 668 471 XXIII
685 417 751 471 cleri
769 418 839 486 Prag
866 424 959 473 conus
976 417 1124 472 Taboritas.
1284 421 1346 488 679

152 618 348 699 66666666,
374 619 427 702 qui
450 635 488 684 eo
510 619 581 731 ipso
603 620 731 701 sapiunt
764 619 967 685 simoniacam
988 619 1145 686 haeresim
1168 621 1217 687 vel
1239 622 1346 704 potius

153 719 230 787 cleri
250 720 425 799 avaritiam,
447 738 541 801 quam
564 719 714 801 jnramen
734 725 942 786 mortuorum

251 820 280 885 6.
302 820 342 885 It
356 818 487 887 Sancti
478 839 511 885 rn
525 819 661 887 ecclesia
681 819 897 904 triumphante
912 819 1087 888 existentes
1104 829 1239 905 possunt
1263 774 1344 888 6166-

153 920 195 986 66
216 918 257 986 ad
285 920 345 986 666
371 919 571 1004 dispositis
561 939 595 986 rn
623 926 709 986 terra
738 919 910 987 efficaciter
940 920 1117 1004 suflragari,
1148 928 1181 988 et
1202 922 1263 989 boc
1294 922 1345 988 vel

152 1021 394 1106 perorationes
416 1039 473 1088 seu
499 1021 755 1102 intercessiones,
783 1038 864 1103 quae
887 1026 961 1087 sunt
983 1021 1115 1089 allectus
1138 1042 1248 1090 eorum
1263 1024 1342 1089 cari-

152 1121 243 1189 tativi
258 1122 418 1205 pronobis
433 1122 473 1188 ad
495 1123 596 1203 derum,
619 1122 669 1187 vel
691 1121 761 1186 aliis
776 1121 878 1188 modis
900 1123 1088 1190 occurrendi
1110 1125 1230 1191 nostris
1249 1125 1340 1190 malis

154 1223 206 1289 uel
226 1223 260 1288 ln
280 1223 372 1290 bonis
394 1223 607 1306 promovendi.
637 1221 750 1289 Caveri
773 1228 879 1288 tamen
901 1240 1021 1291 summe
1044 1224 1140 1292 debet
1162 1225 1202 1290 ab
1224 1224 1341 1290 inordi-

152 1327 228 1389 nato
256 1323 344 1390 cultu
365 1323 563 1404 eorumdem,
593 1325 667 1406 quia
689 1323 810 1406 pu'mns
837 1330 871 1391 et
896 1325 1081 1407 potissimus
1110 1331 1276 1409 respectus
1302 1325 1343 1391 ad

152 1420 313 1490 Christum
335 1430 386 1491 est
416 1443 543 1508 semper
571 1423 752 1504 habendae,
785 1442 845 1493 nec
865 1426 979 1507 quovis
1001 1428 1094 1494 modo
1115 1425 1341 1493 distrahendus

152 1524 203 1590 uel
223 1524 452 1609 impediendus,
487 1525 535 1592 vel
556 1525 792 1607 quomodolibet
822 1525 996 1607 sopiendus
1027 1534 1083 1593 aut
1105 1526 1343 1611 relinquendus.

253 1650 335 1717 616
363 1651 464 1718 Nemo
485 1651 602 1718 audeat
630 1650 738 1717 dicere
758 1658 814 1716 ant
838 1655 958 1727 666666,
990 1652 1074 1734 quod
1101 1653 1134 1717 in
1155 1652 1242 1717 nullo
1269 1667 1345 1716 casn

152 1756 241 1817 esset
259 1751 448 1834 jnrandnm‚
470 1770 541 1818 oum
562 1751 707 1817 cbristus
729 1758 763 1818 et
783 1753 837 1818 alii
860 1752 962 1817 sancti
983 1753 1016 1818 in
1039 1753 1142 1818 causis
1163 1752 1271 1817 arduis
1294 1769 1345 1816 66·

151 1851 250 1917 ritate
271 1859 418 1918 movente
436 1853 638 1937 juraverunt:
665 1850 808 1918 sednon
826 1852 936 1934 jurare
958 1853 1084 1918 omnino
1107 1872 1146 1918 ex
1168 1852 1231 1918 levi
1252 1869 1289 1916 re
1311 1857 1345 1917 et
1393 1876 1396 1883 ·

151 1949 244 2030 facili,
277 1957 313 2018 ut
334 1971 392 2035 pro
413 1972 448 2019 re
470 1953 593 2019 modica
620 1952 809 2035 temporali,
843 1972 975 2035 quarum
997 1954 1080 2021 sicut
1104 1953 1224 2035 jndicia
1245 1954 1291 2018 ita
1311 1957 1344 2017 et

147 2050 332 2131 jnramenta
353 2061 426 2119 sunt
456 2053 633 2119 hominibus
655 2053 843 2136 periculosa,
874 2054 907 2118 in
930 2053 1044 2136 quibus
1065 2053 1180 2120 melius
1206 2058 1343 2118 estnon

147 2150 259 2232 jurare
281 2172 374 2235 quarn
392 2154 511 2236 jurare.
535 2153 635 2217 Nemo
657 2153 741 2218 enim
762 2152 870 2219 dicere
893 2160 1008 2235 potest,
1032 2153 1115 2236 quod
1127 2154 1342 2236 juramentum

151 2250 325 2316 secundum
346 2269 381 2317 se
403 2261 489 2319 esset
510 2252 662 2331 illicitum,
685 2270 756 2317 cum
777 2250 923 2317 Christus
941 2253 1099 2334 juraverit
1120 2259 1154 2316 et
1174 2252 1339 2333 apostolus

151 2349 333 2418 similiteret
346 2354 488 2434 angelus
511 2352 652 2433 quamvis
667 2368 760 2416 omne
779 2352 1002 2434 juramentum,
1026 2353 1108 2420 sicut
1131 2361 1164 2418 et
1183 2352 1344 2435 judicium,

151 2449 194 2515 sit
216 2450 396 2518 hominibus
418 2452 641 2535 periculosum.

216 2558 236 2599 ⁰
251 2581 280 2645 8.
302 2579 341 2643 It
364 2577 464 2645 Nemo
486 2578 601 2645 audeat
623 2578 730 2644 dicere
752 2585 786 2643 ct
807 2585 928 2657 tenere,
958 2579 1042 2661 quod
1074 2577 1207 2644 malefici
1228 2579 1343 2660 magni,

151 2678 179 2742 si
201 2676 296 2742 aliter
317 2679 426 2745 mitius
448 2698 506 2744 nec
527 2678 633 2745 induci
655 2685 791 2761 possunt
813 2698 871 2745 666
892 2681 1018 2761 corrigi,
1048 2679 1134 2744 licite
1163 2678 1343 2744 nullomodo

151 2783 286 2859 possunt
301 2778 362 2845 deo
383 2780 598 2845 auctorisante
621 2798 679 2861 per
699 2780 865 2845 brachium
878 2781 1023 2846 seculare
1045 2778 1205 2844 interdum
1227 2778 1343 2857 occidi;

150 2876 196 2943 ita
208 2884 324 2959 tamen,
346 2886 384 2946 nt
403 2879 593 2946 adsalutem
608 2879 760 2962 puniendi
783 2880 868 2944 salus
890 2882 1045 2946 communi
1069 2882 1152 2947 bono
1166 2898 1225 2963 pro
1247 2898 1341 2962 posse

150 2976 337 3045 intendatur
360 2987 394 3047 et
414 2980 454 3047 ad
476 2981 579 3061 legem
600 2979 651 3046 dei
674 2998 861 3046 causacum
883 2981 1056 3046 occidendo
1078 2979 1269 3047 conferatur.

251 3099 280 3163 9.
302 3098 341 3163 It.
363 3098 463 3165 Nemo
476 3098 591 3164 audeat
603 3097 718 3178 dicere,
731 3098 815 3182 quod
826 3097 975 3163 sacerdos
987 3115 1026 3162 eo
1039 3097 1117 3178 ipso,
1133 3096 1217 3178 quod
1231 3103 1342 3179 peccat

150 3194 331 3261 mortaliter
352 3196 478 3279 publice
500 3198 550 3262 vel
573 3197 706 3281 private,
736 3215 798 3263 non
821 3199 922 3280 possIt
944 3197 1004 3263 deo
1027 3198 1242 3263 auctorisante
1265 3196 1340 3278 bap·

151 3295 251 3361 tisare
282 3301 315 3362 et
343 3297 568 3362 eucharistiam
596 3315 784 3364 consecrare
814 3319 850 3364 ac
880 3298 942 3364 alia
970 3303 1168 3364 sacramenta
1196 3296 1343 3363 fidelibus

149 3395 343 3476 66666666,
358 3397 421 3462 nisi
442 3396 536 3462 alicui
557 3396 654 3464 luerit
669 3400 849 3483 oppositum
870 3399 963 3465 adeo
986 3398 1143 3464 veraciter
1159 3399 1342 3464 revelatum.

151 3495 308 3563 Sacerdos
335 3499 419 3564 enim
440 3517 556 3565 nomen
585 3506 636 3565 est
657 3499 761 3581 oflicii,
789 3519 852 3566 non
873 3499 989 3565 meriti.
1021 3500 1246 3564 Verumtamen
1261 3516 1343 3564 sem-

152 3614 211 3678 per
233 3598 306 3662 boni
329 3606 361 3664 et
384 3600 484 3666 sancti
507 3599 699 3679 sacerdotes
729 3603 756 3666 si
784 3601 916 3668 aculus
938 3601 1040 3681 adest,
1067 3608 1141 3666 sunt
1162 3602 1268 3682 potius
1291 3619 1340 3664 re-

153 3697 298 3778 quirendi
321 3705 355 3764 et
374 3698 445 3765 salsi
467 3701 651 3783 prophetae,
674 3706 711 3767 ut
732 3703 929 3783 erubescant,
952 3701 1125 3768 secundum
1147 3701 1343 3783 evangellum

150 3795 302 3879 fugiendi.

254 3919 301 3980 lo.
317 3917 355 3982 It
371 3915 471 3983 Nemo
493 3917 589 3984 debet
611 3923 666 3983 aut
687 3923 795 4000 potest
810 3917 1033 3983 eucharistiam
1055 3916 1219 3999 conficere,
1243 3935 1341 4001 qnan-

151 4020 346 4098 tumcunque
380 4023 508 4082 sanctus
537 4017 640 4090 luerit
676 4017 739 4083 uisi
779 4017 929 4084 sacerdos
960 4018 1082 4084 adhoc
1111 4018 1281 4103 deputatus
1310 4025 1343 4084 et

151 4116 328 4183 ordinatus.

253 4236 300 4301 ll.
322 4237 361 4302 It.
376 4237 410 4302 in
425 4236 623 4303 confessione
637 4236 806 4302 auriculari
821 4255 879 4318 pro
895 4237 1101 4319 poenitentia,
1123 4236 1151 4301 si
1163 4254 1215 4301 res
1231 4237 1339 4318 exigit,

147 4340 271 4423 jejunia
299 4338 477 4421 corporalia
509 4345 585 4403 sunt
613 4337 814 4420 imponenda,
850 4338 1016 4418 castigatio
1046 4337 1189 4420 corporis
1218 4344 1252 4403 et
1279 4337 1341 4403 alia

151 4460 251 4524 opera
271 4438 491 4518 satIsIaotoria,
513 4439 729 4517 utorationcs,
752 4437 950 4520 elemosynae
973 4444 1006 4502 ct
1016 4437 1174 4517 lacrimae,
1197 4445 1272 4503 sunt
1291 4438 1339 4503 in·

148 4537 325 4626 jungenda,
354 4544 481 4623 etpost
502 4539 562 4606 hoc
583 4557 694 4604 manns
716 4538 948 4604 rationabiliter
970 4537 1146 4621 poenitenti
1168 4544 1219 4617 est
1239 4539 1338 4620 impo-

149 4640 264 4713 nenda
293 4639 363 4709 Non
387 4640 469 4710 enim
491 4639 531 4709 ad
553 4638 779 4728 poeniteutiam
802 4656 928 4723 semper
949 4636 1067 4705 suflicit
1088 4644 1219 4730 peccata
1241 4638 1338 4715 relin-
