2992 5258
455 413 500 468 rx.
519 414 560 468 oe
579 415 616 470 m.
633 415 658 468 x.
677 416 735 470 uus
752 415 890 469 annaeum
907 414 951 469 ue
968 420 985 469 e
1001 415 1083 485 xanta.
1107 470 1111 477 ,
1296 404 1364 483 '295

275 614 365 678 Tunc
397 617 551 697 „sapone
582 617 752 696 limitavit,
784 617 893 683 dicens
932 618 1016 682 illam
1047 617 1259 683 obedientiam
1294 617 1363 683 fore

170 716 280 797 talem,
314 735 405 797 quam
430 717 613 783 sacerdotes
636 718 851 800 praecipiunt,
884 719 1053 799 aliquando
1076 719 1157 783 citra
1179 725 1213 781 et
1233 724 1363 797 practer

172 835 362 898 expressam
374 819 553 899 scripturae
564 819 787 883 auctoritatem
800 825 833 884 et
843 818 1123 900 coutralegemdei
1139 818 1363 883 exorbitantes.
1472 905 1474 910 .

271 970 320 1027 21.
337 965 452 1046 „Quod
466 953 749 1030 eucommnnicatna
765 989 786 1030 a
802 988 902 1049 papo,
925 968 1058 1031 obnaiaao
1077 967 1199 1049 jndicio
1218 987 1322 1049 pupae
1336 973 1364 1027 et

167 1065 294 1128 concilii
311 1063 479 1147 pennalis,
500 1068 530 1128 ai
550 1065 682 1149 appellet
696 1067 741 1129 od
754 1067 923 1154 Christum,
942 1075 1172 1149 praeservatur,
1193 1074 1228 1129 ut
1242 1085 1364 1129 exeom—
1389 1102 1393 1113 ·

168 1166 343 1228 metnieotio
365 1165 545 1250 bery'ermnodi
566 1188 627 1228 non
651 1166 773 1248 officiat
794 1169 881 1228 enm“
908 1167 957 1249 (ο0
981 1168 1075 1248 181.)

269 1266 335 1328 Isto
350 1268 517 1342 propositio
537 1286 598 1328 aon
619 1271 662 1327 est
682 1267 715 1327 in
737 1269 822 1339 labro,
852 1269 905 1328 sed
929 1271 958 1328 iu
974 1270 1077 1329 eodem
1099 1266 1170 1342 cap⁰
1192 1269 1362 1337 ostendens,

166 1368 260 1427 rrrnlta
280 1368 449 1441 gravamina
469 1368 526 1426 sibi
548 1374 578 1425 et
600 1368 660 1425 suis
683 1368 710 1424 in
734 1366 815 1424 curm
836 1367 919 1426 illata
940 1379 970 1429 et
984 1370 1161 1429 audientiam
1182 1371 1364 1442 denegatam,

166 1467 240 1527 dicit
262 1473 293 1527 et
314 1469 357 1527 sio
378 1466 496 1526 scribit:
520 1467 590 1527 curn
612 1482 683 1539 engo
706 1467 867 1538 appellatio
890 1468 927 1526 ab
942 1487 1000 1526 uuo
1015 1487 1093 1544 papa
1107 1471 1144 1529 ad
1160 1486 1364 1529 successorem

165 1585 251 1626 suum
281 1567 352 1627 mihi
380 1585 441 1625 non
468 1566 585 1639 profuit,
622 1574 653 1626 et
678 1583 695 1625 a
725 1583 802 1640 papa
829 1568 866 1626 ad
896 1570 1051 1629 concilium
1079 1556 1305 1643 appellare‘est
1333 1571 1363 1628 iu

167 1668 287 1740 longum
318 1673 348 1727 et
375 1669 517 1727 incertum
539 1669 676 1727 auxilium
697 1669 728 1727 in
749 1669 917 1742 gravamine
940 1670 1106 1741 postulare:
1128 1670 1195 1729 ideo
1218 1670 1255 1728 ad
1278 1674 1366 1742 caput

169 1768 315 1828 eeclesiae
344 1768 490 1827 dominum
512 1768 613 1827 lesum
636 1767 783 1827 Christum
811 1768 911 1827 ultimo
941 1770 1104 1850 appellaai3
1131 1772 1196 1845 ipse
1220 1771 1296 1829 eninr
1319 1777 1365 1829 est

168 1868 303 1940 quolibet
329 1885 406 1941 papa
433 1870 462 1926 in
491 1868 654 1927 decidendo
686 1886 803 1927 eausam
835 1870 1048 1940 praestantior,
1081 1888 1144 1930 eum
1176 1887 1233 1929 nou
1267 1876 1366 1942 potest

162 1984 276 2039 errare,
306 1986 360 2028 nec
391 1969 537 2042 denegare
562 1971 676 2041 petenti
697 1969 752 2026 rite
773 1969 926 2041 Justitiam,
949 1986 1005 2028 nec
1025 1976 1125 2042 potest
1146 1970 1289 2029 bominem
1311 1986 1365 2028 sua

163 2068 232 2142 lege
255 2071 410 2141 supposita
433 2069 500 2128 siue
524 2070 666 2128 demerito
689 2069 884 2127 condemnare
906 2086 941 2129 ac.
964 2071 993 2129 iu
1015 2071 1101 2130 libro.

268 2166 347 2229 Cum
368 2169 418 2229 bie
438 2167 595 2230 articulus
612 2167 728 2248 suisset
751 2165 854 2244 laetere,
879 2168 1030 2250 mapialer
1045 2168 1146 2230 dieat:
1167 2169 1236 2250 Ego
1251 2169 1364 2243 fatcor,

159 2284 216 2332 une
244 2267 286 2332 ed
309 2267 470 2333 Christum
500 2269 691 2350 appellasse,
719 2269 802 2333 sicut
830 2268 918 2351 prius
945 2269 1020 2349 dixi,
1042 2270 1161 2349 ultimo,
1185 2288 1254 2334 cnm
1277 2285 1365 2332 meos

156 2374 392 2448 procuratores
413 2368 453 2432 ad
467 2368 631 2433 biennium
647 2375 680 2433 et
695 2369 775 2433 citra
797 2368 838 2433 ad
861 2369 1054 2433 audientiam
1073 2388 1136 2435 uon
1158 2368 1365 2434 admiserunt.

158 2467 343 2533 Cardinalis
369 2467 608 2533 Cameracensis
631 2467 723 2533 dixit:
748 2468 791 2532 Et
811 2469 907 2533 vultis
930 2486 986 2533 vos
1009 2486 1080 2534 esse
1102 2487 1199 2551 super
1221 2476 1364 2533 sanetum

151 2566 307 2648 J'aulum,
332 2568 387 2649 qui
409 2568 441 2631 iu
463 2567 642 2633 Jerusalem
665 2587 735 2632 cum
757 2576 954 2648 grasaretur,
978 2587 1040 2633 non
1063 2568 1102 2634 ad
1125 2569 1285 2634 Christum
1308 2566 1365 2631 sed

164 2666 339 2733 Caesarem
372 2667 568 2749 appellavit?
603 2668 652 2731 Et
683 2669 835 2750 mopister
866 2669 965 2731 attuit:
999 2669 1100 2735 Valde
1136 2669 1234 2748 bene:
1272 2675 1304 2733 et
1336 2667 1365 2731 si

153 2767 268 2848 primo
297 2767 349 2832 hie
376 2785 457 2831 nurus
487 2766 570 2832 idem
599 2767 729 2847 iaceret,
761 2768 941 2834 haereticus
971 2775 1172 2847 censeretur:
1202 2776 1363 2835 ettamen

148 2867 196 2932 δ.
217 2867 336 2933 Paulus
364 2884 428 2931 nou
457 2874 537 2932 nutu
559 2869 698 2949 proprio,
725 2867 783 2934 sed
805 2868 845 2933 de
865 2868 1028 2934 voluntate
1051 2868 1169 2934 Christi
1193 2869 1362 2934 Caesarem

146 2967 354 3050 appellavit3
377 2967 714 3049 quieidemapparcns
737 2968 833 3034 dixit:
858 2967 1034 3049 ,Constans
1050 2976 1128 3047 esto,
1152 2969 1299 3050 qrmniam
1314 2968 1361 3032 irc

153 3074 198 3131 te
219 3067 350 3133 Romam
373 3070 518 3148 oportet“
546 3075 579 3132 et
601 3076 834 3149 consequenter
863 3069 1021 3151 repetivit.
1066 3068 1236 3133 Confessus
1262 3068 1361 3148 igitur

153 3168 430 3246 esthhdoannes,
454 3167 537 3247 quod
563 3168 596 3231 iu
617 3167 704 3234 finali
725 3169 907 3249 gravamine
929 3187 994 3233 uou
1018 3175 1068 3233 est
1081 3168 1360 3249 efficaciorappel·

149 3265 250 3345 latio,
273 3286 366 3349 quam
387 3266 428 3331 ad
443 3266 612 3332 Christum.
642 3268 684 3332 Et
712 3268 867 3333 reddebat
890 3286 1026 3347 causam,
1049 3286 1130 3348 qrrac
1152 3267 1242 3349 prius
1265 3267 1360 3331 etiam

155 3370 271 3450 posita
291 3375 350 3447 est,
373 3385 546 3433 resumens.
576 3368 619 3433 Et
640 3368 828 3434 deridebant
851 3386 939 3447 eum;
962 3378 995 3432 et
1011 3386 1082 3431 cum
1097 3367 1157 3433 sibi
1174 3367 1359 3449 objicerent,

161 3469 239 3550 quia
253 3468 426 3535 officiasset
442 3477 474 3534 et
490 3470 684 3535 celebrasset
699 3470 806 3535 divina
819 3470 852 3533 in
868 3469 1193 3534 excommunicatione
1208 3468 1359 3546 existens

159 3570 328 3635 coufessus
362 3577 427 3649 est,
462 3559 536 3651 quia
558 3572 685 3653 peregit
722 3572 836 3651 divina,
870 3570 927 3635 sed
960 3571 1018 3634 sub
1051 3568 1274 3652 appellatione.
1317 3567 1361 3632 Et

158 3671 389 3751 iuterrogatus
412 3690 455 3735 an
472 3671 637 3736 habuisset
651 3671 881 3736 absolutionem
903 3691 922 3735 a
944 3670 1046 3753 papa?
1074 3669 1260 3752 Respondit,
1276 3668 1360 3750 quod

166 3788 236 3835 uon.
279 3769 323 3834 Et
354 3770 509 3835 inclinans
541 3788 576 3834 se
610 3771 778 3835 cardinalis
801 3771 1027 3850 Florentiuus,¹
1048 3770 1123 3836 lecit
1145 3770 1205 3835 hoc
1238 3769 1358 3850 signari

168 3871 300 3950 notario,
323 3870 377 3952 qni
399 3869 531 3935 sedebat
550 3868 590 3934 ad
613 3869 711 3952 pedes
735 3870 811 3951 ejus,
835 3871 918 3936 sieut
940 3869 1034 3935 etde
1056 3870 1127 3935 aliis
1142 3869 1295 3948 articulis
1318 3868 1358 3931 dc

174 3970 282 4050 quibus
304 3970 366 4035 sibi
388 3969 563 4049 videbatur,
586 3969 730 4035 iaciebat.

264 4124 314 4181 22.
339 4118 401 4197 „Si
422 4121 513 4182 inemo
535 4129 579 4183 eet
601 4122 731 4182 uitiosus
752 4127 780 4181 et
801 4121 869 4201 opit
892 4120 1075 4200 quidquam,
1097 4120 1164 4200 opit
1187 4118 1308 4193 uilioee3
1328 4120 1358 4175 ct

174 4219 200 4278 ei
217 4226 261 4281 eat
275 4220 432 4280 eirlnoans
453 4221 560 4301 etrapit
582 4220 760 4299 paticipatam,
783 4227 856 4281 lenm
881 4220 948 4300 opit
972 4219 1132 4285 uir·tuose.“
1156 4216 1231 4299 (Can
1257 4220 1293 4279 19
1315 4214 1357 4289 d.)

261 4318 327 4383 Ista
349 4319 395 4383 sic
418 4326 483 4384 stat
504 4320 536 4382 iu
559 4320 649 4397 libro,
672 4327 769 4400 prout
789 4320 990 4383 articulatur:

260 4420 392 4482 Ulterius
413 4425 579 4492 notandum,
603 4424 679 4496 quod
702 4423 806 4481 divisio
829 4423 987 4482 immediata
1007 4423 1195 4480 hunrauorum
1234 4437 1356 4492 operum

173 4528 217 4589 est,
238 4522 315 4595 quod
336 4520 383 4579 vel
406 4528 474 4582 srrnt
495 4525 633 4593 virtuosa,
656 4524 702 4582 vel
724 4522 848 4594 vitiosa3
870 4529 963 4594 patet,
987 4523 1054 4594 quia
1076 4524 1102 4581 si
1122 4523 1208 4581 bonro
1232 4532 1278 4584 est
1298 4527 1356 4585 vir-

154 4624 264 4709 ⁸tuosus
286 4622 400 4696 etegit
421 4624 583 4697 quidquam,
606 4625 666 4697 agit
680 4624 826 4693 virtuese;
848 4630 879 4681 et
900 4623 925 4681 si
947 4629 994 4682 est
1015 4622 1136 4682 vitiosus
1153 4630 1182 4683 et
1196 4625 1258 4698 agit
1272 4627 1356 4698 quid·
