2992 5258
150 424 212 487 412
400 419 604 475 controversiae
622 418 656 473 de
674 418 804 486 religione
820 418 848 473 in
866 417 1012 474 Bobemie:
1030 418 1104 473 illu
1223 428 1227 436 ·

151 643 213 705 quc
247 631 378 705 regatur
409 625 442 689 in
479 625 608 706 specula
643 623 914 706 praeeminentiae
957 622 1125 689 constituit
1161 623 1338 707 pastoralis:

150 727 234 791 uude
253 726 364 790 itidem
379 728 562 791 immensam
585 726 773 807 sapientiam
795 725 904 790 volens
918 724 1116 790 Christicolis
1132 724 1342 792 effectualiter

150 825 328 906 ostendere,
345 827 502 906 Vestram,
519 844 537 891 ο
553 835 645 909 pater
661 827 852 906 beatissime,
868 827 930 909 ipsi
946 827 1101 892 ecclesiae
1116 826 1341 909 gubernandae

150 927 304 1009 praetulit
329 926 546 992 Sanctitatem.
590 927 801 1006 Quamobrem
836 928 937 1009 ipsam
974 926 1210 1009 gratulantibus
1246 927 1341 993 susci·

150 1028 276 1110 pientes
298 1028 419 1109 animia,
442 1028 544 1092 eidem
567 1045 625 1110 pro
648 1028 806 1110 primariis
822 1029 1030 1110 petitionibus
1045 1029 1209 1095 humiliter
1225 1028 1341 1112 suppli·

151 1146 266 1209 camus,
289 1135 445 1210 quatenus
459 1129 606 1210 benignis
628 1129 779 1194 inclinata
801 1127 976 1208 affectibus,
1000 1136 1144 1197 nostram
1159 1132 1342 1197 salutemet

150 1233 301 1295 bonorem
324 1249 363 1295 ex
385 1229 458 1295 fidei
481 1230 595 1296 merito
617 1231 804 1312 dignaretur
818 1231 990 1311 gratiosius
1005 1232 1183 1313 attendere,
1207 1237 1241 1298 et
1255 1248 1343 1315 prae

150 1335 273 1396 tensam
295 1316 486 1397 senteutiam
508 1330 548 1396 de
569 1331 785 1413 prohibitione
807 1331 1052 1413 praedicationis
1075 1333 1164 1399 verbi
1186 1332 1287 1399 divini
1308 1350 1342 1399 ac

150 1432 367 1497 combustione
382 1431 548 1512 librorum,
570 1450 651 1514 quae
673 1433 847 1498 moliuntur
868 1441 1010 1498 nostram
1031 1433 1167 1500 salutem
1189 1433 1343 1518 impedire

152 1538 185 1598 et
222 1534 375 1598 honorem
402 1533 598 1616 extinguere,
641 1534 728 1599 velut
761 1533 1014 1616 sapientissimus
1048 1542 1160 1618 pastor
1193 1542 1228 1603 et
1255 1541 1345 1619 pater

149 1633 396 1715 benignissimus
408 1635 537 1717 penitus
548 1634 722 1701 annullare.
739 1634 844 1701 Grave
856 1653 991 1717 namque
1002 1635 1094 1702 nobis
1106 1652 1187 1702 onus
1199 1634 1345 1702 infamiae

150 1733 251 1799 nostri
284 1734 399 1800 aemuli
431 1735 542 1802 volunt
575 1736 705 1819 injicere
739 1755 776 1802 ac
807 1736 905 1802 verbo
939 1736 1052 1803 salutis
1085 1744 1199 1803 contra
1227 1735 1344 1804 cnosi

150 1834 347 1916 evangelium
368 1853 427 1902 nos
449 1838 585 1920 privare.
628 1837 690 1904 Sed
709 1837 825 1903 Vestra
846 1838 905 1903 hoc
927 1855 991 1903 non
1012 1837 1160 1904 admittet
1181 1837 1236 1920 pia
1250 1836 1345 1904 Sanc·

150 1935 236 2016 titas,
270 1936 327 2002 sed
358 1938 430 2019 plus
463 1939 503 2003 de
537 1940 639 2005 salute
673 1944 706 2004 et
736 1940 857 2004 honore
885 1937 1019 2005 filiorum
1042 1937 1261 2004 obedientium
1290 1955 1346 2022 per

150 2036 358 2102 cassationem
387 2039 566 2104 sententiae
596 2038 788 2121 providebit.
832 2038 905 2104 Dat.
928 2039 1050 2121 Pragae
1078 2037 1130 2104 die
1161 2040 1202 2105 16
1230 2039 1345 2106 mensis

148 2132 353 2217 Septembris.

649 2239 767 2323 Sophia
788 2240 840 2306 dei
862 2242 966 2321 gratia
987 2241 1099 2323 regina
1119 2239 1304 2311 Bohcmiae.

406 2708 470 2772 ilex
492 2707 702 2775 Weuoealaua
724 2710 858 2793 collegio
880 2710 1094 2775 cardinalium.

349 2893 545 2959 Reverendis
567 2894 599 2959 in
622 2894 750 2960 Christo
772 2895 918 2979 patribus
940 2901 974 2961 et
994 2896 1140 2976 dominis,
1165 2895 1204 2961 D.
1221 2895 1346 2965 Oddoni

430 2994 471 3060 de
497 2993 659 3077 Columna,
690 2997 831 3062 Henrico
861 2997 1082 3079 Neapolitano,
1113 2998 1279 3081 Raynoldo
1310 2998 1348 3064 de

433 3095 610 3162 Brancatiis
632 3097 754 3179 totique
777 3098 920 3179 collegio,
937 3104 1160 3165 sacrosanctae
1188 3100 1347 3167 Romanae

434 3197 587 3263 ecclesiae
610 3198 834 3279 cardinalibus,
858 3199 967 3264 amicis
990 3199 1173 3265 carissimis.
1194 3244 1219 3277 -,

247 3349 394 3414 Paratum
416 3348 660 3414 benivolentiam
683 3349 889 3431 complacere.
922 3349 1022 3413 Rev¹¹¹¹
1041 3349 1073 3414 in
1087 3349 1216 3417 Christo
1239 3356 1348 3435 patres

150 3456 183 3515 et
204 3449 340 3514 dominil
382 3450 531 3516 Veridice
563 3451 774 3534 percepimus,
806 3452 943 3532 qualiter
972 3469 1067 3517 causa
1087 3454 1127 3518 de
1150 3452 1242 3519 libris
1266 3472 1346 3521 com·

148 3550 299 3616 burendis
336 3558 369 3616 et
404 3553 618 3634 prohibitione
654 3554 743 3619 verbi
780 3553 832 3618 dei
855 3553 915 3618 V¹¹⁸
944 3553 1044 3619 Pathm
1090 3554 1133 3620 sit
1169 3556 1343 3621 commissa.

148 3656 330 3737 Eapropter
358 3654 506 3720 Vestram
539 3656 704 3720 hortamur
725 3656 965 3735 Reverentiam,
999 3661 1157 3737 quatenus
1186 3656 1345 3739 justitiam

149 3757 228 3838 legis
260 3756 312 3821 dei
343 3755 546 3838 aspicientes,
587 3757 788 3835 sententiam,
822 3775 902 3837 quae
937 3758 1067 3823 verbum
1101 3756 1153 3823 dci
1183 3757 1216 3821 in
1250 3774 1348 3838 reguo

150 3865 260 3924 nostro
290 3857 393 3939 quoad
424 3856 561 3940 capellas
591 3858 720 3923 molitur
747 3857 952 3938 extinguere,
990 3864 1023 3923 et
1050 3856 1148 3922 libros
1177 3858 1211 3923 in
1244 3858 1348 3926 conlu-

153 3959 274 4025 sionem
304 3963 446 4023 nostram
473 3957 556 4038 ignis
583 3959 734 4040 voragine
765 3975 961 4039 consumere,
985 3957 1152 4024 annullare
1175 3960 1345 4040 gratiosius

150 4062 344 4142 dignaretur.
388 4060 444 4123 Vf·
477 4062 571 4125 Pattal
607 4078 771 4142 speramus
800 4065 943 4126 nostram
971 4059 1168 4142 petitionem,
1197 4062 1273 4142 quia
1300 4066 1347 4127 est

150 4178 298 4242 congrua,
334 4160 491 4240 exaudiet,
525 4160 616 4226 nobis
651 4168 685 4225 et
716 4178 816 4239 regno
848 4166 959 4225 nostro
990 4159 1162 4226 ostendens
1191 4161 1226 4226 in
1257 4160 1342 4228 lactis

150 4261 329 4345 hujusmodi
347 4261 606 4343 complacentiam
628 4262 829 4343 siugularcm.
860 4262 931 4326 Dat.
944 4262 1076 4342 Pragae,
1100 4260 1152 4325 die
1178 4265 1217 4326 12
1231 4261 1343 4329 mensis

152 4364 356 4447 Septembris,
380 4382 551 4446 regnorum
574 4370 756 4430 nostrorum
779 4382 861 4429 anno
883 4363 1053 4429 Bohcmiae
1069 4365 1119 4444 48,
1135 4363 1341 4431 Romanorum

153 4482 229 4531 vero
251 4468 301 4530 35.

351 4567 557 4632 wenceslaus
580 4565 631 4630 dei
653 4565 756 4648 gratia
767 4566 979 4632 Romanorum
1001 4583 1058 4631 rer
1073 4584 1173 4650 super
1185 4568 1338 4650 Augustus

434 4672 469 4732 et
488 4666 659 4734 Bohcmiae
681 4683 748 4732 ren.

651 4820 849 4832 m
