2992 5258
155 411 217 475 698
404 413 609 469 controversiae
626 411 660 467 de
676 411 807 481 religione
824 412 853 465 in
871 409 1016 465 Bobenia:
1035 408 1108 463 1418„

739 615 742 673 l
769 621 800 675 et
820 631 869 674 ros
891 613 1011 688 graudm
1036 613 1200 684 ventilatur,

156 615 219 686 ujus
242 630 313 675 vooc
335 614 498 675 attonitus(

740 678 743 785 i
770 716 872 775 salutis
895 713 1030 786 uocaei03

156 714 226 774 Cum
249 717 417 775 redoleseet
441 714 542 786 lilium,
605 768 609 775 .

156 831 211 886 per
231 816 351 890 virginis
374 813 463 874 filium

155 916 214 975 eris
236 915 347 983 honore
370 916 531 988 praeditus.

153 1014 270 1089 Rogana
292 1017 350 1076 duo
373 1022 491 1089 sceptra
514 1032 618 1090 magm

153 1117 236 1191 regni
259 1133 367 1191 quaeso
390 1117 462 1176 tolle
484 1117 589 1177 damna

154 1217 207 1276 sub
229 1221 279 1275 tuo
302 1218 451 1290 regimine,

154 1323 184 1376 et
204 1323 317 1376 attenta
338 1323 527 1390 pertractare,

152 1433 254 1489 pacem
277 1417 356 1477 clero
382 1416 543 1478 reformare

152 1518 326 1590 prudentum
348 1520 515 1579 euasimine.

153 1617 184 1678 Si
206 1624 284 1678 tuam
306 1634 439 1693 appones
461 1625 585 1679 mentem

153 1724 290 1791 qnantum
312 1725 398 1791 potes
420 1719 598 1793 diligentem,

152 1823 184 1876 ut
205 1814 291 1877 fidem
316 1815 441 1889 reficias,

153 1918 292 1992 quidquid
314 1918 396 1989 valis,
419 1917 575 1989 obtinebis,

151 2025 255 2090 terrae,
276 2027 387 2092 gentas,
410 2025 441 2078 et
461 2019 584 2079 babebis
645 2076 648 2081 .

152 2119 290 2179 nrammas
312 2121 473 2192 potentiaa;

152 2221 224 2279 deus
248 2221 323 2279 enim
345 2227 374 2279 te
395 2220 516 2294 juvabit,

152 2337 253 2379 omnes
276 2320 331 2380 tibi
353 2320 529 2395 subjugabit,

152 2423 200 2495 qui
223 2427 251 2481 te
274 2421 357 2493 prius
385 2420 525 2493 oderant;

152 2520 256 2579 samam
278 2521 384 2581 bonam
406 2523 559 2582 revocabis

150 2620 285 2680 infideles
308 2622 502 2694 conculcabis,

151 2723 199 2795 qui
221 2738 378 2794 perperam
400 2723 540 2783 vixerant

152 2823 234 2881 Adeo
257 2823 321 2882 laus
343 2838 447 2895 magua
467 2820 555 2883 datur

151 2922 205 2981 tibi
226 2939 279 2982 rex
301 2929 332 2982 ct
353 2924 514 2994 ordinatur,

151 3023 177 3082 si
198 3023 271 3082 velis
294 3023 461 3097 attendere;

150 3122 217 3181 dum
240 3139 301 3181 rem
324 3122 434 3184 Christi
459 3126 624 3197 placitabis,

149 3223 289 3282 unitatem
310 3222 493 3296 reformabis,

151 3323 215 3394 quis
230 3328 259 3382 te
280 3329 380 3395 potest
400 3325 541 3388 laedere?

768 831 828 874 non
850 815 943 885 tarda,
965 831 1019 873 rex
1044 829 1200 888 generose,

768 923 798 975 te
820 917 936 976 invocat
958 915 1090 975 studiosa

769 1017 883 1076 erroris
900 1015 1056 1086 discussio,

768 1124 800 1177 ut
820 1117 924 1191 vigiles
945 1117 976 1174 in
998 1115 1054 1175 bac
1074 1130 1175 1186 cansa,

651 1264 654 1271 .
767 1234 822 1278 nee
844 1216 952 1276 diutins
971 1219 1031 1290 jam
1057 1231 1158 1287 pausa,

768 1319 854 1378 deum
874 1324 907 1377 ut
928 1332 987 1377 non
1010 1308 1169 1388 provoe'ee3

768 1417 854 1477 fidem
876 1424 962 1489 potes
985 1416 1157 1491 reformare,

767 1534 870 1599 paoem
893 1518 972 1578 clero
999 1531 1188 1589 praeparare,

767 1620 879 1679 habens
903 1618 1009 1678 multos
1031 1616 1150 1678 milites.

768 1720 834 1779 Non
857 1719 941 1779 valeo
967 1717 1124 1790 explicere,

768 1838 823 1880 neo
845 1820 959 1880 calamo
981 1817 1158 1890 consignare

768 1918 858 1982 decus
881 1927 969 1997 tunm,
992 1917 1120 1989 domine,

768 2023 845 2096 quod
867 2021 999 2089 habebis,
1025 2016 1217 2088 erumpendo

768 2139 874 2195 pravos
897 2123 933 2180 de
956 2135 1047 2194 reguo
1070 2117 1198 2178 delendo

769 2224 870 2284 solerti
895 2220 1063 2290 libramine;

767 2325 815 2383 bic
835 2325 865 2383 in
888 2321 976 2383 terris
1000 2324 1156 2380 coronatos

767 2431 798 2484 et
817 2424 849 2482 in
871 2422 963 2482 coelis
986 2419 1159 2480 sublimatus

768 2525 826 2584 eris
849 2523 959 2596 absque
983 2519 1081 2581 dnbio.

767 2626 817 2685 Sic
838 2637 970 2696 apponas
992 2636 1095 2693 puram
1117 2626 1252 2689 mentem,

766 2733 799 2785 ut
819 2738 977 2796 componas
1000 2722 1115 2780 tristem
1135 2700 1253 2794 gentoni

766 2832 912 2887 errantem
933 2825 963 2883 in
985 2823 1080 2883 devio.
1203 2810 1209 2843 ⁴

766 2930 870 2998 Amen,
892 2928 995 2994 Amen,
1017 2936 1219 2995 personemus,

766 3029 870 3100 Amen,
891 3026 993 3093 Amen,
1022 3024 1197 3091 intonamus,

765 3129 876 3202 gratim
898 3125 1063 3185 reserentes

766 3228 821 3288 deo
843 3229 908 3286 vivo
930 3232 1017 3299 atque
1044 3239 1123 3290 vero,

767 3328 890 3388 coelesti
910 3325 1046 3385 terrestri
1071 3323 1166 3413 bero,

151 3423 237 3485 Certe
260 3425 365 3498 nullus,
387 3425 441 3485 sed
462 3426 577 3487 timebit

150 3539 263 3596 pauper
283 3531 314 3582 et
335 3524 415 3584 dives
437 3527 556 3597 pavebit

150 3633 228 3682 tuam
250 3624 468 3697 excellentiam,

150 3741 235 3798 reges
258 3725 359 3784 orbem
380 3726 518 3795 virtuose,

150 3825 259 3896 perdes
280 3842 386 3899 pravos
409 3826 550 3886 bellicose

150 3943 205 3998 per
225 3942 357 3998 magnum
381 3927 550 3999 potentiam.

151 4029 246 4087 Causa
268 4043 372 4103 magna
393 4027 520 4101 agitatum

740 3400 743 3525 Ι
766 3429 862 3499 ipsum
883 3426 1101 3494 benedicentes,

740 3532 743 3603 1
767 3529 816 3602 qui
837 3529 894 3587 hoc
911 3528 988 3599 juvit
1008 3541 1221 3594 consummare,

741 3608 744 3747 ἰ
768 3644 841 3700 opus
863 3627 951 3686 breve
973 3627 1132 3687 terminare

742 3760 744 3807 ς
768 3725 897 3790 fidelium
919 3727 957 3785 ad
981 3728 1121 3801 gloriam3

741 3818 744 3887 ἶ
768 3828 991 3903 proscribente
1021 3834 1178 3888 exorantes

742 3972 745 4061 ἱ
769 3937 883 3988 etcum
906 3945 941 3987 eo
968 3929 1189 4002 congaudentes

769 4028 929 4089 ascendant
949 4028 987 4088 ad
1011 4028 1145 4100 patriam.

741 4082 745 4115 l

660 4375 709 4403 ...υ
737 4336 812 4433 ἔβη
821 4380 842 4388 Α..
