2992 5258
323 446 356 498 v.
391 446 432 498 Do
449 446 486 500 Μ.
504 447 529 499 J.
548 447 608 500 llus
627 447 848 504 condemnatione
867 456 895 503 et
912 451 1053 520 supplicio.
1225 462 1287 521 323

80 644 255 712 fasciculos
269 646 426 728 lignorum
447 649 648 715 intermixtos
664 651 867 717 straminibus
885 653 1002 719 circum
1025 672 1150 737 quaque
1166 674 1280 738 corpus

80 745 189 827 ipsius
217 749 265 813 sic
297 750 412 815 stantis
445 756 663 833 apposuerunt
694 752 856 834 usquead
888 759 1027 818 mentum
1056 755 1217 836 ejusdem;
1241 757 1281 823 de

77 845 183 926 lignis
204 855 312 914 autem
333 850 462 916 fuerunt
484 851 566 916 duae
587 852 689 932 bigae,
716 852 795 917 alias
818 872 980 920 carrucae.

188 948 365 1032 Antequam
404 969 479 1017 vero
518 951 779 1021 succenderetur.
815 955 902 1019 venit
932 954 973 1019 ad
1006 975 1077 1020 eum
1111 957 1285 1022 marsalcus

70 1045 213 1127 imperii
239 1049 353 1132 Happe
383 1051 422 1116 de
448 1052 651 1135 Poppenhcm
684 1059 809 1118 etcum
836 1071 874 1118 eo
897 1051 980 1119 filius
1002 1055 1159 1136 quondam
1183 1056 1284 1137 Olem,

70 1153 121 1210 art
144 1147 325 1232 dicebatur,
347 1151 451 1234 ipsum
472 1153 686 1234 adhortantes,
710 1161 746 1219 ut
767 1153 869 1219 adhuc
892 1154 986 1220 vitam
1009 1163 1179 1221 conservet
1194 1158 1280 1222 inco·

58 1247 212 1328 lumem,
228 1259 262 1316 et
276 1259 312 1318 ut
328 1254 511 1334 praedicata
526 1255 599 1320 olim
612 1274 669 1336 per
684 1272 718 1318 se
735 1260 768 1320 et
783 1256 868 1321 dicta
881 1273 939 1320 sua
953 1256 1079 1337 abjuret
1094 1264 1128 1322 et
1144 1264 1283 1329 revocet.

58 1346 146 1423 (lui
169 1351 201 1414 in
223 1353 347 1418 coelum
369 1356 552 1438 respiciens,
575 1356 640 1421 alta
655 1373 732 1421 voce
755 1356 933 1438 respoudit:
958 1356 1045 1422 Deus
1069 1357 1156 1435 milri,
1170 1359 1283 1441 inquit,

56 1452 179 1516 testis
202 1459 260 1534 est,
284 1455 367 1536 quod
389 1474 436 1536 ca,
459 1473 539 1536 quae
555 1455 633 1521 false
654 1457 729 1521 mibi
752 1457 965 1536 ascribuntur,
987 1476 1046 1539 per
1068 1458 1167 1524 salsos
1182 1465 1283 1524 testes

51 1551 161 1619 1nibi
184 1554 341 1638 imposita
365 1575 532 1638 numquam
557 1556 649 1622 docui
676 1576 734 1622 nee
756 1558 947 1640 praedicavi,
971 1559 1029 1624 sed
1055 1558 1094 1623 de
1117 1560 1283 1641 principali

46 1656 262 1727 intentione
280 1675 369 1722 meae
384 1657 630 1739 praedicationis
646 1664 679 1722 et
693 1659 831 1722 omnium
846 1659 979 1724 aliorum
994 1678 1135 1724 meorum
1155 1667 1282 1747 actuum

49 1755 137 1821 vel
162 1757 352 1840 scriptorum
383 1757 523 1838 exstitit,
560 1764 595 1822 ut
622 1758 722 1823 solum
744 1757 886 1823 homines
916 1759 1081 1824 retrahere
1110 1778 1235 1842 possem
1264 1781 1283 1826 a

47 1858 238 1945 passsam
272 1859 303 1922 in
326 1878 364 1923 ea
386 1875 462 1923 vero
491 1858 647 1942 evangelii
670 1859 821 1936 veritate,
855 1878 947 1939 quam
970 1861 1099 1942 scripsi,
1135 1861 1227 1926 docui
1250 1868 1283 1927 et

51 1957 264 2045 praedicavi
287 1978 326 2024 ex
338 1959 431 2025 dictis
455 1967 488 2024 et
511 1979 549 2024 ex
572 1958 782 2041 positionibus
798 1966 979 2024 sauctorum
1002 1960 1166 2026 doctorum
1182 1961 1278 2027 bodie

51 2061 241 2126 laetanter
262 2061 333 2125 volo
355 2061 444 2125 mori.
471 2060 512 2125 Et
533 2060 593 2125 hoc
615 2059 739 2132 audito,
767 2060 873 2124 statim
896 2059 1000 2126 dictus
1023 2062 1195 2127 marsalcus
1217 2081 1280 2128 una

58 2175 156 2224 cum
176 2157 240 2225 filio
263 2159 350 2226 Olem
372 2162 591 2226 concutientes
614 2178 725 2225 manus
749 2161 982 2233 abscesserunt.

183 2260 284 2339 Quem
305 2279 377 2326 mox
392 2261 521 2327 lictores
537 2261 778 2339 succenderunt,
802 2268 835 2325 et
856 2262 1009 2341 magister
1030 2280 1102 2330 mox
1124 2264 1278 2331 altavocc

67 2362 222 2427 cantavit
248 2362 365 2444 primo:
400 2362 545 2437 „Christe
567 2361 610 2428 fili
635 2361 686 2426 dei
708 2362 770 2426 vivi
792 2362 944 2427 miserere
966 2362 1090 2441 nobis;“
1118 2364 1277 2444 secundo:
1346 2436 1349 2441 ,

75 2456 229 2535 „canate
251 2460 297 2531 iili
317 2462 369 2528 dci
391 2464 453 2528 vivi
468 2464 620 2529 miserere
643 2463 742 2541 mei“;
765 2463 861 2529 tertio
878 2480 954 2528 vero
970 2480 1039 2528 cum
1056 2472 1184 2530 cantare
1202 2484 1274 2531 coe-

74 2560 196 2637 pisset:
235 2563 315 2645 ,Qui
336 2572 432 2630 natus
455 2583 489 2629 es
512 2585 551 2629 cx
572 2564 675 2628 Maria
689 2564 845 2644 virgine:“
880 2581 952 2628 mox
983 2570 1096 2629 ventus
1119 2564 1273 2633 flammam

79 2658 148 2725 sibi
166 2665 333 2731 commovit
353 2665 387 2730 in
408 2665 534 2744 faciem,
564 2664 664 2730 etsie
687 2665 718 2728 in
741 2683 776 2729 se
798 2665 867 2746 ipso
890 2682 1000 2744 crana,
1031 2665 1122 2730 labiis
1146 2685 1276 2733 movens

86 2763 127 2820 et
144 2765 258 2846 capite,
281 2766 455 2848 exspiravit
475 2765 508 2829 iu
531 2765 667 2830 domino.
687 2763 724 2827 Iu
747 2771 890 2847 tempore
913 2783 988 2829 vero
1011 2766 1131 2831 silentii
1157 2769 1276 2833 moveri

86 2854 261 2945 videbatur,
285 2871 455 2947 antequam
477 2865 667 2947 exspiravit,
693 2863 733 2928 ad
757 2869 879 2929 tautum
895 2872 1029 2949 tempus,
1052 2885 1113 2949 quo
1135 2868 1198 2932 cite
1213 2866 1275 2934 dici

87 2964 290 3030 nomentano
312 2965 364 3030 vel
379 2967 512 3031 maxime
535 2965 597 3030 tria
615 2966 728 3044 „Pater
750 2971 888 3029 noster.“

180 3063 257 3130 (lum
290 3084 366 3132 vero
400 3067 486 3147 ligna
519 3065 674 3130 dictorum
706 3063 928 3129 fasciculorum
962 3073 995 3130 et
1022 3066 1140 3131 lirnium
1163 3074 1275 3133 exusta
1384 3156 1389 3163 .

86 3149 228 3246 fument,
251 3172 285 3231 et
306 3166 408 3231 adhuc
429 3166 522 3248 gleba
543 3165 687 3247 corporis
714 3169 816 3229 staret
837 3165 870 3229 iu
893 3164 977 3231 dieta
999 3173 1111 3231 catena
1126 3167 1270 3248 pendeus

84 3267 142 3330 Pir
161 3267 291 3348 collum,
325 3285 397 3331 mox
424 3267 553 3333 lictores
581 3266 696 3331 dictam
717 3264 841 3347 glebam
863 3284 926 3329 una
948 3285 1017 3330 cum
1040 3272 1146 3331 statua
1169 3274 1273 3331 truse-

83 3366 156 3431 runt
177 3369 354 3448 interram,
376 3374 409 3433 et
430 3368 557 3447 ignibus
573 3367 706 3448 amplius
735 3371 768 3431 et
790 3367 886 3431 tertia
906 3367 980 3446 biga
1002 3365 1041 3430 de
1063 3367 1157 3448 lignis
1172 3368 1272 3433 auctis

80 3465 256 3561 &mebant
270 3475 304 3534 et
319 3469 551 3534 circumeuntes
564 3467 700 3532 fustibus
717 3485 790 3532 ossa
812 3466 1044 3546 concutiebant,
1067 3474 1102 3533 ut
1124 3486 1162 3532 eo
1178 3468 1271 3534 citius

76 3564 344 3636 lllcinerarentur.
367 3569 409 3635 Et
423 3570 552 3634 invento
576 3569 689 3650 capite,
711 3568 789 3634 illud
801 3567 885 3633 iuste
907 3567 1085 3633 diviserunt
1107 3569 1138 3632 iu
1151 3576 1269 3651 partes,

74 3662 113 3758 Ῡῑ
131 3665 249 3738 iterum
277 3670 437 3752 inignem
459 3670 672 3751 projecerunt.
701 3669 834 3734 Invento
858 3685 932 3733 vero
955 3667 1050 3732 corde
1072 3669 1173 3750 ipsius
1188 3670 1273 3735 inter

70 3764 244 3852 mtestina,
274 3771 353 3836 illud
374 3770 490 3836 fustem
514 3776 705 3835 exacuentes
728 3770 870 3834 adinstar
891 3769 994 3835 veruti
1016 3767 1069 3832 fini
1092 3769 1270 3849 infixerunt,

68 3858 110 3920 Εἴ
137 3872 322 3954 specialiter
348 3876 495 3937 assantes
524 3876 557 3935 et
588 3877 826 3935 concremantes
853 3870 955 3934 contis
978 3869 1215 3950 percutiebant,
1238 3878 1271 3936 et

66 3942 214 4039 finaliter
244 3977 344 4038 totam
376 3990 511 4037 massam
538 3970 733 4052 praedictam
762 3969 987 4034 incinerantes.
1009 3968 1052 4032 Et
1073 3970 1210 4033 tunicam
1232 3989 1271 4034 ex

65 4060 403 4138 mandamentorum
426 4071 512 4136 clem
540 4078 573 4135 et
598 4069 803 4135 marsaleonis
825 4069 954 4134 lictores
974 4070 1121 4150 jecerunt
1136 4088 1269 4133 unacum

68 4160 271 4238 immanibus
300 4172 468 4252 inignem,
493 4171 645 4247 diceutes,
669 4188 709 4234 ue
728 4169 860 4233 Bohemi
881 4169 959 4233 illud
981 4186 1038 4250 pro
1061 4168 1269 4249 reliquiisha·

69 4243 183 4351 bl{attat
204 4278 237 4338 et
251 4289 310 4337 nos
326 4272 469 4336 dabimus
491 4271 548 4335 tibi
565 4271 701 4352 pretium
717 4274 804 4333 tuum
819 4288 877 4350 pro
899 4270 971 4348 illo;
1000 4269 1053 4350 qui
1069 4276 1102 4333 et
1115 4268 1268 4333 iecerunt.

72 4342 123 4458 Εἰ
142 4372 187 4437 sic
206 4391 341 4438 unacum
355 4372 487 4452 singulis
510 4370 603 4435 dictis
619 4370 766 4435 titionum
794 4369 952 4435 cineribus
975 4369 1097 4433 cuidam
1120 4387 1269 4434 carrucae

10 4488 12 4493 ·
76 4464 284 4554 moerentes,
296 4472 337 4538 ad
348 4472 448 4537 Rheni
461 4471 576 4535 flumen
591 4471 727 4536 vicinum
739 4470 857 4535 ibidem
870 4468 1039 4534 dimersum
1055 4470 1267 4550 projecerunt.

180 4572 266 4640 Hauc
280 4581 387 4640 autem
402 4573 583 4655 praeclarae
599 4571 631 4635 in
654 4570 791 4636 decursu
813 4589 939 4652 quoque
961 4570 1113 4652 temporis
1129 4571 1268 4636 vivacius

91 4668 265 4740 recolendae
287 4674 459 4740 memoriae
481 4673 591 4738 mortis
623 4678 656 4737 et
684 4673 816 4753 agoniae
847 4673 962 4737 seriem
987 4671 1096 4752 inclyti
1125 4671 1267 4752 magistri

1069 4789 1117 4840 21*
