<?xml version="1.0" encoding="UTF-8"?>
<!DOCTYPE html PUBLIC "-//W3C//DTD XHTML 1.0 Transitional//EN"
    "http://www.w3.org/TR/xhtml1/DTD/xhtml1-transitional.dtd">
<html xmlns="http://www.w3.org/1999/xhtml" xml:lang="en" lang="en">
 <head>
  <title>
</title>
<meta http-equiv="Content-Type" content="text/html;charset=utf-8" />
  <meta name='ocr-system' content='tesseract 3.04.00' />
  <meta name='ocr-capabilities' content='ocr_page ocr_carea ocr_par ocr_line ocrx_word'/>
</head>
<body>
  <div class='ocr_page' id='page_1' title='image "./documentamagjoa00palagoog_0501.png"; bbox 0 0 2992 5258; ppageno 0'>
   <div class='ocr_carea' id='block_1_1' title="bbox 155 411 1111 483">
    <p class='ocr_par' dir='ltr' id='par_1_1' title="bbox 155 411 1111 483">
     <span class='ocr_line' id='line_1_1' title="bbox 155 411 1111 483; baseline -0.002 -14"><span class='ocrx_word' id='word_1_1' title='bbox 155 420 218 483; x_wconf 77' lang='lat'>480</span> <span class='ocrx_word' id='word_1_2' title='bbox 403 413 608 469; x_wconf 81' lang='lat' dir='ltr'>Controversiae</span> <span class='ocrx_word' id='word_1_3' title='bbox 627 411 661 466; x_wconf 85' lang='lat' dir='ltr'>de</span> <span class='ocrx_word' id='word_1_4' title='bbox 678 411 810 479; x_wconf 78' lang='lat' dir='ltr'>religione</span> <span class='ocrx_word' id='word_1_5' title='bbox 826 413 853 466; x_wconf 91' lang='lat' dir='ltr'>in</span> <span class='ocrx_word' id='word_1_6' title='bbox 872 411 1018 466; x_wconf 72' lang='lat' dir='ltr'>muana:</span> <span class='ocrx_word' id='word_1_7' title='bbox 1037 414 1111 467; x_wconf 64' lang='lat' dir='ltr'>illa</span> 
     </span>
    </p>
   </div>
   <div class='ocr_carea' id='block_1_2' title="bbox 154 616 1357 1306">
    <p class='ocr_par' dir='ltr' id='par_1_2' title="bbox 154 616 1357 1306">
     <span class='ocr_line' id='line_1_2' title="bbox 156 616 1354 701; baseline 0.001 -19"><span class='ocrx_word' id='word_1_8' title='bbox 156 619 214 683; x_wconf 88' lang='lat' dir='ltr'>sub</span> <span class='ocrx_word' id='word_1_9' title='bbox 240 618 352 701; x_wconf 91' lang='lat' dir='ltr'>poenis</span> <span class='ocrx_word' id='word_1_10' title='bbox 379 617 552 699; x_wconf 89' lang='lat' dir='ltr'>praedictis</span> <span class='ocrx_word' id='word_1_11' title='bbox 579 617 683 682; x_wconf 92' lang='lat' dir='ltr'>nullus</span> <span class='ocrx_word' id='word_1_12' title='bbox 713 616 828 681; x_wconf 90' lang='lat' dir='ltr'>audeat</span> <span class='ocrx_word' id='word_1_13' title='bbox 856 616 950 683; x_wconf 90' lang='lat' dir='ltr'>alicui</span> <span class='ocrx_word' id='word_1_14' title='bbox 980 634 1090 683; x_wconf 90' lang='lat' dir='ltr'>eorum</span> <span class='ocrx_word' id='word_1_15' title='bbox 1117 617 1354 698; x_wconf 71' lang='lat' dir='ltr'>contravenire,</span> 
     </span>
     <span class='ocr_line' id='line_1_3' title="bbox 156 717 1281 798; baseline -0.003 -14"><span class='ocrx_word' id='word_1_16' title='bbox 156 720 349 784; x_wconf 88' lang='lat' dir='ltr'>contrarium</span> <span class='ocrx_word' id='word_1_17' title='bbox 373 737 481 783; x_wconf 77' lang='lat' dir='ltr'>eorunm</span> <span class='ocrx_word' id='word_1_18' title='bbox 505 717 650 796; x_wconf 77' lang='lat' dir='ltr'>tenendo,</span> <span class='ocrx_word' id='word_1_19' title='bbox 674 717 846 782; x_wconf 88' lang='lat' dir='ltr'>asserendo</span> <span class='ocrx_word' id='word_1_20' title='bbox 870 724 903 783; x_wconf 88' lang='lat' dir='ltr'>et</span> <span class='ocrx_word' id='word_1_21' title='bbox 924 717 1001 783; x_wconf 90' lang='lat' dir='ltr'>alias</span> <span class='ocrx_word' id='word_1_22' title='bbox 1025 717 1281 798; x_wconf 64' lang='lat' dir='ltr'>dogmatizando.</span> 
     </span>
     <span class='ocr_line' id='line_1_4' title="bbox 256 817 1356 902; baseline 0.002 -18"><span class='ocrx_word' id='word_1_23' title='bbox 256 819 390 884; x_wconf 90' lang='lat' dir='ltr'>Demum</span> <span class='ocrx_word' id='word_1_24' title='bbox 412 819 486 900; x_wconf 88' lang='lat' dir='ltr'>quia</span> <span class='ocrx_word' id='word_1_25' title='bbox 507 836 677 902; x_wconf 85' lang='lat' dir='ltr'>processus</span> <span class='ocrx_word' id='word_1_26' title='bbox 700 818 745 882; x_wconf 91' lang='lat' dir='ltr'>illi</span> <span class='ocrx_word' id='word_1_27' title='bbox 767 823 880 883; x_wconf 90' lang='lat' dir='ltr'>contra</span> <span class='ocrx_word' id='word_1_28' title='bbox 902 817 944 882; x_wconf 89' lang='lat' dir='ltr'>M.</span> <span class='ocrx_word' id='word_1_29' title='bbox 964 819 1121 884; x_wconf 81' lang='lat' dir='ltr'>loannem</span> <span class='ocrx_word' id='word_1_30' title='bbox 1142 820 1213 886; x_wconf 82' lang='lat' dir='ltr'>Huc</span> <span class='ocrx_word' id='word_1_31' title='bbox 1234 819 1276 886; x_wconf 89' lang='lat' dir='ltr'>de</span> <span class='ocrx_word' id='word_1_32' title='bbox 1300 838 1356 886; x_wconf 84' lang='lat' dir='ltr'>vo·</span> 
     </span>
     <span class='ocr_line' id='line_1_5' title="bbox 155 917 1357 1002; baseline 0.002 -18"><span class='ocrx_word' id='word_1_33' title='bbox 155 922 277 986; x_wconf 88' lang='lat' dir='ltr'>luntate</span> <span class='ocrx_word' id='word_1_34' title='bbox 299 920 337 984; x_wconf 88' lang='lat' dir='ltr'>D.</span> <span class='ocrx_word' id='word_1_35' title='bbox 360 920 456 999; x_wconf 87' lang='lat' dir='ltr'>Regis</span> <span class='ocrx_word' id='word_1_36' title='bbox 479 939 537 1001; x_wconf 88' lang='lat' dir='ltr'>per</span> <span class='ocrx_word' id='word_1_37' title='bbox 560 918 597 983; x_wconf 89' lang='lat' dir='ltr'>D.</span> <span class='ocrx_word' id='word_1_38' title='bbox 620 917 800 985; x_wconf 84' lang='lat' dir='ltr'>conradum</span> <span class='ocrx_word' id='word_1_39' title='bbox 822 919 1006 999; x_wconf 86' lang='lat' dir='ltr'>episcopum</span> <span class='ocrx_word' id='word_1_40' title='bbox 1021 919 1274 999; x_wconf 76' lang='lat' dir='ltr'>olomucensem,</span> <span class='ocrx_word' id='word_1_41' title='bbox 1299 940 1357 1002; x_wconf 85' lang='lat' dir='ltr'>ge·</span> 
     </span>
     <span class='ocr_line' id='line_1_6' title="bbox 154 1018 1357 1104; baseline 0.002 -19"><span class='ocrx_word' id='word_1_42' title='bbox 154 1022 296 1087; x_wconf 81' lang='lat' dir='ltr'>noralem</span> <span class='ocrx_word' id='word_1_43' title='bbox 317 1019 607 1086; x_wconf 80' lang='lat' dir='ltr'>administratorem</span> <span class='ocrx_word' id='word_1_44' title='bbox 630 1018 785 1083; x_wconf 83' lang='lat' dir='ltr'>ecclesiae</span> <span class='ocrx_word' id='word_1_45' title='bbox 802 1019 980 1100; x_wconf 81' lang='lat' dir='ltr'>Pragensis,</span> <span class='ocrx_word' id='word_1_46' title='bbox 1006 1038 1065 1102; x_wconf 87' lang='lat' dir='ltr'>per</span> <span class='ocrx_word' id='word_1_47' title='bbox 1087 1020 1262 1104; x_wconf 92' lang='lat' dir='ltr'>capitulum</span> <span class='ocrx_word' id='word_1_48' title='bbox 1275 1023 1357 1089; x_wconf 90' lang='lat' dir='ltr'>Pra-</span> 
     </span>
     <span class='ocr_line' id='line_1_7' title="bbox 154 1119 1357 1206; baseline 0.002 -20"><span class='ocrx_word' id='word_1_49' title='bbox 154 1140 254 1204; x_wconf 85' lang='lat' dir='ltr'>gense</span> <span class='ocrx_word' id='word_1_50' title='bbox 284 1129 317 1186; x_wconf 89' lang='lat' dir='ltr'>ct</span> <span class='ocrx_word' id='word_1_51' title='bbox 346 1139 405 1204; x_wconf 88' lang='lat' dir='ltr'>per</span> <span class='ocrx_word' id='word_1_52' title='bbox 433 1119 688 1185; x_wconf 69' lang='lat' dir='ltr'>communitatem</span> <span class='ocrx_word' id='word_1_53' title='bbox 715 1119 793 1185; x_wconf 89' lang='lat' dir='ltr'>cleri</span> <span class='ocrx_word' id='word_1_54' title='bbox 822 1119 853 1182; x_wconf 90' lang='lat' dir='ltr'>in</span> <span class='ocrx_word' id='word_1_55' title='bbox 884 1119 987 1199; x_wconf 88' lang='lat' dir='ltr'>Praga</span> <span class='ocrx_word' id='word_1_56' title='bbox 1008 1128 1083 1186; x_wconf 89' lang='lat' dir='ltr'>sunt</span> <span class='ocrx_word' id='word_1_57' title='bbox 1104 1123 1229 1206; x_wconf 87' lang='lat' dir='ltr'>recepti</span> <span class='ocrx_word' id='word_1_58' title='bbox 1251 1131 1286 1190; x_wconf 87' lang='lat' dir='ltr'>el</span> <span class='ocrx_word' id='word_1_59' title='bbox 1308 1123 1357 1189; x_wconf 82' lang='lat' dir='ltr'>eis</span> 
     </span>
     <span class='ocr_line' id='line_1_8' title="bbox 155 1221 1357 1306; baseline 0.002 -18"><span class='ocrx_word' id='word_1_60' title='bbox 155 1229 347 1304; x_wconf 87' lang='lat' dir='ltr'>paruerunt:</span> <span class='ocrx_word' id='word_1_61' title='bbox 377 1221 475 1304; x_wconf 88' lang='lat' dir='ltr'>igitur</span> <span class='ocrx_word' id='word_1_62' title='bbox 506 1223 552 1286; x_wconf 89' lang='lat' dir='ltr'>eis</span> <span class='ocrx_word' id='word_1_63' title='bbox 582 1221 793 1287; x_wconf 88' lang='lat' dir='ltr'>obediendum</span> <span class='ocrx_word' id='word_1_64' title='bbox 823 1228 856 1286; x_wconf 89' lang='lat' dir='ltr'>et</span> <span class='ocrx_word' id='word_1_65' title='bbox 878 1221 1054 1302; x_wconf 88' lang='lat' dir='ltr'>parendum</span> <span class='ocrx_word' id='word_1_66' title='bbox 1077 1229 1136 1303; x_wconf 82' lang='lat' dir='ltr'>est,</span> <span class='ocrx_word' id='word_1_67' title='bbox 1160 1225 1357 1306; x_wconf 85' lang='lat' dir='ltr'>praesertim</span> 
     </span>
    </p>
   </div>
   <div class='ocr_carea' id='block_1_3' title="bbox 39 1322 1356 1407">
    <p class='ocr_par' dir='ltr' id='par_1_3' title="bbox 39 1322 1356 1407">
     <span class='ocr_line' id='line_1_9' title="bbox 39 1322 1356 1407; baseline 0.003 -19"><span class='ocrx_word' id='word_1_68' title='bbox 39 1324 43 1341; x_wconf 91' lang='lat'>&#39;</span> <span class='ocrx_word' id='word_1_69' title='bbox 156 1342 226 1389; x_wconf 89' lang='lat' dir='ltr'>cum</span> <span class='ocrx_word' id='word_1_70' title='bbox 249 1324 291 1387; x_wconf 89' lang='lat' dir='ltr'>ibi</span> <span class='ocrx_word' id='word_1_71' title='bbox 314 1341 376 1387; x_wconf 90' lang='lat' dir='ltr'>non</span> <span class='ocrx_word' id='word_1_72' title='bbox 400 1323 607 1404; x_wconf 89' lang='lat' dir='ltr'>prohibeatur</span> <span class='ocrx_word' id='word_1_73' title='bbox 628 1341 742 1405; x_wconf 92' lang='lat' dir='ltr'>purum</span> <span class='ocrx_word' id='word_1_74' title='bbox 766 1322 881 1388; x_wconf 90' lang='lat' dir='ltr'>bouum</span> <span class='ocrx_word' id='word_1_75' title='bbox 896 1322 1032 1404; x_wconf 85' lang='lat' dir='ltr'>aliquod,</span> <span class='ocrx_word' id='word_1_76' title='bbox 1055 1341 1114 1388; x_wconf 87' lang='lat' dir='ltr'>nec</span> <span class='ocrx_word' id='word_1_77' title='bbox 1133 1324 1356 1407; x_wconf 81' lang='lat' dir='ltr'>praecipietur</span> 
     </span>
    </p>
   </div>
   <div class='ocr_carea' id='block_1_4' title="bbox 97 1423 1372 3202">
    <p class='ocr_par' dir='ltr' id='par_1_4' title="bbox 97 1423 1372 2414">
     <span class='ocr_line' id='line_1_10' title="bbox 156 1423 1357 1506; baseline 0.002 -17"><span class='ocrx_word' id='word_1_78' title='bbox 156 1442 270 1506; x_wconf 88' lang='lat' dir='ltr'>purum</span> <span class='ocrx_word' id='word_1_79' title='bbox 298 1423 425 1503; x_wconf 87' lang='lat' dir='ltr'>aliquod</span> <span class='ocrx_word' id='word_1_80' title='bbox 454 1423 578 1503; x_wconf 71' lang='lat' dir='ltr'>malrum,</span> <span class='ocrx_word' id='word_1_81' title='bbox 609 1423 665 1489; x_wconf 93' lang='lat' dir='ltr'>sed</span> <span class='ocrx_word' id='word_1_82' title='bbox 687 1423 860 1488; x_wconf 89' lang='lat' dir='ltr'>secundum</span> <span class='ocrx_word' id='word_1_83' title='bbox 881 1424 988 1488; x_wconf 90' lang='lat' dir='ltr'>stilum</span> <span class='ocrx_word' id='word_1_84' title='bbox 1011 1424 1165 1491; x_wconf 86' lang='lat' dir='ltr'>ecclesiae</span> <span class='ocrx_word' id='word_1_85' title='bbox 1186 1430 1222 1491; x_wconf 86' lang='lat' dir='ltr'>et</span> <span class='ocrx_word' id='word_1_86' title='bbox 1243 1427 1357 1493; x_wconf 85' lang='lat' dir='ltr'>curiae</span> 
     </span>
     <span class='ocr_line' id='line_1_11' title="bbox 156 1525 1356 1607; baseline 0.003 -18"><span class='ocrx_word' id='word_1_87' title='bbox 156 1525 315 1591; x_wconf 81' lang='lat' dir='ltr'>Romanae</span> <span class='ocrx_word' id='word_1_88' title='bbox 339 1531 524 1590; x_wconf 85' lang='lat' dir='ltr'>consuetum</span> <span class='ocrx_word' id='word_1_89' title='bbox 547 1529 581 1590; x_wconf 86' lang='lat' dir='ltr'>et</span> <span class='ocrx_word' id='word_1_90' title='bbox 596 1525 798 1590; x_wconf 87' lang='lat' dir='ltr'>observatum</span> <span class='ocrx_word' id='word_1_91' title='bbox 812 1532 886 1590; x_wconf 91' lang='lat' dir='ltr'>ante</span> <span class='ocrx_word' id='word_1_92' title='bbox 902 1533 1011 1606; x_wconf 88' lang='lat' dir='ltr'>patres</span> <span class='ocrx_word' id='word_1_93' title='bbox 1025 1531 1151 1607; x_wconf 89' lang='lat' dir='ltr'>patrum</span> <span class='ocrx_word' id='word_1_94' title='bbox 1167 1532 1356 1593; x_wconf 84' lang='lat' dir='ltr'>nostrornm</span> 
     </span>
     <span class='ocr_line' id='line_1_12' title="bbox 154 1624 1354 1709; baseline 0.004 -20"><span class='ocrx_word' id='word_1_95' title='bbox 154 1626 392 1709; x_wconf 87' lang='lat' dir='ltr'>praecipiantur</span> <span class='ocrx_word' id='word_1_96' title='bbox 414 1625 457 1690; x_wconf 92' lang='lat' dir='ltr'>ibi</span> <span class='ocrx_word' id='word_1_97' title='bbox 480 1627 548 1691; x_wconf 91' lang='lat' dir='ltr'>sola</span> <span class='ocrx_word' id='word_1_98' title='bbox 570 1624 675 1690; x_wconf 89' lang='lat' dir='ltr'>media</span> <span class='ocrx_word' id='word_1_99' title='bbox 696 1626 781 1691; x_wconf 91' lang='lat' dir='ltr'>inter</span> <span class='ocrx_word' id='word_1_100' title='bbox 802 1644 883 1708; x_wconf 92' lang='lat' dir='ltr'>pura</span> <span class='ocrx_word' id='word_1_101' title='bbox 904 1625 988 1690; x_wconf 90' lang='lat' dir='ltr'>bona</span> <span class='ocrx_word' id='word_1_102' title='bbox 1010 1635 1043 1690; x_wconf 88' lang='lat' dir='ltr'>et</span> <span class='ocrx_word' id='word_1_103' title='bbox 1057 1625 1144 1691; x_wconf 88' lang='lat' dir='ltr'>inter</span> <span class='ocrx_word' id='word_1_104' title='bbox 1162 1644 1245 1708; x_wconf 89' lang='lat' dir='ltr'>pura</span> <span class='ocrx_word' id='word_1_105' title='bbox 1259 1627 1354 1695; x_wconf 85' lang='lat' dir='ltr'>mala</span> 
     </span>
     <span class='ocr_line' id='line_1_13' title="bbox 154 1724 1356 1807; baseline 0.002 -17"><span class='ocrx_word' id='word_1_106' title='bbox 154 1725 196 1793; x_wconf 85' lang='lat' dir='ltr'>Et</span> <span class='ocrx_word' id='word_1_107' title='bbox 229 1727 261 1791; x_wconf 93' lang='lat' dir='ltr'>in</span> <span class='ocrx_word' id='word_1_108' title='bbox 291 1727 341 1791; x_wconf 89' lang='lat' dir='ltr'>his</span> <span class='ocrx_word' id='word_1_109' title='bbox 369 1725 482 1790; x_wconf 89' lang='lat' dir='ltr'>mediis</span> <span class='ocrx_word' id='word_1_110' title='bbox 514 1726 687 1790; x_wconf 89' lang='lat' dir='ltr'>secundum</span> <span class='ocrx_word' id='word_1_111' title='bbox 720 1725 749 1790; x_wconf 92' lang='lat' dir='ltr'>b.</span> <span class='ocrx_word' id='word_1_112' title='bbox 778 1724 984 1801; x_wconf 88' lang='lat' dir='ltr'>Bernardum,</span> <span class='ocrx_word' id='word_1_113' title='bbox 1018 1725 1155 1807; x_wconf 84' lang='lat' dir='ltr'>epistola</span> <span class='ocrx_word' id='word_1_114' title='bbox 1186 1727 1228 1795; x_wconf 82' lang='lat' dir='ltr'>ad</span> <span class='ocrx_word' id='word_1_115' title='bbox 1249 1728 1356 1794; x_wconf 79' lang='lat' dir='ltr'>Adam</span> 
     </span>
     <span class='ocr_line' id='line_1_14' title="bbox 157 1825 1357 1910; baseline 0.003 -19"><span class='ocrx_word' id='word_1_116' title='bbox 157 1827 344 1893; x_wconf 91' lang='lat' dir='ltr'>monachum</span> <span class='ocrx_word' id='word_1_117' title='bbox 363 1826 409 1891; x_wconf 89' lang='lat' dir='ltr'>sic</span> <span class='ocrx_word' id='word_1_118' title='bbox 423 1825 613 1908; x_wconf 83' lang='lat' dir='ltr'>incipiente:</span> <span class='ocrx_word' id='word_1_119' title='bbox 632 1825 683 1907; x_wconf 87' lang='lat' dir='ltr'>,Si</span> <span class='ocrx_word' id='word_1_120' title='bbox 698 1843 844 1891; x_wconf 86' lang='lat' dir='ltr'>maneres</span> <span class='ocrx_word' id='word_1_121' title='bbox 858 1826 891 1889; x_wconf 90' lang='lat' dir='ltr'>in</span> <span class='ocrx_word' id='word_1_122' title='bbox 913 1825 1064 1890; x_wconf 86' lang='lat' dir='ltr'>caritate“</span> <span class='ocrx_word' id='word_1_123' title='bbox 1088 1841 1127 1890; x_wconf 78' lang='lat' dir='ltr'>ac</span> <span class='ocrx_word' id='word_1_124' title='bbox 1152 1827 1223 1907; x_wconf 85' lang='lat' dir='ltr'>,lex</span> <span class='ocrx_word' id='word_1_125' title='bbox 1246 1829 1357 1910; x_wconf 85' lang='lat' dir='ltr'>posita</span> 
     </span>
     <span class='ocr_line' id='line_1_15' title="bbox 157 1926 1358 2010; baseline 0.002 -18"><span class='ocrx_word' id='word_1_126' title='bbox 157 1936 209 1993; x_wconf 85' lang='lat' dir='ltr'>est</span> <span class='ocrx_word' id='word_1_127' title='bbox 241 1927 402 1993; x_wconf 87' lang='lat' dir='ltr'>obedienti</span> <span class='ocrx_word' id='word_1_128' title='bbox 436 1933 595 2009; x_wconf 69' lang='lat' dir='ltr'>nmquam</span> <span class='ocrx_word' id='word_1_129' title='bbox 622 1929 654 1991; x_wconf 93' lang='lat' dir='ltr'>io</span> <span class='ocrx_word' id='word_1_130' title='bbox 681 1927 768 2008; x_wconf 85' lang='lat' dir='ltr'>ligno</span> <span class='ocrx_word' id='word_1_131' title='bbox 797 1926 950 1993; x_wconf 89' lang='lat' dir='ltr'>scientiae</span> <span class='ocrx_word' id='word_1_132' title='bbox 980 1927 1054 1992; x_wconf 91' lang='lat' dir='ltr'>boni</span> <span class='ocrx_word' id='word_1_133' title='bbox 1083 1935 1117 1992; x_wconf 88' lang='lat' dir='ltr'>ct</span> <span class='ocrx_word' id='word_1_134' title='bbox 1147 1928 1232 2007; x_wconf 86' lang='lat' dir='ltr'>mali,</span> <span class='ocrx_word' id='word_1_135' title='bbox 1267 1928 1358 2010; x_wconf 84' lang='lat' dir='ltr'>quod</span> 
     </span>
     <span class='ocr_line' id='line_1_16' title="bbox 153 2026 1372 2110; baseline 0.002 -17"><span class='ocrx_word' id='word_1_136' title='bbox 153 2034 222 2094; x_wconf 89' lang='lat' dir='ltr'>erat</span> <span class='ocrx_word' id='word_1_137' title='bbox 252 2029 285 2092; x_wconf 93' lang='lat' dir='ltr'>in</span> <span class='ocrx_word' id='word_1_138' title='bbox 314 2028 417 2093; x_wconf 88' lang='lat' dir='ltr'>medio</span> <span class='ocrx_word' id='word_1_139' title='bbox 447 2028 614 2110; x_wconf 86' lang='lat' dir='ltr'>paradisi.“</span> <span class='ocrx_word' id='word_1_140' title='bbox 659 2027 696 2092; x_wconf 92' lang='lat' dir='ltr'>In</span> <span class='ocrx_word' id='word_1_141' title='bbox 725 2027 775 2093; x_wconf 90' lang='lat' dir='ltr'>his</span> <span class='ocrx_word' id='word_1_142' title='bbox 805 2026 948 2109; x_wconf 86' lang='lat' dir='ltr'>profecto</span> <span class='ocrx_word' id='word_1_143' title='bbox 977 2026 1025 2093; x_wconf 83' lang='lat' dir='ltr'>fas</span> <span class='ocrx_word' id='word_1_144' title='bbox 1051 2044 1115 2092; x_wconf 93' lang='lat' dir='ltr'>uon</span> <span class='ocrx_word' id='word_1_145' title='bbox 1138 2034 1198 2107; x_wconf 82' lang='lat' dir='ltr'>cat,</span> <span class='ocrx_word' id='word_1_146' title='bbox 1220 2045 1372 2096; x_wconf 76' lang='lat' dir='ltr'>sensum‘</span> 
     </span>
     <span class='ocr_line' id='line_1_17' title="bbox 97 2127 1356 2212; baseline 0.002 -19"><span class='ocrx_word' id='word_1_147' title='bbox 97 2192 101 2203; x_wconf 83' lang='grc'><strong>,</strong></span> <span class='ocrx_word' id='word_1_148' title='bbox 154 2138 299 2195; x_wconf 89' lang='lat' dir='ltr'>nostrum</span> <span class='ocrx_word' id='word_1_149' title='bbox 333 2129 512 2194; x_wconf 84' lang='lat' dir='ltr'>sententiae</span> <span class='ocrx_word' id='word_1_150' title='bbox 547 2128 766 2212; x_wconf 88' lang='lat' dir='ltr'>praescribere</span> <span class='ocrx_word' id='word_1_151' title='bbox 798 2130 1038 2210; x_wconf 85' lang='lat' dir='ltr'>magistrorum,</span> <span class='ocrx_word' id='word_1_152' title='bbox 1071 2129 1103 2195; x_wconf 94' lang='lat' dir='ltr'>io</span> <span class='ocrx_word' id='word_1_153' title='bbox 1138 2127 1190 2194; x_wconf 91' lang='lat' dir='ltr'>his</span> <span class='ocrx_word' id='word_1_154' title='bbox 1223 2131 1356 2195; x_wconf 90' lang='lat' dir='ltr'>omnino</span> 
     </span>
     <span class='ocr_line' id='line_1_18' title="bbox 153 2229 1355 2312; baseline 0.002 -18"><span class='ocrx_word' id='word_1_155' title='bbox 153 2229 369 2312; x_wconf 86' lang='lat' dir='ltr'>praelatorum</span> <span class='ocrx_word' id='word_1_156' title='bbox 404 2247 463 2294; x_wconf 92' lang='lat' dir='ltr'>nec</span> <span class='ocrx_word' id='word_1_157' title='bbox 492 2230 593 2311; x_wconf 86' lang='lat' dir='ltr'>jussio</span> <span class='ocrx_word' id='word_1_158' title='bbox 625 2249 685 2294; x_wconf 90' lang='lat' dir='ltr'>nec</span> <span class='ocrx_word' id='word_1_159' title='bbox 717 2229 891 2312; x_wconf 87' lang='lat' dir='ltr'>prohibitio</span> <span class='ocrx_word' id='word_1_160' title='bbox 920 2237 970 2295; x_wconf 89' lang='lat' dir='ltr'>est</span> <span class='ocrx_word' id='word_1_161' title='bbox 999 2229 1240 2296; x_wconf 82' lang='lat' dir='ltr'>contemnenda</span> <span class='ocrx_word' id='word_1_162' title='bbox 1286 2230 1355 2297; x_wconf 87' lang='lat' dir='ltr'>Nec</span> 
     </span>
     <span class='ocr_line' id='line_1_19' title="bbox 152 2330 1346 2414; baseline 0.003 -20"><span class='ocrx_word' id='word_1_163' title='bbox 152 2339 204 2396; x_wconf 88' lang='lat' dir='ltr'>est</span> <span class='ocrx_word' id='word_1_164' title='bbox 233 2331 309 2396; x_wconf 91' lang='lat' dir='ltr'>cleri</span> <span class='ocrx_word' id='word_1_165' title='bbox 338 2331 370 2395; x_wconf 92' lang='lat' dir='ltr'>in</span> <span class='ocrx_word' id='word_1_166' title='bbox 393 2331 496 2413; x_wconf 87' lang='lat' dir='ltr'>Praga</span> <span class='ocrx_word' id='word_1_167' title='bbox 521 2331 674 2412; x_wconf 84' lang='lat' dir='ltr'>judicare,</span> <span class='ocrx_word' id='word_1_168' title='bbox 703 2331 729 2394; x_wconf 92' lang='lat' dir='ltr'>si</span> <span class='ocrx_word' id='word_1_169' title='bbox 749 2331 835 2412; x_wconf 88' lang='lat' dir='ltr'>justa</span> <span class='ocrx_word' id='word_1_170' title='bbox 858 2333 908 2396; x_wconf 89' lang='lat' dir='ltr'>vel</span> <span class='ocrx_word' id='word_1_171' title='bbox 930 2331 1048 2414; x_wconf 87' lang='lat' dir='ltr'>injusta</span> <span class='ocrx_word' id='word_1_172' title='bbox 1069 2336 1120 2397; x_wconf 89' lang='lat' dir='ltr'>est</span> <span class='ocrx_word' id='word_1_173' title='bbox 1142 2330 1185 2396; x_wconf 86' lang='lat' dir='ltr'>ld.</span> <span class='ocrx_word' id='word_1_174' title='bbox 1207 2331 1346 2397; x_wconf 85' lang='lat' dir='ltr'>loannis</span> 
     </span>
    </p>

    <p class='ocr_par' dir='ltr' id='par_1_5' title="bbox 151 2430 1354 2819">
     <span class='ocr_line' id='line_1_20' title="bbox 152 2430 1354 2513; baseline 0.001 -17"><span class='ocrx_word' id='word_1_175' title='bbox 152 2431 222 2496; x_wconf 91' lang='lat' dir='ltr'>Hus</span> <span class='ocrx_word' id='word_1_176' title='bbox 245 2431 527 2497; x_wconf 81' lang='lat' dir='ltr'>excommunicatio</span> <span class='ocrx_word' id='word_1_177' title='bbox 549 2437 583 2495; x_wconf 89' lang='lat' dir='ltr'>et</span> <span class='ocrx_word' id='word_1_178' title='bbox 605 2431 789 2513; x_wconf 84' lang='lat' dir='ltr'>aggravatio</span> <span class='ocrx_word' id='word_1_179' title='bbox 811 2450 830 2497; x_wconf 93' lang='lat' dir='ltr'>a</span> <span class='ocrx_word' id='word_1_180' title='bbox 852 2431 940 2496; x_wconf 91' lang='lat' dir='ltr'>curia</span> <span class='ocrx_word' id='word_1_181' title='bbox 962 2432 1115 2497; x_wconf 88' lang='lat' dir='ltr'>Romana:</span> <span class='ocrx_word' id='word_1_182' title='bbox 1138 2430 1196 2496; x_wconf 88' lang='lat' dir='ltr'>sed</span> <span class='ocrx_word' id='word_1_183' title='bbox 1219 2437 1354 2499; x_wconf 86' lang='lat' dir='ltr'>tenetur</span> 
     </span>
     <span class='ocr_line' id='line_1_21' title="bbox 151 2531 1353 2616; baseline 0.002 -19"><span class='ocrx_word' id='word_1_184' title='bbox 151 2531 256 2597; x_wconf 90' lang='lat' dir='ltr'>clerus</span> <span class='ocrx_word' id='word_1_185' title='bbox 287 2550 346 2614; x_wconf 93' lang='lat' dir='ltr'>pro</span> <span class='ocrx_word' id='word_1_186' title='bbox 374 2532 431 2598; x_wconf 88' lang='lat' dir='ltr'>tali</span> <span class='ocrx_word' id='word_1_187' title='bbox 463 2532 580 2598; x_wconf 87' lang='lat' dir='ltr'>habere</span> <span class='ocrx_word' id='word_1_188' title='bbox 603 2533 696 2612; x_wconf 83' lang='lat' dir='ltr'>illam,</span> <span class='ocrx_word' id='word_1_189' title='bbox 716 2533 808 2614; x_wconf 85' lang='lat' dir='ltr'>juxta</span> <span class='ocrx_word' id='word_1_190' title='bbox 829 2550 998 2615; x_wconf 85' lang='lat' dir='ltr'>processus</span> <span class='ocrx_word' id='word_1_191' title='bbox 1020 2539 1168 2615; x_wconf 88' lang='lat' dir='ltr'>receptos</span> <span class='ocrx_word' id='word_1_192' title='bbox 1190 2539 1226 2600; x_wconf 86' lang='lat' dir='ltr'>et</span> <span class='ocrx_word' id='word_1_193' title='bbox 1246 2533 1353 2616; x_wconf 89' lang='lat' dir='ltr'>publi·</span> 
     </span>
     <span class='ocr_line' id='line_1_22' title="bbox 154 2633 1352 2716; baseline -0.001 -16"><span class='ocrx_word' id='word_1_194' title='bbox 154 2641 241 2700; x_wconf 90' lang='lat' dir='ltr'>catos</span> <span class='ocrx_word' id='word_1_195' title='bbox 263 2633 295 2697; x_wconf 92' lang='lat' dir='ltr'>in</span> <span class='ocrx_word' id='word_1_196' title='bbox 318 2633 432 2715; x_wconf 88' lang='lat' dir='ltr'>Praga,</span> <span class='ocrx_word' id='word_1_197' title='bbox 454 2634 539 2715; x_wconf 89' lang='lat' dir='ltr'>quod</span> <span class='ocrx_word' id='word_1_198' title='bbox 561 2633 843 2699; x_wconf 85' lang='lat' dir='ltr'>excommunicatio</span> <span class='ocrx_word' id='word_1_199' title='bbox 866 2641 898 2700; x_wconf 88' lang='lat' dir='ltr'>et</span> <span class='ocrx_word' id='word_1_200' title='bbox 919 2633 1104 2716; x_wconf 80' lang='lat' dir='ltr'>aggravatio</span> <span class='ocrx_word' id='word_1_201' title='bbox 1126 2633 1201 2700; x_wconf 87' lang='lat' dir='ltr'>talis</span> <span class='ocrx_word' id='word_1_202' title='bbox 1222 2634 1268 2700; x_wconf 89' lang='lat' dir='ltr'>sit</span> <span class='ocrx_word' id='word_1_203' title='bbox 1288 2650 1352 2699; x_wconf 86' lang='lat' dir='ltr'>uon</span> 
     </span>
     <span class='ocr_line' id='line_1_23' title="bbox 151 2733 1349 2819; baseline 0 -19"><span class='ocrx_word' id='word_1_204' title='bbox 151 2733 247 2813; x_wconf 73' lang='grc' dir='ltr'>ιιιιΠα,</span> <span class='ocrx_word' id='word_1_205' title='bbox 275 2733 419 2815; x_wconf 88' lang='lat' dir='ltr'>ajudice</span> <span class='ocrx_word' id='word_1_206' title='bbox 441 2752 507 2801; x_wconf 85' lang='lat' dir='ltr'>suo</span> <span class='ocrx_word' id='word_1_207' title='bbox 529 2734 721 2802; x_wconf 85' lang='lat' dir='ltr'>auctoritate</span> <span class='ocrx_word' id='word_1_208' title='bbox 742 2737 917 2819; x_wconf 86' lang='lat' dir='ltr'>apostolica</span> <span class='ocrx_word' id='word_1_209' title='bbox 938 2736 1112 2816; x_wconf 80' lang='lat' dir='ltr'>fulminata</span> <span class='ocrx_word' id='word_1_210' title='bbox 1138 2742 1173 2801; x_wconf 90' lang='lat' dir='ltr'>et</span> <span class='ocrx_word' id='word_1_211' title='bbox 1194 2753 1254 2817; x_wconf 89' lang='lat' dir='ltr'>per</span> <span class='ocrx_word' id='word_1_212' title='bbox 1276 2753 1349 2802; x_wconf 92' lang='lat' dir='ltr'>con·</span> 
     </span>
    </p>

    <p class='ocr_par' dir='ltr' id='par_1_6' title="bbox 132 2834 1347 2919">
     <span class='ocr_line' id='line_1_24' title="bbox 132 2834 1347 2919; baseline 0.002 -20"><span class='ocrx_word' id='word_1_213' title='bbox 132 2851 289 2917; x_wconf 34' lang='lat' dir='ltr'>,sequeus</span> <span class='ocrx_word' id='word_1_214' title='bbox 320 2841 450 2899; x_wconf 88' lang='lat' dir='ltr'>tenetur</span> <span class='ocrx_word' id='word_1_215' title='bbox 478 2834 661 2916; x_wconf 88' lang='lat' dir='ltr'>praedictus</span> <span class='ocrx_word' id='word_1_216' title='bbox 683 2835 788 2901; x_wconf 89' lang='lat' dir='ltr'>clerus</span> <span class='ocrx_word' id='word_1_217' title='bbox 810 2836 928 2901; x_wconf 89' lang='lat' dir='ltr'>habere</span> <span class='ocrx_word' id='word_1_218' title='bbox 950 2855 1009 2919; x_wconf 90' lang='lat' dir='ltr'>pro</span> <span class='ocrx_word' id='word_1_219' title='bbox 1030 2837 1094 2914; x_wconf 87' lang='lat' dir='ltr'>illo,</span> <span class='ocrx_word' id='word_1_220' title='bbox 1117 2836 1202 2918; x_wconf 79' lang='lat' dir='ltr'>quand</span> <span class='ocrx_word' id='word_1_221' title='bbox 1225 2853 1347 2902; x_wconf 85' lang='lat' dir='ltr'>excom·</span> 
     </span>
    </p>

    <p class='ocr_par' dir='ltr' id='par_1_7' title="bbox 150 2933 1346 3018">
     <span class='ocr_line' id='line_1_25' title="bbox 150 2933 1346 3018; baseline 0.003 -19"><span class='ocrx_word' id='word_1_222' title='bbox 150 2933 322 3000; x_wconf 89' lang='lat' dir='ltr'>municatio</span> <span class='ocrx_word' id='word_1_223' title='bbox 357 2941 390 3000; x_wconf 88' lang='lat' dir='ltr'>et</span> <span class='ocrx_word' id='word_1_224' title='bbox 419 2937 604 3016; x_wconf 84' lang='lat' dir='ltr'>aggravatio</span> <span class='ocrx_word' id='word_1_225' title='bbox 633 2935 797 3018; x_wconf 85' lang='lat' dir='ltr'>praedicta</span> <span class='ocrx_word' id='word_1_226' title='bbox 824 2936 911 3017; x_wconf 82' lang='lat' dir='ltr'>ligat,</span> <span class='ocrx_word' id='word_1_227' title='bbox 937 2936 1029 3017; x_wconf 88' lang='lat' dir='ltr'>juxta</span> <span class='ocrx_word' id='word_1_228' title='bbox 1050 2936 1218 3003; x_wconf 91' lang='lat' dir='ltr'>concilium</span> <span class='ocrx_word' id='word_1_229' title='bbox 1241 2934 1346 3002; x_wconf 86' lang='lat' dir='ltr'>Sardi·</span> 
     </span>
    </p>

    <p class='ocr_par' dir='ltr' id='par_1_8' title="bbox 150 3034 1340 3119">
     <span class='ocr_line' id='line_1_26' title="bbox 150 3034 1340 3119; baseline 0.001 -20"><span class='ocrx_word' id='word_1_230' title='bbox 150 3052 245 3100; x_wconf 89' lang='lat' dir='ltr'>ceuse</span> <span class='ocrx_word' id='word_1_231' title='bbox 277 3054 344 3117; x_wconf 90' lang='lat' dir='ltr'>cap.</span> <span class='ocrx_word' id='word_1_232' title='bbox 376 3037 421 3100; x_wconf 88' lang='lat' dir='ltr'>XI</span> <span class='ocrx_word' id='word_1_233' title='bbox 452 3042 573 3118; x_wconf 88' lang='lat' dir='ltr'>quaest.</span> <span class='ocrx_word' id='word_1_234' title='bbox 603 3041 637 3102; x_wconf 87' lang='lat'>3:</span> <span class='ocrx_word' id='word_1_235' title='bbox 669 3036 716 3116; x_wconf 87' lang='lat' dir='ltr'>,si</span> <span class='ocrx_word' id='word_1_236' title='bbox 742 3037 912 3119; x_wconf 90' lang='lat' dir='ltr'>episcopus</span> <span class='ocrx_word' id='word_1_237' title='bbox 939 3035 1022 3102; x_wconf 85' lang='lat' dir='ltr'>forte</span> <span class='ocrx_word' id='word_1_238' title='bbox 1051 3036 1233 3117; x_wconf 83' lang='lat' dir='ltr'>iracundus,</span> <span class='ocrx_word' id='word_1_239' title='bbox 1257 3034 1340 3118; x_wconf 77' lang='lat' dir='ltr'>quod</span> 
     </span>
    </p>

    <p class='ocr_par' dir='ltr' id='par_1_9' title="bbox 151 3135 488 3202">
     <span class='ocr_line' id='line_1_27' title="bbox 151 3135 488 3202; baseline -0.003 -2"><span class='ocrx_word' id='word_1_240' title='bbox 151 3153 222 3200; x_wconf 90' lang='lat' dir='ltr'>esse</span> <span class='ocrx_word' id='word_1_241' title='bbox 245 3153 307 3202; x_wconf 92' lang='lat' dir='ltr'>non</span> <span class='ocrx_word' id='word_1_242' title='bbox 330 3135 427 3202; x_wconf 88' lang='lat' dir='ltr'>debet</span> <span class='ocrx_word' id='word_1_243' title='bbox 447 3153 488 3201; x_wconf 76' lang='lat' dir='ltr'>oc.</span> 
     </span>
    </p>
   </div>
   <div class='ocr_carea' id='block_1_5' title="bbox 548 3673 951 3763">
    <p class='ocr_par' dir='ltr' id='par_1_10' title="bbox 548 3673 951 3763">
     <span class='ocr_line' id='line_1_28' title="bbox 548 3673 951 3763; baseline 0.002 -22"><span class='ocrx_word' id='word_1_244' title='bbox 548 3675 631 3743; x_wconf 86' lang='lat' dir='ltr'>idem</span> <span class='ocrx_word' id='word_1_245' title='bbox 655 3674 757 3763; x_wconf 70' lang='lat' dir='ltr'>lingue</span> <span class='ocrx_word' id='word_1_246' title='bbox 780 3673 951 3743; x_wconf 84' lang='lat' dir='ltr'>bohemica.</span> 
     </span>
    </p>
   </div>
   <div class='ocr_carea' id='block_1_6' title="bbox 647 3895 838 3910">
    <p class='ocr_par' dir='ltr' id='par_1_11' title="bbox 647 3895 838 3910">
     <span class='ocr_line' id='line_1_29' title="bbox 647 3895 838 3910; baseline -0.01 0"><span class='ocrx_word' id='word_1_247' title='bbox 647 3895 838 3910; x_wconf 39' lang='lat' dir='ltr'><em>Q...—</em></span> 
     </span>
    </p>
   </div>
   <div class='ocr_carea' id='block_1_7' title="bbox 351 3976 1137 4051">
    <p class='ocr_par' dir='ltr' id='par_1_12' title="bbox 351 3976 1137 4051">
     <span class='ocr_line' id='line_1_30' title="bbox 351 3976 1137 4051; baseline -0.003 -16"><span class='ocrx_word' id='word_1_248' title='bbox 351 3980 395 4047; x_wconf 79' lang='lat' dir='ltr'>(E</span> <span class='ocrx_word' id='word_1_249' title='bbox 411 3978 472 4036; x_wconf 78' lang='lat' dir='ltr'>MS.</span> <span class='ocrx_word' id='word_1_250' title='bbox 491 3979 634 4036; x_wconf 62' lang='lat' dir='ltr'>artaverat.</span> <span class='ocrx_word' id='word_1_251' title='bbox 654 3980 742 4051; x_wconf 73' lang='lat' dir='ltr'>Prog.</span> <span class='ocrx_word' id='word_1_252' title='bbox 762 3977 820 4046; x_wconf 84' lang='lat' dir='ltr'>XI,</span> <span class='ocrx_word' id='word_1_253' title='bbox 839 3980 876 4035; x_wconf 92' lang='lat' dir='ltr'>D.</span> <span class='ocrx_word' id='word_1_254' title='bbox 893 3980 923 4043; x_wconf 74' lang='lat'>5,</span> <span class='ocrx_word' id='word_1_255' title='bbox 935 3977 988 4051; x_wconf 71' lang='lat' dir='ltr'>fol.</span> <span class='ocrx_word' id='word_1_256' title='bbox 1008 3976 1137 4044; x_wconf 74' lang='lat'><em>15-17.)</em></span> 
     </span>
    </p>
   </div>
   <div class='ocr_carea' id='block_1_8' title="bbox 647 4123 845 4134">
    <p class='ocr_par' dir='ltr' id='par_1_13' title="bbox 647 4123 845 4134">
     <span class='ocr_line' id='line_1_31' title="bbox 647 4123 845 4134; baseline 0.01 -2"><span class='ocrx_word' id='word_1_257' title='bbox 647 4126 652 4132; x_wconf 79' lang='lat'>.</span> <span class='ocrx_word' id='word_1_258' title='bbox 669 4128 673 4133; x_wconf 88' lang='lat'>.</span> <span class='ocrx_word' id='word_1_259' title='bbox 683 4123 845 4134; x_wconf 59' lang='lat' dir='ltr'>--u-—A—--nna</span> 
     </span>
    </p>
   </div>
   <div class='ocr_carea' id='block_1_9' title="bbox 448 4283 1238 4358">
    <p class='ocr_par' dir='ltr' id='par_1_14' title="bbox 448 4283 1238 4358">
     <span class='ocr_line' id='line_1_32' title="bbox 448 4283 1238 4358; baseline 0.005 -17"><span class='ocrx_word' id='word_1_260' title='bbox 448 4285 610 4353; x_wconf 80' lang='lat' dir='ltr'>,Consilium</span> <span class='ocrx_word' id='word_1_261' title='bbox 628 4285 767 4342; x_wconf 82' lang='lat' dir='ltr'>facultatis</span> <span class='ocrx_word' id='word_1_262' title='bbox 785 4283 952 4353; x_wconf 85' lang='lat' dir='ltr'>theologicae</span> <span class='ocrx_word' id='word_1_263' title='bbox 971 4285 1051 4343; x_wconf 85' lang='lat' dir='ltr'>studii</span> <span class='ocrx_word' id='word_1_264' title='bbox 1070 4285 1238 4358; x_wconf 68' lang='lat' dir='ltr'>l’ragenaia.l</span> 
     </span>
    </p>
   </div>
   <div class='ocr_carea' id='block_1_10' title="bbox 149 4447 1329 4745">
    <p class='ocr_par' dir='ltr' id='par_1_15' title="bbox 149 4447 1329 4745">
     <span class='ocr_line' id='line_1_33' title="bbox 250 4447 1327 4543; baseline 0.003 -24"><span class='ocrx_word' id='word_1_265' title='bbox 250 4456 384 4521; x_wconf 77' lang='lat' dir='ltr'>Protoie</span> <span class='ocrx_word' id='word_1_266' title='bbox 406 4453 608 4539; x_wconf 76' lang='lat' dir='ltr'>riajjasntjtie</span> <span class='ocrx_word' id='word_1_267' title='bbox 631 4457 743 4522; x_wconf 76' lang='lat' dir='ltr'>knicie</span> <span class='ocrx_word' id='word_1_268' title='bbox 765 4476 784 4522; x_wconf 89' lang='lat' dir='ltr'>a</span> <span class='ocrx_word' id='word_1_269' title='bbox 805 4456 884 4537; x_wconf 79' lang='lat' dir='ltr'>pan,</span> <span class='ocrx_word' id='word_1_270' title='bbox 906 4455 976 4523; x_wconf 78' lang='lat' dir='ltr'>lull</span> <span class='ocrx_word' id='word_1_271' title='bbox 998 4459 1149 4540; x_wconf 80' lang='lat' dir='ltr'>Wtclaw,</span> <span class='ocrx_word' id='word_1_272' title='bbox 1171 4447 1327 4543; x_wconf 70' lang='lat' dir='ltr'>llimslria</span> 
     </span>
     <span class='ocr_line' id='line_1_34' title="bbox 149 4541 1327 4646; baseline 0.003 -27"><span class='ocrx_word' id='word_1_273' title='bbox 149 4541 252 4639; x_wconf 62' lang='lat' dir='ltr'>(fesky‘</span> <span class='ocrx_word' id='word_1_274' title='bbox 269 4555 347 4632; x_wconf 76' lang='lat' dir='ltr'>kral,</span> <span class='ocrx_word' id='word_1_275' title='bbox 370 4556 546 4622; x_wconf 71' lang='lat' dir='ltr'>tectisue</span> <span class='ocrx_word' id='word_1_276' title='bbox 562 4577 581 4623; x_wconf 87' lang='lat' dir='ltr'>a</span> <span class='ocrx_word' id='word_1_277' title='bbox 601 4558 811 4624; x_wconf 78' lang='lat' dir='ltr'>kralowstwie</span> <span class='ocrx_word' id='word_1_278' title='bbox 824 4559 938 4639; x_wconf 72' lang='lat' dir='ltr'>autho,</span> <span class='ocrx_word' id='word_1_279' title='bbox 961 4560 1091 4626; x_wconf 73' lang='lat' dir='ltr'>adobrui</span> <span class='ocrx_word' id='word_1_280' title='bbox 1115 4562 1193 4627; x_wconf 81' lang='lat' dir='ltr'>radit</span> <span class='ocrx_word' id='word_1_281' title='bbox 1208 4563 1327 4646; x_wconf 69' lang='lat' dir='ltr'>piamon</span> 
     </span>
     <span class='ocr_line' id='line_1_35' title="bbox 149 4655 1329 4745; baseline 0.007 -24"><span class='ocrx_word' id='word_1_282' title='bbox 149 4655 334 4740; x_wconf 83' lang='lat' dir='ltr'>acmaky‘clr,</span> <span class='ocrx_word' id='word_1_283' title='bbox 367 4656 461 4722; x_wconf 82' lang='lat' dir='ltr'>skrze</span> <span class='ocrx_word' id='word_1_284' title='bbox 495 4659 558 4723; x_wconf 77' lang='lat' dir='ltr'>snt</span> <span class='ocrx_word' id='word_1_285' title='bbox 580 4659 654 4741; x_wconf 88' lang='lat' dir='ltr'>listy</span> <span class='ocrx_word' id='word_1_286' title='bbox 676 4658 819 4742; x_wconf 76' lang='lat' dir='ltr'>piilcdual</span> <span class='ocrx_word' id='word_1_287' title='bbox 845 4660 910 4742; x_wconf 88' lang='lat' dir='ltr'>jest</span> <span class='ocrx_word' id='word_1_288' title='bbox 931 4660 1034 4743; x_wconf 78' lang='lat' dir='ltr'>pirna,</span> <span class='ocrx_word' id='word_1_289' title='bbox 1063 4662 1124 4744; x_wconf 82' lang='lat' dir='ltr'>aby</span> <span class='ocrx_word' id='word_1_290' title='bbox 1143 4661 1329 4745; x_wconf 63' lang='lat' dir='ltr'>jeconam</span> 
     </span>
    </p>
   </div>
   <div class='ocr_carea' id='block_1_11' title="bbox 0 0 1500 5258">
    <p class='ocr_par' dir='ltr' id='par_1_16' title="bbox 0 0 1500 5258">
     <span class='ocr_line' id='line_1_36' title="bbox 0 0 1500 5258; baseline 0 2"><span class='ocrx_word' id='word_1_291' title='bbox 0 0 1500 5258; x_wconf 95' lang='lat' dir='ltr'> </span> 
     </span>
    </p>
   </div>
  </div>
 </body>
</html>
