2992 5258
415 427 456 482 Βῆ
491 426 570 483 Iuste
588 426 662 496 publ.
682 426 716 482 de
734 443 863 484 excomm.
881 428 919 483 M.
936 427 1101 499 Hieronymi.
1296 431 1358 500 417

725 726 785 801 32.

184 952 516 1037 lustramentum
542 951 764 1060 publicum
801 950 854 1033 de
884 955 1328 1038 excommunicatione

258 1084 314 1169 M.
352 1082 609 1196 Hieronymi
639 1084 869 1198 Pragensis
900 1083 1092 1170 Viennae
1126 1088 1254 1172 facta.

574 1333 705 1401 Viennae,
725 1336 798 1399 1410,
816 1335 850 1387 30
867 1332 941 1401 Sept

293 1636 355 1703 (Ea
369 1637 439 1704 erip.
457 1635 594 1689 tabularii
610 1637 697 1706 capit.
724 1634 955 1704 Weseprademis
972 1633 1211 1706 [abbreviatum]·)

255 1941 360 2006 Revmo
386 1938 419 2004 in
448 1936 577 2004 Christo
598 1937 681 2019 patri
710 1943 743 2003 et
763 1936 892 2004 domiuo
914 1937 951 2002 D.
974 1937 1152 2020 Sbynconi,
1175 1938 1227 2005 dei
1251 1939 1355 2021 gratia

159 2040 186 2107 S.
211 2039 383 2121 Pragensis
406 2038 562 2103 ecclesiae
584 2035 835 2118 archiepiscopo,
858 2034 1053 2118 apostolicae
1076 2034 1163 2101 sedis
1184 2037 1300 2118 legato,
1322 2044 1356 2104 et

158 2140 341 2207 reverendis
367 2140 400 2204 in
430 2138 558 2204 Christo
581 2137 726 2220 patribus
748 2144 782 2202 ct
803 2134 953 2215 dominis,
983 2134 1119 2201 dominis
1142 2137 1299 2203 universis
1322 2146 1357 2205 et

157 2241 291 2323 singulis
312 2239 495 2324 provinciae
518 2239 687 2320 Prageusis
714 2238 891 2320 episcopis,
921 2237 1134 2303 reverentiam
1158 2237 1297 2305 debitam
1320 2246 1356 2306 et

158 2342 324 2419 honorem,
356 2359 416 2406 nec
436 2358 500 2405 non
530 2338 771 2416 cathedralium,
806 2337 1045 2419 collegiatarum
1072 2343 1106 2404 et
1127 2339 1355 2421 parochialium

156 2442 359 2509 ecclesiarum
380 2440 551 2524 praelatis,
586 2438 797 2522 praepositis,
823 2438 953 2504 decanis
976 2445 1010 2504 et
1031 2439 1227 2520 rectoribus,
1250 2458 1288 2506 cc
1309 2440 1356 2506 illi

156 2543 205 2609 vel
227 2543 301 2620 illis,
323 2542 364 2608 ad
386 2559 465 2624 quos
487 2546 674 2623 praesentes
696 2539 919 2622 pervenerint,
942 2539 1077 2606 salntem
1099 2546 1134 2605 et
1154 2540 1355 2607 sinceramin

156 2641 281 2727 domino
304 2643 489 2720 arietem,
514 2659 552 2706 ac
580 2639 803 2722 praesentibus
825 2638 917 2705 fidem
945 2639 1108 2705 indubiam
1128 2639 1299 2719 adhihere,
1321 2646 1356 2706 et

156 2743 344 2827 praesertim
357 2742 551 2825 Hieronymo
574 2741 738 2822 dePraga,
760 2742 876 2806 artium
899 2741 1062 2821 magistro,
1084 2739 1124 2805 de
1146 2740 1231 2806 invio
1249 2739 1354 2807 redire

155 2845 193 2910 sd
222 2845 306 2910 uam
335 2843 496 2910 veritatis:
523 2841 669 2908 Andreas
698 2842 738 2906 de
764 2841 985 2924 Grillernperg,
1002 2843 1172 2908 canonicus
1193 2842 1350 2909 ecclesiae

155 2952 186 3011 et
207 2943 354 3012 officialis
375 2944 483 3010 cudae
508 2943 699 3026 episcopahs
721 2943 930 3008 Pataviensis

254 3044 363 3111 Nostri
390 3062 467 3110 eura
495 3041 590 3109 officii
619 3042 769 3109 contiuuo
797 3060 856 3108 nos
883 3041 1034 3108 sollicitat
1066 3042 1108 3108 ad
1136 3044 1350 3125 provisionem

155 3144 320 3212 intendere
355 3145 570 3227 singulorum,
600 3144 649 3209 his
682 3143 829 3223 mariam
869 3143 983 3224 quibus
1012 3142 1187 3225 pericnlum
1215 3144 1352 3209 vertitur

154 3246 337 3312 animarum.
370 3245 455 3311 Sane
477 3244 699 3311 dudum·lama
720 3262 777 3310 seu
798 3244 905 3328 potius
927 3242 1054 3309 infamia
1076 3245 1202 3309 notorie
1224 3244 1353 3327 publica

154 3346 336 3427 divulgante
370 3365 408 3413 ac
441 3347 610 3412 multarum
651 3364 858 3429 personarum
895 3344 1073 3409 sublimium
1104 3344 1260 3410 relatione
1290 3363 1353 3411 non

155 3448 277 3528 absque
291 3446 472 3512 turbatione
488 3447 699 3528 percepimus,
722 3445 878 3527 quomodo
893 3444 1021 3526 quidam
1042 3444 1158 3510 artium
1173 3445 1353 3510 liberalium

157 3547 320 3628 magister,
341 3545 556 3631 Hieronymus
573 3547 612 3612 de
626 3549 729 3628 Praga
749 3553 854 3626 natus,
876 3545 1062 3627 quibusdam
1084 3544 1277 3611 Wiclefianis
1293 3563 1352 3628 per

155 3647 264 3713 sedem
279 3647 486 3728 apostolicam
502 3646 658 3713 damnatis
681 3647 845 3713 erroribus
856 3646 1046 3729 implicatus,
1069 3646 1101 3711 in
1116 3645 1349 3730 Haydelberga,

153 3746 184 3812 in
206 3749 313 3828 Praga
340 3752 373 3813 et
395 3748 427 3811 in
450 3747 606 3828 Ungaria,
632 3746 727 3824 locis,
750 3748 783 3813 in
805 3748 920 3829 quibus
942 3746 1124 3829 hujusmodi
1144 3764 1273 3811 errores
1294 3747 1352 3811 im·

153 3865 274 3914 mernor
295 3848 407 3915 salutis
429 3866 505 3912 suae
528 3848 650 3913 animae
674 3867 737 3913 nou
760 3855 811 3913 est
832 3849 955 3914 veritus
977 3848 1150 3928 seminare,
1172 3854 1206 3913 et
1227 3847 1269 3912 ob
1290 3847 1352 3913 hoe

151 3947 181 4012 in
212 3949 307 4016 dictis
335 3949 413 4015 locis
446 3949 566 4016 Christi
601 3947 748 4014 fidelibus
774 3966 812 4015 ac
841 3948 1037 4015 orthodoxae
1071 3947 1145 4013 fidei
1174 3947 1352 4013 cultoribus

151 4049 265 4115 luisset
298 4049 507 4130 ignomniose
540 4050 673 4132 pluries¹
691 4049 884 4116 conlumtus:
919 4068 1002 4115 nunc
1032 4056 1138 4115 autem
1165 4047 1205 4114 ad
1234 4048 1348 4114 almam

151 4150 392 4216 universitatem
428 4150 524 4215 studii
548 4150 740 4216 Viennensis
772 4151 841 4217 siue
869 4150 1065 4233 duplicitatis
1100 4167 1182 4229 ruga
1216 4155 1350 4213 matrem

150 4249 311 4314 illabatam
341 4250 527 4315 catholicam
558 4250 724 4315 ecelesiam
752 4258 785 4316 et
813 4250 1020 4332 apostolicam
1048 4249 1142 4315 fidem
1163 4250 1198 4313 in
1221 4248 1346 4314 unculo

149 4367 213 4416 non
239 4347 333 4415 fictae
360 4349 418 4415 sed
443 4366 540 4416 verae
568 4350 711 4416 caritatis
740 4356 902 4416 tenentem
930 4358 963 4416 et
984 4350 1151 4416 docentem
1173 4355 1347 4431 propterea

148 4449 351 4528 declinasset,
376 4456 413 4514 nt
428 4450 497 4530 ejus
511 4468 665 4532 perversa
678 4451 942 4532 dogmatisatione
958 4450 1116 4531 fragilium
1138 4448 1243 4528 corda,
1268 4466 1351 4529 quac

148 4551 179 4614 in
213 4550 331 4615 malum
363 4569 383 4615 a
415 4557 529 4616 natura
563 4568 665 4633 prona
695 4551 912 4630 dinoscuntur,
954 4548 1107 4629 inficeret,
1140 4569 1177 4616 ac
1205 4567 1265 4632 per
1294 4551 1353 4616 hoc

148 4651 270 4717 erroris
294 4650 344 4715 sui
372 4657 489 4717 sectam
524 4651 619 4717 latius
648 4658 851 4734 propagaret.
895 4651 961 4717 Nos
977 4650 1095 4732 judicis
1130 4669 1218 4716 more
1240 4658 1354 4717 cuncta

1172 4769 1205 4821 27
