2992 5258
149 409 210 472 524
397 402 599 457 Coirtroversiae
617 401 650 456 de
668 403 797 471 religione
815 405 841 458 in
861 405 1001 460 Bohcmia:
1021 408 1092 460 1416.

150 607 377 672 ambasiatores
406 604 602 670 dominorum
629 606 904 672 serenissimorum
931 608 1138 688 Arragonum,
1167 607 1333 690 Navarrae,

149 706 314 786 Castellaa
327 705 512 786 Hispaniae,
535 704 671 783 Siciliae,
696 703 873 771 Gothorum
886 725 1004 787 regum,
1026 725 1064 772 ac
1081 707 1331 791 archiepiscopo·

150 827 228 887 rum,
258 807 479 889 episcoporum
509 811 542 869 et
564 806 662 870 totins
690 806 779 886 cleri,
808 806 862 871 ubi
883 804 980 888 aliqui
1002 825 1060 889 per
1082 826 1126 888 se,
1153 808 1252 890 aliqui
1282 825 1334 890 per

150 908 397 986 ambasiacum,
430 926 500 972 cnm
522 906 656 972 solemni
678 913 714 972 nt
735 907 852 972 dicitur
872 925 988 990 pompa
1010 907 1148 988 venient,
1171 908 1333 990 proutjam

150 1009 258 1090 plures
281 1013 437 1073 venerunt
458 1007 685 1073 ambasiatores
708 1015 741 1073 et
762 1007 949 1073 cardinales.
972 1007 1014 1073 Et
1034 1008 1087 1072 ille
1109 1008 1209 1074 miser
1223 1009 1333 1074 Petrus

150 1108 189 1172 de
210 1109 300 1173 Luna
320 1125 383 1173 non
406 1112 513 1189 potest
535 1108 671 1173 evadere
693 1108 733 1173 de
762 1127 824 1174 uuo
852 1116 966 1189 castro,
995 1115 1031 1173 ut
1058 1108 1175 1175 dicitnr
1197 1125 1236 1173 κ.
1259 1108 1333 1173 item

150 1209 201 1273 vix
222 1209 351 1274 venient
371 1208 411 1273 ad
433 1207 549 1273 festum
571 1210 777 1274 Pentecostcs
801 1225 839 1274 nc.
863 1208 936 1291 (cic)

676 1395 828 1402 ...—-—.--....-

702 1569 786 1644 100.

150 1797 306 1909 Poggii
324 1796 570 1889 Florentini
603 1795 658 1878 ad
691 1794 964 1880 Leonardum
994 1793 1221 1880 Aretinum
1250 1800 1330 1907 epi-

207 1932 319 2016 stola
349 1930 402 2013 de
428 1930 484 2012 M.
513 1928 766 2041 Hieronymi
792 1929 1019 2044 Pragensis
1051 1934 1275 2041 supplicio.

536 2177 717 2246 Constantine,
737 2180 810 2245 1416,
827 2181 861 2232 30
878 2179 951 2232 Maii.

174 2465 217 2529 (E
234 2463 314 2517 MSS.
333 2463 528 2532 compluribus,
548 2464 621 2532 typis
639 2463 741 2515 editum
758 2465 789 2516 in
807 2463 904 2516 Herm,
922 2480 945 2514 n.
963 2464 990 2518 d.
1010 2463 1109 2517 Hordt
1128 2462 1232 2518 0011άὶ.
1252 2463 1314 2517 con·

446 2553 530 2599 stant.
542 2553 614 2600 tomo
631 2546 691 2608 III,
709 2555 790 2615 porte
814 2545 846 2608 V,
864 2562 891 2615 p.
911 2544 1040 2612 64-71.)

333 2829 457 2899 Poqpiuo
471 2832 623 2899 plurimam
642 2833 758 2886 cultatem
775 2832 843 2885 dicit
861 2830 1010 2885 Leoaordo
1031 2831 1153 2887 Aretiao.

248 3015 325 3081 Cum
348 3016 490 3099 pluribus
512 3016 624 3082 diebus
644 3017 685 3082 ad
699 3017 811 3083 balnea
832 3017 971 3096 inissem,
987 3018 1101 3100 scripsi
1114 3017 1155 3083 ad
1176 3018 1330 3085 Nicolaum

149 3123 292 3182 nostrum
324 3135 362 3181 ex
391 3116 511 3180 balneis
534 3117 612 3198 ipsis
634 3117 809 3199 epistolam,
832 3136 924 3200 quam
947 3118 1092 3183 existimo
1115 3125 1147 3184 te
1170 3119 1330 3185 lecturum·

149 3217 281 3296 Deinde,
304 3235 374 3281 cum
398 3215 613 3282 Constantiam
636 3218 848 3299 revertisscm
877 3218 985 3300 paucis
1008 3225 1081 3300 post
1095 3218 1210 3285 diebus
1225 3226 1331 3302 coepta

149 3306 199 3383 e'st
226 3319 278 3400 agi
306 3336 401 3384 causa
422 3316 617 3399 Hieronymi,
650 3337 742 3399 quem
777 3319 971 3383 haereticum
999 3317 1115 3399 ierunt,
1145 3326 1179 3385 ct
1211 3320 1330 3403 quidem

149 3418 282 3500 publice.
326 3419 416 3483 Hanc
445 3418 502 3482 tibi
531 3436 700 3484 recensere
731 3421 885 3486 rationem
927 3420 1067 3498 institui,
1100 3438 1172 3485 cnm
1206 3430 1329 3504 propter

149 3519 196 3584 rei
228 3520 424 3600 gravitatem,
458 3526 523 3585 tum
556 3524 688 3585 maxime
722 3527 855 3603 propter
887 3520 1101 3601 eloquentiam
1135 3521 1271 3587 hominis
1298 3538 1329 3589 ac

149 3618 333 3686 doctrinam.

247 3721 372 3792 Fateor,
395 3740 445 3786 me
468 3721 624 3786 neminem
647 3741 781 3803 unquam
804 3723 929 3804 vidisse,
953 3723 1007 3804 qui
1027 3723 1060 3787 in
1076 3741 1172 3789 causa
1193 3722 1331 3801 dicenda,

150 3823 337 3907 praesertim
370 3822 501 3904 capitia,
535 3824 634 3904 magis
669 3823 836 3889 accederet
871 3823 911 3890 ad
944 3823 1120 3889 facundiam
1152 3824 1332 3906 priscorum,

151 3941 230 4006 quos
260 3929 428 4005 tantopere
456 3923 653 3989 admiramur.
697 3924 811 3988 Mirum
841 3930 892 3989 est
918 3924 1044 4005 vidisse,
1077 3923 1192 4006 quibus
1223 3924 1330 4001 vernia

151 4044 212 4107 qua
233 4023 388 4104 facundia,
411 4024 524 4104 quibus
545 4025 750 4105 argumentis
773 4043 834 4106 quo
857 4026 954 4105 vultu,
976 4043 1038 4107 quo
1060 4043 1125 4105 ore,
1149 4043 1213 4107 qua
1226 4024 1331 4092 fiducia

150 4125 354 4207 responderit
367 4124 568 4203 adversariis
583 4143 621 4189 ac
635 4124 759 4190 demum
774 4143 900 4191 causam
916 4125 1090 4208 perorarit3
1113 4131 1149 4190 ut
1170 4124 1329 4191 dolendum

150 4228 201 4306 sit,
225 4232 287 4290 tam
306 4225 412 4291 nobile
427 4225 597 4306 ingenium,
621 4234 746 4306 tamque
762 4227 928 4307 excellens,
951 4226 990 4291 ad
1005 4226 1060 4292 illa
1073 4225 1217 4292 haeresis
1231 4224 1328 4293 studia

151 4325 327 4403 divertisse,
362 4361 399 4370 -
434 4326 539 4407 prouti
572 4331 676 4391 tannen
710 4343 785 4390 vcra
817 4330 900 4404 scint,
934 4343 1015 4403 quae
1048 4323 1107 4389 sibi
1135 4326 1329 4408 objiciuntur.

150 4425 261 4506 Neque
295 4426 376 4490 enim
409 4426 471 4512 mei
502 4426 654 4505 interest,
692 4431 812 4490 mittam
844 4443 911 4490 rem
943 4424 1132 4505 dijudicare:
1170 4427 1329 4510 acquiesco

151 4543 259 4590 eornm
286 4526 463 4604 sententiis
494 4526 548 4606 qui
570 4527 780 4608 sapientiores
802 4525 968 4591 habentur.
1011 4524 1121 4606 Neque
1145 4532 1253 4595 tamen
1273 4523 1329 4593 eri·

151 4626 295 4704 stimato,
328 4644 377 4690 me
416 4627 449 4691 in
480 4644 599 4691 morem
633 4634 793 4692 oratorum
826 4627 1009 4708 singillatim
1041 4644 1169 4693 cauam
1202 4627 1330 4695 referre:
