2992 5258
604 404 747 473 Epistolac
762 405 881 474 scriptae

711 635 771 712 29.

602 827 881 915 Eidem.

149 1041 271 1110 Papam,
288 1044 314 1094 a·
330 1042 451 1113 ospicium
466 1043 614 1097 madiam
634 1043 736 1099 Cirr-isti
752 1046 908 1113 sumptam
925 1054 1062 1108 currerat,
1080 1048 1216 1101 vicariam
1235 1048 1338 1104 Christi

149 1142 205 1179 ease
222 1126 363 1188 declarat;
380 1129 425 1181 aia
441 1137 534 1181 autem
551 1147 570 1182 a
584 1128 684 1183 Christi
701 1131 826 1199 cample
843 1130 962 1193 recedat,
981 1147 1037 1184 esse
1049 1148 1109 1184 eum
1126 1131 1342 1201 Antichrirtaat,

150 1226 229 1279 quem
246 1227 339 1263 omnes
356 1227 452 1264 cauere
469 1212 600 1273 debcant:
624 1214 759 1282 quidquid
775 1231 838 1267 vero
852 1230 935 1283 papa
956 1231 1017 1268 oum
1035 1217 1228 1270 cardinalibus
1248 1217 1340 1271 dcere·

166 1295 236 1349 uerit
252 1295 295 1348 vel
310 1294 496 1359 mandauerit,
519 1296 549 1350 id
566 1305 623 1350 tam
641 1297 749 1351 &mum
766 1298 966 1353 obseruandum
984 1316 1047 1366 esce,
1065 1302 1091 1354 a·
1107 1319 1127 1354 a
1146 1300 1249 1356 otras
1265 1302 1325 1371 laps

629 1398 685 1435 aaa
702 1381 859 1436 abmeot.

698 1548 862 1619 „Responsio
880 1551 917 1605 bi.
935 1550 1032 1606 Joann.
1049 1550 1109 1606 Hns
1126 1550 1240 1608 finalis.“

250 1718 287 1783 In
308 1719 370 1785 isto
392 1718 463 1784 volo
485 1723 585 1785 stare:
629 1719 712 1802 quod
743 1719 845 1788 habeo
867 1739 981 1804 papam
1001 1738 1061 1803 pro
1082 1722 1200 1789 doario
1223 1721 1343 1791 Christi

150 1822 184 1886 in
207 1820 342 1886 ecelesia
352 1821 500 1900 Romana
523 1820 580 1886 sed
601 1838 664 1886 non
686 1827 737 1886 est
757 1821 833 1886 mihi
854 1820 941 1887 fides.
985 1822 1065 1889 Item
1086 1822 1119 1887 in
1140 1824 1204 1889 isto
1225 1828 1291 1902 sto:
1314 1822 1343 1889 si

152 1939 235 2005 papa
256 1926 307 1986 est
333 1921 589 2002 praedestinatus
621 1926 654 1987 et
686 1927 816 1986 exercet
847 1920 983 1987 officium
1014 1923 1174 2006 pastorale
1206 1940 1344 2005 sequens

153 2020 313 2086 Christum
334 2022 367 2086 in
388 2022 537 2102 moribus,
570 2027 646 2088 tunc
666 2028 718 2088 est
739 2027 835 2105 caput
855 2028 965 2089 tantm
992 2024 1156 2090 militantis
1179 2025 1345 2106 eeclesiae,

153 2126 301 2202 quantam
323 2123 422 2203 regia
445 2129 478 2188 et
499 2122 526 2186 si
548 2122 593 2189 sic
615 2123 699 2205 regit
720 2123 900 2206 capitaliter
921 2124 1094 2189 secundum
1109 2125 1212 2206 legem
1224 2123 1345 2193 Christi

155 2227 253 2288 totam
271 2221 336 2302 jam
357 2223 544 2288 militantem
566 2223 741 2304 eeclesiam,
768 2231 844 2289 tunc
867 2230 917 2289 est
937 2241 1031 2289 verus
1061 2225 1130 2307 ejus
1159 2226 1346 2308 capitaneus

48 2405 50 2408 Α
155 2322 214 2388 sub
235 2322 429 2406 archicapite
450 2322 576 2389 domino
597 2323 675 2389 iesu
697 2323 834 2389 Christo.
877 2324 910 2390 Si
932 2342 1008 2390 vero
1030 2325 1108 2391 vivit
1120 2323 1249 2391 Christo
1270 2341 1346 2393 con-

157 2422 266 2502 trarie,
289 2429 364 2489 tnnc
386 2429 437 2490 est
457 2423 517 2504 fur,
539 2424 620 2491 latro
642 2423 817 2490 ascendens
838 2424 966 2491 aliunde
988 2429 1022 2490 et
1043 2431 1093 2490 est
1113 2424 1208 2508 lupus
1237 2443 1348 2509 rapax,

154 2524 329 2608 hypocrita,
353 2530 386 2591 et
406 2543 489 2591 nunc
511 2525 595 2591 inter
617 2542 726 2590 omnes
755 2525 878 2591 viantes
906 2526 1096 2609 praecipuus
1120 2525 1347 2593 Antichristus.

155 2625 282 2693 Debent
303 2643 379 2707 ergo
400 2625 573 2692 secundum
596 2626 878 2707 praemonitionem
890 2624 1008 2691 Christi
1030 2642 1145 2692 cavere
1165 2626 1229 2693 sibi
1249 2644 1270 2693 a
1289 2624 1348 2693 lali

155 2728 230 2810 lupo
252 2732 286 2793 et
306 2724 472 2793 attendere
494 2727 693 2811 prophetiam
716 2727 834 2793 Christi
856 2726 1004 2792 dicentis:
1036 2716 1068 2792 Si
1090 2725 1239 2805 dixerint,
1272 2742 1348 2793 coos

155 2828 206 2894 hic
239 2833 289 2894 est
310 2826 464 2907 Christus,
501 2827 598 2892 nolite
634 2827 783 2906 credere;
816 2829 937 2909 quare?
958 2827 1033 2908 qnia
1054 2830 1187 2909 surgent
1207 2825 1349 2893 Pseudo·

158 2928 279 3007 christi,
301 2928 321 2992 i.
344 2944 371 2992 e.
394 2947 495 3011 papae
517 2928 575 2994 sub
597 2929 723 2995 nomine
746 2929 873 3008 Christi,
895 2934 929 2994 et
949 2928 1071 2995 dabunt
1100 2928 1191 3010 signa
1217 2944 1349 3009 magna3

157 3035 290 3112 surgent
310 3029 617 3113 pseudoprophetae,
641 3037 676 3098 ut
697 3049 850 3115 paparum
872 3029 1030 3109 doctores
1059 3035 1093 3096 et
1115 3029 1235 3095 dabunt
1256 3027 1351 3108 signa

157 3148 271 3211 magna
291 3136 324 3197 et
345 3131 499 3213 prodigia,
521 3132 567 3197 ita
587 3138 623 3197 ut
644 3133 676 3197 in
699 3149 840 3198 errorem
861 3131 1061 3209 inducantur,
1090 3130 1118 3195 si
1139 3127 1208 3194 fieri
1231 3132 1350 3211 potest,

158 3230 253 3297 etiam
274 3230 378 3297 electi.
409 3232 527 3298 Beatus
550 3250 635 3313 ergo,
658 3231 711 3313 qui
733 3249 797 3297 non
818 3231 961 3297 timuerit
983 3231 1123 3312 ipsorum
1145 3234 1288 3294 terrores
1309 3226 1351 3293 de

158 3331 246 3397 coelo
268 3330 479 3412 fulminantes,
501 3333 522 3398 i.
544 3351 571 3398 e.
594 3331 943 3411 excommunicationes,
965 3331 1080 3413 quibus
1101 3335 1226 3396 terrent
1244 3328 1375 3411 justos'

159 3437 193 3497 et
214 3432 452 3498 admirationem
474 3432 628 3499 inducunt
648 3433 681 3497 in
703 3432 838 3515 populis,
870 3438 904 3497 et
924 3431 1079 3514 prodigia,
1112 3431 1131 3496 i.
1154 3448 1181 3497 e.
1214 3428 1351 3510 alonge

158 3529 243 3596 iacta
263 3530 423 3610 miracula,
456 3533 530 3614 quin
561 3532 742 3598 aRomana
773 3531 861 3597 curie
894 3549 951 3613 per
972 3530 1106 3612 Prsgam
1134 3548 1193 3612 per
1214 3528 1353 3595 ducenta

159 3630 313 3709 milliaria,
344 3632 448 3713 qualia
479 3649 539 3698 neo
572 3632 648 3698 feeit
662 3632 773 3721 ,Simon
796 3632 917 3713 Magus,
951 3648 1009 3696 nec
1031 3632 1145 3696 Petms
1176 3627 1353 3712 apostolus

161 3731 280 3797 Beatus
303 3732 406 3810 etiam,
439 3733 492 3815 qui
515 3732 695 3799 consideret
727 3733 991 3798 abominationem
1024 3729 1238 3808 desolationis
1271 3746 1353 3810 quoe

161 3831 246 3897 dicta
267 3837 318 3896 est
338 3851 358 3895 a
378 3831 520 3913 Daniele,
542 3832 707 3916 stante(m)
730 3834 762 3898 in
779 3833 978 3899 locosancto.
1002 3831 1062 3909 Qui
1074 3830 1160 3911 legit,
1183 3828 1352 3909 intelligat,

161 3932 207 3998 ait
235 3931 380 3997 Christus
401 3939 498 4015 caput
519 3935 681 4001 ecclesiae.
717 3935 805 4014 Quae
827 3934 911 3999 enim
932 3937 1041 4015 potest
1063 3949 1134 3996 esse
1155 3930 1258 4012 major,
1276 3928 1353 3994 abo·

163 4032 294 4097 minatio
316 4031 520 4098 desolationis
543 4035 574 4098 in
596 4035 665 4100 loco
687 4040 805 4114 sancto,
829 4035 847 4099 i.
861 4034 933 4098 ein
948 4033 1104 4113 dignitato
1119 4036 1237 4109 sancta,
1260 4047 1355 4110 quam

162 4133 279 4213 inquo
305 4131 425 4197 resedit
457 4135 685 4214 sanctissimus,
721 4134 888 4217 piissimus,
924 4132 1116 4210 mitissimus,
1152 4129 1355 4209 humillimus,

164 4235 392 4317 pauperrimus,
415 4234 690 4313 laboriosissimus,
725 4234 983 4317 patientissimus,
1013 4226 1207 4297 castissimus
1228 4230 1262 4294 in
1284 4229 1355 4295 loeo

164 4342 273 4400 sancte
296 4336 315 4400 i.
338 4354 364 4400 e.
388 4338 420 4402 in
443 4339 621 4417 sanctitate,
644 4338 764 4404 residet
785 4338 911 4403 nomine
933 4334 1159 4412 sanctissimus,
1196 4351 1231 4398 re
1254 4332 1356 4415 pessi·

165 4453 242 4506 mus,
266 4437 509 4518 crudelissimus,
531 4438 805 4518 vindicatissimus,
827 4436 1081 4520 superbissimus,
1103 4432 1219 4499 mundo
1236 4431 1358 4497 ditissi-

166 4553 243 4615 mus,
271 4538 544 4615 accidiosissimus,
577 4539 879 4622 impatientissimus,
912 4536 1202 4602 immundissimus?
1243 4535 1358 4600 Nonne

166 4642 216 4704 est
237 4636 429 4707 abominatio
451 4640 665 4708 inabstracta
687 4640 915 4706 desolationis?
937 4638 1021 4703 Vere
1032 4637 1065 4701 in
1076 4636 1204 4703 deserto
1219 4635 1360 4700 omnium
