2992 5258
215 399 276 458 202
451 392 643 447 decusationes
661 392 697 447 ll.
715 394 741 447 l.
761 394 819 448 llus
837 393 950 463 ejusque
969 410 1107 464 respousa.
1141 398 1166 451 8.

214 592 416 658 nihilominus
448 593 529 658 idem
563 595 605 659 ll.
625 596 766 661 loannes
799 595 867 660 Hus
896 601 969 677 post
1000 596 1164 661 scientiam
1198 601 1232 662 et
1259 595 1409 662 notitiam

214 692 369 759 dictorum
392 714 596 776 processuum
619 696 720 777 palam
746 702 779 759 et
801 696 925 776 publice
948 694 1050 759 dictos
1077 695 1228 761 articulos
1250 715 1408 765 erroneos

215 799 279 858 tarn
301 795 332 858 in
355 796 509 872 ecclesiis,
531 813 622 876 quam
645 796 676 858 in
700 794 816 858 scholis
838 800 871 858 et
892 795 962 858 aliis
985 794 1062 859 locis
1085 795 1209 870 tenuit,
1243 795 1352 862 docuit
1374 803 1411 862 θη

215 894 425 977 praedicavit,
455 903 487 959 ct
508 897 548 961 ab
571 896 633 960 illis
656 914 782 959 cessare
804 914 866 960 non
890 895 1021 960 claravit.
1058 896 1195 978 Propter
1217 896 1300 977 quod
1322 896 1412 961 idern

216 993 253 1057 D.
286 996 552 1078 archiepiscopus
585 996 636 1060 die
657 996 807 1060 vicesima
839 1003 952 1076 qrrarta
972 996 1091 1059 mensis
1113 995 1310 1078 Septembris
1330 997 1411 1062 anni

214 1094 355 1175 proxime
388 1095 612 1178 suprascripti,
641 1115 679 1159 en
702 1114 739 1160 eo
761 1097 866 1172 etiam,
889 1096 973 1176 quod
994 1115 1057 1159 non
1080 1096 1289 1163 obediebatur
1311 1096 1410 1163 dictis

214 1195 417 1276 processibus
450 1203 483 1261 et
510 1196 735 1262 monitionibus
758 1207 791 1262 et
812 1198 946 1261 maxime
968 1197 1064 1261 etiam
1086 1197 1118 1262 in
1145 1197 1411 1279 praesentatione

215 1298 248 1358 et
276 1296 514 1375 consignatione
541 1297 697 1361 dicturum
724 1296 893 1376 librorum,
921 1313 996 1360 suos
1017 1296 1199 1377 praedictos
1221 1297 1411 1378 aggravarit

214 1413 393 1476 processus.
418 1418 423 1425 ·

312 1520 394 1585 item
415 1519 498 1601 quod
520 1519 737 1602 postmodum,
768 1536 837 1583 curn
860 1518 963 1583 dictus
985 1519 1028 1584 M.
1048 1520 1189 1584 loannes
1210 1520 1279 1585 Hus
1294 1521 1413 1588 fuisset

138 1662 141 1669 -
215 1619 255 1685 de
288 1619 525 1702 praedicatione
557 1620 713 1684 dictorum
752 1637 896 1683 errorum
930 1624 963 1682 et
996 1618 1213 1685 inobedientia
1243 1621 1414 1703 praedicta

215 1738 314 1801 penes
329 1723 578 1802 suprascriptum
594 1720 753 1784 domiuum
775 1727 918 1783 nostrum
941 1719 978 1782 l).
1000 1720 1020 1785 J
1023 1738 1156 1785 oannem
1171 1740 1284 1802 papam
1299 1722 1412 1787 XXIII

214 1820 355 1900 graviter
385 1820 577 1885 diffamatus:
609 1821 692 1883 idem
718 1819 863 1882 dominus
893 1825 1004 1884 noster
1024 1819 1101 1884 iecit
1122 1826 1241 1884 certam
1263 1823 1411 1888 commis·

215 1919 336 1984 sionem
358 1931 450 1984 rer¹¹¹⁰
479 1922 561 2002 patri
595 1919 632 1983 D.
656 1918 779 1984 Oddoni
802 1919 953 1983 cardinali
981 1920 1021 1984 de
1043 1918 1204 2000 Columna,
1231 1940 1289 2003 pur
1314 1939 1412 2003 quom

214 2019 393 2100 mandarit,
425 2026 462 2084 ut
492 2021 574 2085 idem
608 2020 649 2083 ll.
683 2020 824 2082 loannes
857 2019 925 2083 llus
958 2020 1113 2084 citaretur
1134 2021 1347 2101 personaliter
1370 2022 1412 2087 ad

214 2120 334 2183 curiam
363 2120 553 2198 Romanam,
588 2137 800 2201 responsurus
829 2119 860 2183 in
884 2120 1013 2201 propria
1035 2138 1171 2201 persona
1192 2139 1290 2202 super
1310 2123 1412 2186 certis

213 2219 357 2285 articulis
378 2227 490 2285 contra
505 2239 575 2284 oum
591 2220 672 2285 datis
689 2226 722 2285 et
738 2220 917 2301 productis;
941 2221 1031 2301 cujus
1054 2222 1281 2286 commissionis
1292 2222 1410 2302 rigore

215 2317 298 2383 idem
320 2319 362 2384 M.
384 2321 525 2384 loannes
546 2320 616 2385 llus
637 2320 698 2385 fuit
719 2321 932 2401 personaliter
954 2321 1070 2385 citatus
1092 2320 1133 2385 ad
1154 2320 1270 2386 dictam
1286 2320 1411 2388 curiam

215 2418 394 2494 Romanam,
417 2422 648 2502 comperiturus
670 2422 702 2484 in
725 2422 856 2504 propria
878 2439 1016 2503 persona
1036 2422 1069 2486 in
1091 2427 1180 2487 certo
1202 2421 1350 2489 termino.
1366 2421 1411 2488 Et

214 2519 261 2584 sic
281 2519 342 2585 luit
363 2527 397 2586 et
418 2528 467 2586 est
488 2540 607 2587 verum.

312 2645 392 2712 Item
424 2646 508 2728 qrrod
539 2647 728 2712 adveniente
761 2647 896 2710 termino
930 2646 1167 2728 cornparitionis
1200 2645 1324 2712 fiendae
1348 2666 1410 2730 per

214 2743 331 2811 dictum
364 2749 406 2812 Μ.
438 2748 592 2812 Joaunem
628 2747 706 2818 Hos,
737 2755 769 2811 et
801 2748 870 2828 ipso
892 2747 935 2811 Μ.
957 2748 1081 2812 Joaune
1108 2766 1171 2811 uon
1193 2756 1409 2829 comparente,

213 2864 251 2911 ac
282 2855 369 2913 certo
401 2848 508 2913 libello
540 2853 651 2913 contra
683 2865 754 2911 eum
788 2847 861 2911 dato
885 2853 918 2912 et
939 2847 1096 2912 haeresim
1120 2847 1320 2913 concludenti
1342 2838 1408 2913 non

214 2948 437 3028 respondente,
459 2948 543 3014 idem
565 2948 602 3012 D.
625 2948 801 3014 Cardinalis
817 2947 1059 3027 commissarius,
1083 2948 1219 3012 servatis
1232 2948 1409 3027 servandis,

214 3046 254 3112 de
275 3066 384 3114 meuse
401 3049 567 3114 Februarii
588 3050 662 3113 anni
679 3049 796 3112 domiui
818 3049 974 3112 millesimi
991 3047 1294 3129 qrradriugentesimi
1308 3046 1410 3112 uude·

214 3147 294 3225 rimi,
317 3148 452 3213 eundem
467 3149 515 3228 M.¹
531 3148 685 3214 Joaurrem
708 3146 777 3212 Hus
799 3154 1014 3213 contumacem
1030 3153 1062 3212 et
1084 3165 1146 3212 nou
1170 3156 1409 3229 comparentem

212 3265 250 3312 ac
277 3238 513 3317 inobedientem
535 3248 567 3313 in
596 3250 725 3329 scriptis
748 3248 1028 3312 excorrnnunicavlt
1050 3252 1083 3311 et
1105 3248 1408 3315 excommunicatum

212 3346 290 3412 iecit
321 3348 518 3427 denuntiari;
551 3368 643 3430 quam
676 3348 1029 3413 excurrimunicatiouem
1062 3347 1145 3411 idern
1174 3347 1316 3412 loannes
1339 3348 1408 3412 Hos

214 3447 366 3512 sustinuit
402 3466 500 3528 usque
533 3448 565 3512 in
598 3454 799 3529 praesentem
832 3446 936 3523 diem,
969 3466 1005 3510 ac
1027 3447 1121 3511 hodio
1143 3447 1283 3511 sustinet
1303 3449 1408 3514 animo

213 3546 371 3628 indurato,
394 3568 456 3613 nou
473 3568 587 3614 curans
604 3547 711 3613 redire
727 3549 764 3613 ad
782 3548 935 3627 grcunium
959 3555 1087 3612 sanctae
1108 3547 1220 3611 matris
1242 3547 1408 3612 ecclesiae.

313 3673 394 3737 item
423 3674 506 3755 quod
527 3675 726 3756 postmodum
754 3693 922 3754 processus
945 3673 1098 3754 praedicti
1122 3673 1160 3737 de
1183 3692 1265 3738 anuo
1290 3673 1408 3739 domini

213 3768 585 3853 M⁰quadringentesimu
608 3774 802 3846 duodecimo,
827 3786 859 3837 et
875 3775 913 3839 de
936 3794 1044 3838 mense
1065 3774 1142 3838 lulli
1165 3773 1308 3853 ejusdem
1323 3775 1408 3855 auni,

142 3948 149 3958 ¹
213 3881 346 3954 propter
374 3875 600 3939 contumaciam
623 3884 656 3939 ct
679 3875 925 3940 inobedientiam
949 3874 1091 3953 ejusdem
1114 3874 1155 3938 ll.
1175 3874 1311 3939 loannis
1327 3875 1407 3953 ilua,

211 3970 342 4038 ruerunt
371 3993 430 4053 per
455 3985 570 4037 rev¹¹¹¹¹m
593 3984 715 4056 patrem
739 3976 775 4038 l).
798 3977 928 4039 Petrum
955 3974 1147 4039 cardinalem
1169 3975 1269 4038 sancti
1294 3968 1409 4057 angeli

211 4078 286 4137 tunc
308 4071 349 4137 ad
369 4072 430 4137 boc
451 4074 698 4138 commissarium
720 4084 832 4139 contra
854 4075 988 4138 eundem
1011 4074 1219 4140 maerorem
1237 4074 1319 4155 Hos,
1340 4092 1408 4140 ser·

124 4214 127 4219 -
212 4172 293 4237 vatis
314 4172 487 4252 servandis,
510 4176 674 4254 aggravati
701 4183 735 4237 θη
757 4175 965 4255 reaggravati.

312 4298 392 4363 Item
425 4299 509 4378 quod
540 4299 717 4380 hujusmodi
748 4302 1027 4365 excommunicatio
1063 4308 1095 4364 et
1127 4301 1314 4379 aganavatio
1339 4299 1408 4366 iue-

212 4404 288 4462 runt
308 4397 392 4462 dicto
424 4399 466 4463 Μ.
488 4400 603 4464 loanni
625 4400 695 4464 Hos
729 4401 926 4465 sufficienter
953 4402 1116 4465 intimatae
1152 4407 1184 4465 et
1211 4399 1408 4481 insinuatae,

212 4515 270 4564 seu
302 4499 416 4564 saltem
447 4499 487 4565 de
520 4500 597 4582 ipsis
629 4501 700 4583 ipse
729 4502 770 4566 ll.
793 4502 934 4566 loannes
964 4501 1032 4566 Hus
1055 4501 1165 4567 habuit
1196 4500 1408 4569 indubitatam

214 4597 367 4679 notitiam,
399 4604 496 4681 prout
526 4617 564 4663 ex
594 4601 727 4680 quadam
767 4600 981 4682 appellatione
1016 4609 1186 4681 praetensa
1217 4601 1407 4685 peripsum
