2992 5258
154 425 214 487 104
372 416 512 486 Epistulae
530 416 646 484 scriptae
665 415 838 470 constantiae
858 429 950 469 mense
968 414 1049 470 sunio
1068 416 1133 470 1415

152 630 184 689 ct
213 622 298 688 circa
326 621 404 686 alios
434 621 568 701 amicos,
601 637 680 701 quos
710 620 814 685 noscit
843 619 997 701 plebanus
1025 636 1116 684 mens
1145 618 1294 699 scolaris
1322 621 1349 686 si

151 742 251 805 equus
273 722 386 803 aliquis
408 721 524 785 mansit
545 739 615 786 cum
638 739 742 799 curru,
774 721 810 784 D.
833 720 949 786 loanni
972 719 1067 786 debet
1098 736 1236 786 manere.
1279 720 1349 785 'l‘ibi

151 843 227 889 vero
243 824 285 887 ll.
298 822 462 901 Martinus
486 822 512 886 si
535 821 621 900 vivit,
645 821 748 886 velM.
762 819 981 900 Christannus,
1006 822 1046 886 de
1069 838 1131 902 qino
1154 819 1287 900 confido,
1311 820 1350 886 de

151 931 287 1006 quatuor
303 930 333 988 et
356 924 475 987 utinam
498 921 650 987 libentius
680 920 719 985 de
742 920 852 986 decem
876 921 1044 1001 sexagenis
1067 938 1252 1001 grossorum
1275 938 1349 1002 pro-

151 1026 311 1090 videbunt.
337 1025 433 1099 Scito,
455 1022 539 1104 qrrod
555 1040 617 1087 non
635 1028 710 1086 sunt
724 1022 887 1104 pecuniae,
911 1040 989 1103 qrras
1006 1039 1065 1103 ego
1081 1022 1194 1088 vellem
1210 1039 1349 1105 pensare

152 1144 210 1209 pro
225 1132 281 1191 tno
296 1124 528 1202 feruentissinu
551 1121 729 1188 firmissimo
747 1129 780 1188 et
794 1121 976 1188 fidelissimo
992 1122 1117 1201 aflectu,
1139 1141 1232 1204 quem
1247 1122 1346 1188 habas

152 1227 192 1291 ad
214 1226 391 1305 veritatem,
419 1231 451 1290 et
474 1242 532 1306 pro
555 1229 609 1289 tuo
633 1225 763 1289 servitio
787 1229 819 1288 et
841 1241 899 1305 pro
922 1223 1148 1305 consolatione,
1171 1242 1249 1305 quas
1270 1223 1346 1288 mihi

152 1325 322 1391 exhibuisti
344 1325 377 1388 in
400 1323 657 1389 tribulationibus
679 1324 765 1390 meis
819 1324 906 1388 Deus
939 1326 982 1390 sit
1004 1342 1128 1391 merces
1151 1332 1206 1392 tua
1225 1342 1350 1406 magna

153 1428 226 1508 quia
248 1436 306 1506 ego
329 1444 392 1489 non
413 1424 834 1504 babeaunde‘retribuam.
872 1425 902 1490 Si
916 1444 964 1490 me
978 1427 1179 1506 contingeret
1200 1425 1232 1489 in
1248 1426 1352 1506 Prsga

152 1529 269 1605 vivere,
297 1536 373 1592 turm
401 1543 464 1589 rron
493 1522 602 1604 aliter,
632 1525 692 1589 nisi
716 1532 751 1590 nt
778 1544 848 1590 cum
871 1543 1020 1606 gennano
1042 1527 1158 1603 fratre,
1188 1526 1294 1591 omnia
1314 1530 1349 1591 et

153 1628 254 1693 adhuc
276 1628 395 1708 largius
417 1626 529 1690 vellem
552 1625 682 1707 partiri;
712 1625 769 1689 sed
796 1626 829 1690 in
851 1627 955 1707 grstia
978 1626 1095 1692 domini
1118 1645 1181 1693 non
1203 1626 1348 1708 impossi-

153 1729 261 1794 biliter
293 1727 415 1791 reditus
448 1744 536 1790 meus
565 1731 630 1790 stat
652 1725 691 1790 ad
714 1727 857 1808 Pragsm,
887 1746 979 1808 quem
1001 1746 1064 1793 non
1088 1727 1252 1806 desidero,
1288 1726 1347 1791 nisi

150 1829 242 1910 juxta
253 1829 447 1893 voluntatem
460 1826 586 1903 domini,
610 1826 664 1906 qui
687 1827 783 1891 estin
799 1827 896 1893 coslo.
923 1828 1074 1908 viations,
1098 1845 1191 1909 quam
1206 1827 1248 1890 Μ.
1266 1827 1354 1892 Mar·

152 1930 220 1995 tino
236 1930 425 2010 lcgaucram,
451 1926 622 1991 nesciocui
646 1926 746 2007 cedat,
770 1946 863 2008 quem
878 1927 980 1994 adhuc
995 1929 1106 1995 liabeo.
1150 1927 1228 1993 Cum
1250 1927 1352 2005 libris,

150 2029 241 2110 juxta
263 2028 347 2109 qnod
375 2028 487 2109 scripsi
516 2027 557 2090 ll.
579 2027 728 2107 blurtino,
760 2028 806 2093 ita
828 2028 1015 2111 disponetis,
1039 2036 1072 2095 ct
1093 2029 1216 2111 aliquos
1239 2027 1351 2107 Viclef,

154 2129 208 2210 qui
230 2128 289 2212 tibi
319 2128 503 2210 placebunt,
533 2129 677 2210 accipies.
723 2128 793 2193 darn
827 2129 961 2194 maxima
996 2149 1072 2196 cura
1104 2137 1154 2195 est
1186 2129 1261 2193 mihi
1294 2146 1353 2211 pro

153 2227 305 2294 fratribus
327 2230 456 2308 nostris,
480 2230 532 2309 qui
555 2230 687 2293 aestimo
711 2228 805 2293 etiarn
825 2231 1032 2310 vexabuntur,
1055 2231 1115 2296 nisi
1131 2231 1211 2296 deus
1226 2248 1353 2295 manum

154 2346 243 2394 suam
264 2329 459 2413 apposuerit,
483 2335 516 2393 et
531 2329 637 2409 timeo,
660 2348 700 2394 ne
722 2331 813 2396 multi
835 2331 1098 2397 scandalizentur.
1142 2331 1231 2412 Rogo
1247 2330 1352 2395 adbuc

154 2447 289 2512 semper,
312 2430 414 2496 saluta
430 2429 572 2495 dominos
596 2448 705 2494 ornnes
721 2430 878 2496 Bobenrus
900 2440 933 2498 et
944 2433 1080 2498 Polonos
1095 2449 1208 2512 magno
1224 2430 1353 2511 affectu,

153 2548 223 2595 cum
245 2530 419 2611 gratiarum
441 2530 576 2608 actione,
600 2538 634 2596 ct
655 2532 845 2613 praesertim
868 2532 1012 2597 dominos
1035 2530 1256 2598 wenceslaum
1277 2535 1350 2610 etc,

153 2649 232 2712 quos
255 2631 402 2696 desidero
424 2649 496 2695 esse
518 2632 550 2696 in
572 2631 743 2698 audientia.
793 2632 871 2698 Vale
893 2633 925 2697 in
948 2633 1076 2699 Christo
1097 2633 1185 2698 lesu.

251 2763 280 2816 E
296 2762 356 2816 MS.
377 2763 502 2819 Mecum.
520 2783 548 2834 p.
566 2761 613 2819 90.
650 2765 732 2819 Mas.
757 2763 854 2820 Vienn.
880 2764 965 2826 4524,
979 2766 1001 2834 s.
1022 2764 1065 2819 84.
1084 2794 1117 2803 -
1135 2764 1220 2826 4557,
1239 2765 1267 2834 s.
1288 2763 1353 2818 155.

154 2845 215 2900 ΜΒ.
234 2848 319 2915 capit.
338 2846 437 2917 Pray„
455 2848 508 2902 Nr.
527 2849 573 2912 48,
586 2849 610 2920 j.
630 2847 675 2904 76.

252 2949 328 3004 Edit.
345 2950 376 3002 in
392 2950 447 3019 sp.
463 2952 543 3020 piiss.
561 2951 593 3004 F.
612 2951 638 3023 4.
675 2945 749 3021 Opp.
772 2950 841 3014 Has,
860 2953 885 3019 1,
904 2949 945 3007 dd
961 2960 988 3005 et
1005 2950 1049 3006 84.

718 3315 779 3391 63.

252 3502 414 3588 Amicis
445 3508 530 3589 suis
563 3503 842 3593 Constantiae
874 3509 1248 3593 commorantibus

156 3718 230 3784 Quid
249 3720 387 3789 inprims
407 3720 555 3775 audientia
572 3722 719 3789 acciderit,
745 3709 847 3777 nutant
872 3732 954 3791 atores
971 3723 1064 3786 refert,
1083 3725 1192 3776 concilii
1208 3726 1355 3794 praesides

402 3806 490 3858 aliam
509 3807 683 3861 audientiam
702 3808 844 3876 publicam
863 3807 917 3859 sibi
932 3809 1100 3876 prostitisse.

643 3974 732 4042 (1415,
748 3977 765 4030 s
782 3975 857 4041 sun.)

452 4175 563 4243 „Refert
581 4192 721 4232 successus
739 4177 892 4232 audientiae
910 4178 1014 4245 pomae
1032 4178 1239 4235 tumultuosae.“

251 4345 337 4409 Deus
360 4344 560 4426 omnipotens
588 4345 677 4412 dedit
704 4347 780 4411 milri
802 4346 896 4412 hodie
919 4365 974 4412 cor
996 4349 1171 4413 animosum
1194 4356 1227 4414 et
1248 4349 1349 4427 forte3

151 4444 248 4509 deleti
271 4450 345 4510 sunt
364 4445 430 4525 jaun
459 4446 585 4511 articuli
607 4446 678 4511 duo.
722 4447 824 4530 Spero
846 4447 885 4513 dc
907 4448 1012 4529 gratia
1033 4447 1101 4527 dci,
1132 4447 1217 4530 quod
1239 4447 1349 4530 plnres

150 4543 347 4611 dclcbuntur.
393 4545 576 4612 Clamabunt
597 4548 686 4627 (lilasi
715 4567 824 4614 ornncs
847 4547 1013 4614 adversum
1037 4567 1096 4628 me,
1125 4549 1208 4614 sicut
1229 4548 1345 4615 Judaai

150 4644 301 4711 adversus
323 4646 442 4712 desum.
487 4647 595 4713 Adbuc
621 4666 684 4712 non
707 4650 924 4715 veneruntad
947 4650 1090 4733 primum,
1115 4650 1239 4716 scilicet
1262 4649 1348 4735 quod
