2992 5258
147 387 188 450 50
416 465 419 473 Ι
608 380 747 450 Epistolae
766 379 882 450 scriptae

148 582 403 650 benedictionem
426 582 517 650 nobis
551 582 671 649 tribuet
704 584 872 665 episcopus
898 578 1189 664 praestantissimus
1211 579 1338 644 dicem:

149 686 264 750 Venite
285 684 444 749 benedicti
465 685 566 767 patris
579 684 650 761 mei,
673 683 829 766 percipite
851 701 999 764 regnum,
1024 682 1108 764 quod
1122 688 1269 765 paratum
1290 687 1344 747 est

149 786 238 851 vobis
260 785 300 851 ab
314 785 436 867 origine
451 784 566 850 mundi.
596 784 695 862 Quam
709 784 975 863 benedictionem,
999 783 1164 856 carissimi,
1187 800 1343 865 exposca-

151 904 228 966 mus,
252 887 476 967 quaeritemus
499 885 731 967 praestolemur
744 884 827 949 hene
848 885 1001 963 viventes,
1024 891 1059 950 ut
1074 884 1195 966 pariter
1210 885 1242 948 in
1265 901 1343 963 gau-

153 986 203 1050 dio
227 984 349 1051 infinito
379 987 411 1050 in
444 986 551 1051 secula
572 1003 769 1065 maneamus,
799 990 930 1068 propter
952 984 1201 1050 misericordiam
1223 983 1343 1048 domini

151 1086 252 1150 nostri
270 1085 349 1150 Jesu
371 1085 504 1165 Christi,
535 1085 588 1167 qui
610 1090 661 1150 est
682 1085 760 1150 deus
792 1092 825 1149 et
846 1084 937 1151 homo
960 1085 1147 1151 benedictus
1169 1084 1202 1149 in
1225 1083 1344 1159 secula,

152 1190 260 1250 Amen.

253 1302 281 1355 a
296 1301 358 1356 ms.
376 1303 462 1370 capo.
480 1299 569 1370 Prap.
587 1298 622 1362 r,
639 1298 679 1355 20
693 1302 746 1371 for.
760 1300 819 1354 112.
838 1300 900 1354 rus.
911 1303 986 1355 aneo.
997 1300 1087 1370 praa.
1099 1266 1344 1370 anancaeo.

257 1385 330 1439 Edit.
348 1385 379 1437 in
398 1384 470 1453 Opp.
488 1382 562 1446 Has,
580 1380 605 1446 I,
622 1380 661 1437 98
677 1393 702 1436 et
719 1382 782 1437 122.
805 1383 904 1453 Hdfler
917 1401 949 1453 p.
966 1382 1030 1439 218.

652 1554 851 1563 ——n—

726 1732 789 1806 24.

588 1922 918 2006 Eisdem.

161 2141 281 2201 Gaudet.
298 2139 372 2208 qaod
383 2139 495 2191 cabum
514 2138 561 2191 dei
574 2147 732 2191 oonatoater
741 2138 870 2198 audiant,
882 2145 1023 2206 optatque,
1040 2145 1071 2189 ut
1082 2138 1150 2191 &aaa
1160 2139 1196 2189 ia'a
1207 2138 1348 2206 largiatur

158 2226 292 2294 gratiam,
309 2223 542 2288 misericordiam,
569 2223 647 2291 cujac
665 2223 847 2290 praeclue-com
871 2222 1023 2290 exemplam
1047 2219 1170 2275 Christos
1186 2220 1348 2283 collibuerit,

389 2321 497 2373 pacem,
515 2319 599 2372 qaam
619 2302 721 2357 caraci
738 2320 812 2356 more
829 2306 866 2357 iia
881 2321 910 2356 ae
927 2313 1026 2373 optare
1044 2303 1120 2357 dico.

705 2471 800 2538 (rara.)

360 2638 476 2708 „Quinta
492 2638 632 2708 epistola.“

258 2792 300 2858 M.
322 2793 414 2859 Joan.
435 2791 486 2872 Η.,
508 2790 629 2856 inutilis
652 2807 764 2855 servus
794 2790 860 2871 dei,
883 2791 1027 2859 omnibus
1050 2793 1160 2859 electis
1180 2799 1277 2875 atquc
1299 2811 1350 2859 ze·

162 2893 301 2961 lantibus
324 2891 483 2958 dominum
505 2893 616 2958 Jesum
638 2888 799 2957 Christum
821 2899 854 2958 et
875 2892 1006 2958 verbum
1028 2894 1106 2976 ejus,
1132 2894 1186 2975 qui
1207 2893 1353 2961 habitant

163 2995 196 3060 in
217 2993 370 3074 Pragensi
392 2992 535 3058 civitate:
557 2992 677 3072 gratia,
706 2991 924 3058 misericordia
946 2999 979 3057 et
1000 3012 1061 3076 pax
1083 2993 1182 3060 adeo
1204 3001 1298 3077 patra
1319 2999 1355 3061 et

164 3094 290 3160 domino
311 3094 390 3159 Jesu
413 3091 550 3173 Christo,
573 3093 731 3159 salvatore
752 3100 873 3158 nostro.

265 3193 441 3261 Carissimil
467 3192 603 3260 Multum
624 3193 746 3274 gaudeo
770 3211 809 3258 ex
831 3194 910 3275 isto,
940 3193 1024 3275 quod
1045 3194 1176 3261 verbum
1206 3196 1258 3262 dei
1280 3213 1354 3263 con·

165 3302 289 3364 stanter
298 3294 474 3375 attenditis,
497 3300 530 3360 et
551 3293 635 3377 quod
657 3293 839 3359 misericors
860 3293 1000 3361 salvator
1016 3295 1113 3361 duces
1137 3293 1280 3362 efficaces
1301 3314 1356 3363 ve·

165 3397 270 3463 ritatis
292 3395 381 3462 vobis
403 3394 546 3475 largitur.
570 3394 675 3472 Quare
698 3394 841 3475 gratiam,
862 3394 1112 3462 misericordiam
1133 3401 1230 3478 atque
1243 3413 1356 3478 pacem

167 3496 388 3579 cunctipotens
407 3495 496 3562 vobis
519 3493 697 3561 condonare
727 3492 876 3575 dignetur
906 3513 965 3577 per
992 3495 1182 3563 salvatorem
1211 3502 1357 3563 nostrum

168 3597 328 3662 dominum
348 3597 459 3662 Jesum
482 3594 660 3675 Christum,
694 3597 827 3678 gratiam
849 3596 890 3662 ad
918 3596 1044 3678 bonum,
1077 3597 1223 3681 quodque
1256 3607 1293 3665 ut
1323 3601 1357 3666 iu

168 3699 246 3780 ipsa,
269 3695 528 3779 quemadmodum
550 3697 731 3777 inchoastis,
754 3698 835 3764 bene
859 3696 1033 3780 proficiatis
1056 3703 1089 3762 et
1102 3698 1226 3763 utiliter
1247 3701 1357 3766 termi-

169 3798 269 3877 netis;
302 3802 336 3862 et
366 3796 629 3878 misericordiam,
663 3816 756 3878 quam
782 3796 816 3862 in
837 3789 989 3864 memoria
1010 3798 1164 3863 habentes
1191 3806 1359 3880 gratanter

170 3897 352 3980 acceptetis,
375 3897 449 3979 quia
470 3896 547 3963 deus
570 3904 730 3975 aeternus,
754 3896 879 3963 bonitas
901 3915 1031 3977 summa,
1055 3916 1112 3979 pro
1136 3898 1227 3964 nobis
1244 3916 1359 3980 pecca·

171 3998 309 4078 toribus,
341 3997 434 4063 homo
456 3994 526 4061 fieri
560 4003 610 4063 est
632 3996 788 4079 diguatus,
814 3998 1041 4079 aegrotativus,
1064 4004 1247 4081 consputus,
1270 3999 1359 4079 igno·

170 4100 332 4178 miniosus,
366 4098 474 4164 asnis
507 4099 742 4180 condemnatus,
776 4099 883 4164 viliter
905 4101 1043 4183 rejectus
1069 4099 1166 4187 adeo,
1200 4099 1284 4181 quod
1309 4118 1360 4167 sa·

171 4199 334 4266 cerdotum
356 4198 443 4265 ducti
458 4200 599 4280 consilio,
623 4200 776 4266 habentes
799 4200 957 4277 eduobus
972 4200 1102 4283 eligere,
1125 4200 1261 4283 populus
1275 4218 1360 4267 com·

172 4301 274 4365 munis
296 4318 354 4382 pro
375 4300 453 4365 Jesu
474 4299 632 4366 salvatore
656 4301 790 4367 innocuo
812 4301 919 4383 potius
940 4301 1096 4367 latronem
1117 4320 1154 4367 ac
1172 4299 1361 4367 homicidam

174 4400 271 4481 elegit
291 4400 479 4465 sceleratum
512 4408 544 4465 et
571 4401 678 4483 posuit
709 4401 898 4467 salvatorem
919 4401 952 4465 in
974 4401 1114 4466 derisum
1145 4409 1241 4483 atque
1272 4400 1361 4483 igno·

174 4501 299 4565 nimiam
332 4502 394 4580 sic,
424 4500 509 4582 quod
542 4500 695 4567 vocilerat
716 4521 785 4567 cum
815 4502 943 4584 planctu
965 4521 1022 4585 per
1043 4503 1215 4568 Jeremiam
1236 4501 1362 4567 dicens:

175 4599 298 4681 Audite,
329 4602 470 4679 obsecro,
501 4602 640 4665 universi
663 4602 788 4684 populi,
819 4612 852 4668 et
875 4603 978 4667 videte
1001 4602 1278 4669 doloremmeum.
1321 4600 1364 4667 Et
