2992 5258
362 402 534 471 Responsum
551 401 588 456 hl.
606 401 631 455 J.
649 401 708 456 llus
726 400 761 457 ad
778 401 906 456 articulos
923 401 1013 457 Pelei„
1032 403 1105 457 lllb
1275 406 1336 470 219

148 608 292 682 populum,
307 610 405 680 'quem
431 613 538 679 potest,
568 606 625 664 sibi
654 606 831 680 suppeditat
875 606 1016 665 Similiter
1044 607 1139 665 clerus
1171 623 1233 665 eum
1259 621 1337 677 papa

147 711 259 769 loanne
293 710 332 765 23
364 709 501 780 populum
534 706 666 781 laicalem
694 706 750 764 sibi
783 706 952 777 suppeditat
981 707 1017 766 ad
1054 707 1099 764 sui
1131 705 1337 765 obedientiam.

148 809 232 868 Putet
253 808 341 866 etiam
361 807 438 866 istud
461 823 516 877 per
537 805 722 865 Ezechielem
744 804 816 877 eup⁰
835 808 879 876 13,
903 806 952 865 ubi
976 806 1046 866 dicit
1067 806 1216 867 dominus:
1238 805 1338 863 Viola-

148 907 218 965 bant
250 923 295 964 me
325 912 356 964 et
383 905 521 978 populum
551 920 644 962 meum
674 912 797 976 propter
830 903 970 978 pugillum
1000 905 1104 964 hordei
1133 906 1178 964 rel
1207 904 1337 980 fragmen

148 1007 241 1078 panis,
250 1012 283 1062 ut
292 1002 490 1064 interficerent
501 1004 619 1072 aruimus,
635 1019 709 1075 quae
721 1019 780 1063 non
795 1004 963 1074 moriuntur,
979 1010 1009 1063 et
1023 1001 1203 1064 vivificarent
1215 1008 1337 1075 aubnas,

149 1122 221 1179 quae
243 1120 303 1164 non
324 1104 431 1163 vivunt.
474 1104 561 1163 Patet
582 1105 669 1162 etiarn
698 1103 864 1163 Ezechielis
893 1106 941 1179 34,
967 1104 1018 1163 ubi
1049 1105 1177 1177 loquitur
1205 1106 1339 1166 domiuus

147 1206 268 1265 multum
287 1204 325 1263 de
341 1203 518 1276 pastoribus,
542 1202 590 1277 qui
611 1211 736 1274 pascunt
756 1220 789 1263 se
810 1204 892 1276 ipsos
915 1211 946 1263 et
966 1220 1035 1265 oves
1057 1221 1116 1263 non
1138 1213 1263 1277 pascunt
1284 1205 1338 1264 sed

150 1306 288 1374 lacerant,
310 1304 388 1378 quod
403 1303 461 1363 late
476 1309 638 1376 pertractat
652 1304 754 1362 beatus
772 1304 933 1377 Gregorius
948 1305 978 1362 iu
993 1304 1145 1376 pastorali.
1172 1305 1212 1364 Et
1227 1305 1340 1364 Omelia

152 1409 187 1467 17
211 1405 295 1475 dicit:
329 1404 478 1477 Cogitate,
512 1402 582 1475 quid
604 1403 640 1461 de
663 1403 801 1476 gregibus
823 1410 942 1478 agatur,
971 1404 1086 1476 quando
1114 1403 1177 1477 lupi
1203 1411 1339 1478 pastores

150 1511 222 1574 sunt,
257 1503 372 1577 quando
401 1503 432 1562 hi
458 1502 617 1562 custodiam
639 1503 737 1575 gregis
760 1504 929 1575 suscipiunt,
953 1504 1002 1577 qui
1022 1503 1157 1563 insidiari
1177 1504 1259 1578 gregi
1281 1519 1339 1563 non

150 1611 288 1671 metuunt
310 1603 397 1662 Patet
419 1603 506 1661 etiam
528 1618 581 1673 per
601 1602 674 1661 illud
691 1602 785 1661 Ozeae
809 1606 853 1672 3⁰,
874 1604 924 1662 ubi
947 1603 1052 1663 dicitur
1067 1603 1104 1662 de
1120 1603 1340 1663 sacerdotibus:

151 1704 181 1763 Si
203 1704 267 1776 quis
288 1718 348 1761 uon
370 1702 486 1761 dederit
514 1702 545 1759 in
567 1717 618 1760 ore
646 1718 745 1760 eorum
768 1703 927 1776 quidpiam,
960 1701 1143 1764 sanctificant
1163 1720 1253 1775 super
1273 1719 1340 1762 eum

150 1803 299 1875 proelium.
332 1803 418 1860 Patet
440 1802 527 1860 etiam
548 1803 638 1860 Amos
661 1804 679 1858 4
702 1808 731 1860 et
754 1800 788 1860 7⁰
808 1810 839 1861 et
859 1803 1017 1863 Zachariae
1035 1807 1082 1875 ll,
1103 1804 1153 1862 nbi
1173 1819 1228 1875 per
1248 1809 1340 1862 totum

152 1904 186 1961 de
208 1901 391 1975 pastoribus,
418 1901 467 1973 qui
489 1901 656 1959 violentiam
679 1900 789 1961 faciunt
810 1903 922 1962 ovibus.
964 1903 1039 1961 ltem
1059 1903 1193 1961 Micheas
1215 1902 1340 1962 dicitur:

152 2003 257 2062 lludite
279 2001 428 2074 principes
451 2000 543 2060 Jacob
566 2006 596 2059 et
617 2001 706 2060 duces
729 2002 831 2061 domus
854 2002 955 2071 lsrael,
988 2002 1038 2076 qui
1065 2002 1210 2061 violenter
1236 2001 1340 2062 tollitis

152 2102 243 2174 pelles
265 2118 366 2160 eorum
387 2101 514 2172 desuper
535 2100 578 2158 eis
600 2106 632 2158 et
652 2117 769 2160 carnem
800 2118 899 2160 eorum
928 2103 1054 2175 desuper
1086 2103 1202 2162 ossibus
1230 2118 1341 2177 eorum,

154 2204 201 2275 qui
223 2202 413 2260 comederunt
427 2216 545 2258 earnem
559 2199 660 2271 populi
682 2206 713 2258 et
733 2201 841 2272 pellem
856 2217 956 2260 eorum
971 2202 1098 2273 desuper
1113 2201 1342 2272 excoriaverunt,

153 2310 181 2359 ct
208 2318 278 2360 ossa
306 2317 405 2359 eorum
432 2298 640 2372 confregerunt
667 2306 697 2358 et
725 2301 917 2360 conciderunt
944 2303 1019 2361 sieut
1044 2302 1074 2359 in
1101 2302 1205 2359 lebete.
1249 2300 1341 2373 Quam

154 2402 324 2474 scripturum
339 2400 547 2473 prophetarum
563 2399 766 2458 Liuoonieusis
781 2402 811 2459 iu
828 2418 969 2471 sermone,
993 2418 1077 2475 quem
1099 2401 1230 2461 exhibuit
1244 2416 1341 2460 coram

153 2517 228 2573 papa
254 2509 285 2559 et
305 2499 512 2568 cardinalibus,
540 2499 671 2558 breviter
701 2501 743 2559 sio
764 2501 885 2571 reducit,
915 2500 993 2574 quod
1022 2508 1156 2573 pastores
1186 2500 1254 2559 mali
1276 2505 1342 2559 sunt

154 2603 303 2672 portiones
325 2599 434 2658 domini
456 2599 660 2658 desiderabilis
682 2600 712 2657 in
735 2601 881 2658 desertum
904 2600 1071 2659 solitudinis
1093 2601 1221 2669 datores,
1247 2599 1341 2657 omnis

153 2712 247 2761 terrae
260 2700 461 2773 dissipatores,
474 2699 571 2772 gregis
584 2699 692 2757 domiui
705 2700 902 2774 dispersores,
914 2701 1083 2760 dilatatores
1096 2708 1126 2758 et
1140 2701 1342 2772 dissipatores,
1438 2738 1441 2743 -

154 2803 253 2860 vineae
282 2799 391 2858 domini
419 2798 592 2870 depastores
623 2805 654 2857 et
674 2799 875 2859 demolitores.
916 2803 1025 2860 lterum
1047 2801 1132 2859 dicit:
1163 2800 1225 2873 lpsi
1246 2799 1342 2859 offecti

156 2910 220 2962 sunt
247 2901 396 2959 ridearurn
417 2898 663 2969 depraedatores,
693 2901 868 2971 pupillorum
895 2902 1079 2974 direptores,
1112 2902 1205 2962 crassi
1227 2900 1343 2973 quidem

155 3004 249 3076 gregis
288 3001 452 3068 occisores,
480 2998 599 3070 pellium
628 3000 726 3072 gregis
749 3001 876 3073 desuper
897 3003 940 3060 eis
963 3010 993 3061 et
1014 3002 1142 3062 carnium
1168 3001 1204 3059 de
1226 2999 1342 3059 ossibus

156 3120 250 3161 corum
284 3099 404 3159 violenti
425 3099 575 3157 ablatores
597 3106 629 3158 et
650 3101 758 3158 ossium
781 3118 880 3159 eorum
903 3100 1100 3161 confractores
1124 3105 1154 3159 et
1174 3100 1342 3160 concisores

157 3203 228 3262 siout
249 3203 281 3260 in
303 3200 409 3262 lebete.
452 3199 533 3257 Haeo
554 3199 758 3259 Liuoonieusis
781 3203 937 3273 episcopus
960 3201 1009 3259 ubi
1033 3216 1129 3272 supra.

250 3303 325 3360 Item
336 3299 439 3358 beatus
452 3299 619 3357 Bernerdus
631 3316 720 3372 super
732 3301 843 3359 cantica
858 3300 1006 3375 (sermone
1019 3304 1057 3359 77
1070 3307 1102 3358 ut
1112 3298 1245 3371 aestimo)
1258 3297 1342 3356 dicit:

157 3403 218 3461 Non
248 3417 352 3459 omnes
384 3406 453 3457 sunt
473 3400 558 3459 amici
579 3416 720 3471 sponsae,
758 3416 830 3473 quos
852 3401 919 3459 huie
947 3400 1087 3459 assistere
1114 3398 1225 3467 cornis;
1258 3398 1343 3468 pauci

158 3502 310 3562 admodum
336 3505 404 3558 suut
423 3499 529 3571 nitidi,
561 3501 668 3571 ornati,
702 3502 809 3560 circum
836 3501 934 3560 arnictl
965 3502 1166 3571 varietatibus,
1198 3505 1344 3573 tamquam

159 3618 267 3674 sponsa
299 3599 464 3671 procedens
492 3600 530 3658 de
563 3602 688 3659 thalamo
723 3618 786 3660 suo.
828 3601 888 3661 Sed
916 3602 992 3661 unde
1019 3602 1093 3661 bano
1122 3602 1165 3660 eis
1194 3601 1344 3661 existimas

157 3704 316 3761 exuberare
338 3718 435 3759 rerum
465 3699 651 3770 affluentiam,
672 3709 782 3761 tantum
811 3702 999 3774 splendorem
1020 3704 1151 3771 restium,
1176 3702 1344 3774 congeriem

158 3820 289 3863 rasorum
305 3817 459 3860 aureorum
481 3807 511 3858 et
531 3809 746 3876 argenteorum,
768 3803 825 3861 nisi
847 3803 883 3861 de
905 3803 990 3862 bonis
1012 3803 1162 3875 sponsae?
1200 3802 1268 3861 indo
1291 3808 1344 3871 est,

162 3904 235 3976 quod
255 3903 323 3975 ipsa
344 3917 464 3973 pauper,
484 3902 569 3973 inops
593 3908 622 3960 et
643 3903 720 3960 nude
735 3892 915 3975 relinquitur,
937 3901 1011 3962 facie
1026 3903 1200 3972 miseranda,
1221 3902 1345 3972 hispida,

161 4004 268 4065 inculta
290 4010 321 4060 et
342 4003 508 4073 exsanguis.
547 4002 674 4073 Propter
699 4003 755 4062 hoo
780 4019 838 4061 non
860 4009 907 4061 est
926 4002 982 4062 hoe
1003 4019 1109 4060 ornare
1131 4018 1268 4074 sponsam
1291 4003 1346 4060 sed

161 4106 294 4176 spoliare,
326 4121 386 4161 non
419 4102 565 4160 custodire
590 4103 642 4161 sed
664 4105 795 4176 perdere,
824 4121 883 4162 non
916 4102 1073 4162 defendere
1104 4102 1157 4160 sed
1187 4116 1344 4172 exponere,

162 4221 214 4263 nou
234 4205 380 4263 instruere
404 4203 457 4262 sed
483 4203 673 4274 prostituere,
705 4223 764 4262 rron
789 4221 910 4276 pascere
936 4220 1055 4276 gregem
1082 4202 1134 4260 sed
1166 4207 1292 4259 mactare
1314 4208 1346 4260 et

162 4305 306 4374 decorare,
336 4303 451 4363 dicento
476 4303 606 4361 domino:
641 4305 696 4375 Qui
718 4305 860 4363 devorant
887 4305 1003 4376 plebem
1034 4318 1128 4361 meam
1153 4302 1228 4359 sicut
1248 4302 1345 4360 cibum

164 4408 249 4475 panis.
271 4404 353 4463 Haeo
367 4403 545 4474 heruardus,
568 4404 736 4473 ostendeus,
759 4403 837 4477 quod
848 4410 983 4487 pastores
998 4403 1066 4460 mali
1081 4417 1139 4459 non
1161 4400 1254 4459 solnm
1276 4417 1344 4472 sup·

165 4505 289 4574 peditent
310 4505 368 4564 sibi
390 4502 535 4576 populum,
560 4504 613 4563 scd
635 4504 769 4575 spoliant,
791 4504 926 4578 perdunt,
948 4502 1126 4575 prostituunt
1148 4507 1177 4559 ot
1195 4500 1345 4574 devorant,
