2992 5258
429 353 507 409 annis
525 354 691 410 itta-1414
709 370 743 410 ex
760 355 849 411 exilio.
884 358 925 412 at.
1234 361 1275 426 53

85 579 100 623 n
121 558 193 624 tech
215 555 382 624 artilrulow
402 558 493 623 mistr
514 557 626 623 Stunik
647 578 667 624 a
695 559 788 624 mistr
809 559 902 626 Paled
924 559 1021 626 diiwe
1050 559 1104 642 jsu
1137 560 1236 626 drieli
1257 580 1277 627 a

84 659 205 738 branili,
228 658 352 724 deludi
385 658 437 740 jsri
467 679 495 722 w
527 659 627 725 bared
663 659 802 726 swdtslni
838 660 997 742 neupadli.
1038 661 1125 726 Tale
1147 663 1275 744 prawie,

85 766 176 841 proto
198 763 236 825 ie
256 761 369 825 mistra
390 759 470 825 Husi
493 761 575 825 mocl
596 759 758 843 papeislni
779 760 866 840 kind,
899 765 936 826 ie
959 779 999 827 on
1029 763 1095 843 jest
1126 781 1153 825 w
1184 781 1274 845 spra-

85 860 220 925 wedliwt
243 860 360 940 kletbd,
393 859 542 941 owidhc,
566 864 603 926 te
621 863 655 944 je
676 861 819 944 lriiwy'mi
841 860 979 945 ztmysly
1000 881 1042 927 na
1063 862 1144 927 ndho
1166 862 1276 927 kletba

72 949 116 1025 'ot
147 960 242 1025 lrndli
275 960 407 1043 dobyta3
443 962 493 1026 ale
526 964 563 1027 le
596 962 706 1027 rektor
734 962 871 1028 ndktere'
893 982 910 1027 z
933 961 1096 1028 doktordw
1118 963 1202 1043 lrlne,
1240 968 1274 1027 tu

86 1061 209 1143 praaie,
232 1063 269 1125 ic
291 1061 343 1126 oni
364 1062 457 1144 nejsri
478 1070 507 1126 w
528 1062 646 1144 kletbe,
680 1063 798 1143 rjewue
820 1083 848 1126 w
880 1069 945 1130 tom
972 1065 1040 1145 jine
1071 1062 1223 1145 hyzdiece
1257 1083 1277 1128 a

87 1179 119 1226 se
145 1161 326 1227 welebiece.
368 1163 466 1228 Proto
484 1163 550 1246 jich
572 1163 650 1228 rada
667 1163 744 1246 Jako
765 1163 910 1230 hanebnd
930 1165 981 1230 mat
1008 1166 1170 1230 nawrtena
1199 1162 1275 1248 by'ti·

183 1261 213 1315 E
228 1259 291 1315 MS.
309 1262 368 1316 eod.
392 1260 490 1318 Vienn.
509 1260 590 1325 4941,
603 1262 657 1335 fol.
675 1261 722 1316 26.

611 1363 629 1403 d
730 1364 749 1404 θ

670 1410 688 1447 2

282 1534 381 1588 Contra
398 1532 537 1587 doctorum
555 1530 702 1586 consilium.

181 1649 235 1717 Qui
252 1649 408 1704 Bohemiam
426 1649 496 1704 falso
519 1648 717 1704 infamaverunt
739 1655 767 1703 et
789 1649 862 1717 apud
882 1655 1026 1717 papamet
1049 1649 1115 1703 alibi
1132 1648 1175 1703 rel
1193 1649 1275 1702 etiarn

91 1751 156 1788 nunc
183 1733 254 1788 falso
277 1733 422 1802 infamant,
451 1733 584 1795 dicentes,
607 1733 706 1787 multos
730 1748 790 1788 esse
817 1735 846 1787 in
868 1733 1000 1788 Bohemia
1024 1733 1176 1788 haereticos
1199 1732 1277 1786 vela

90 1818 138 1873 ide
164 1818 264 1874 Christi
291 1820 463 1874 aberrantes:
491 1819 519 1873 hi
543 1834 577 1872 ex
597 1819 659 1887 jure
686 1817 785 1873 debent
811 1834 870 1886 eos,
897 1818 943 1886 qui
965 1817 1102 1884 aberrant,
1127 1822 1277 1870 monstrare

89 1908 164 1972 atque
191 1918 239 1958 eos
264 1903 437 1969 convincere3
461 1903 484 1957 si
516 1918 569 1957 nou
591 1902 749 1957 convincent
775 1918 863 1972 neque
886 1917 979 1956 rursus
1004 1918 1116 1970 regnum
1142 1900 1276 1955 calumnia

89 1985 253 2054 liberabunt,
279 2003 380 2056 poenas
407 1986 472 2042 dare
496 1986 610 2053 debent,
633 1988 731 2056 quippe
758 1988 804 2054 qui
828 1986 882 2040 sint
901 1986 1053 2055 proditores
1074 1986 1206 2040 honestae
1229 1999 1276 2052 po·

90 2070 142 2138 puli
168 2070 301 2125 bohemici
326 2070 423 2129 lamae.
458 2071 527 2125 Nam
552 2070 624 2138 qnod
650 2071 772 2125 doctores
802 2071 830 2124 in
861 2069 972 2124 consilio
998 2086 1048 2124 suo
1079 2068 1200 2123 scribunt
1224 2068 1276 2121 Bo·

89 2153 180 2211 hernon
198 2155 403 2222 calumniantes,
431 2171 491 2210 esse
517 2156 544 2208 in
562 2155 692 2210 Bolsemia
714 2154 827 2209 clericos
843 2154 988 2222 quosdam,
1013 2154 1058 2222 qui
1081 2152 1163 2207 aliam
1180 2152 1214 2207 de
1232 2166 1275 2206 sa·

88 2238 230 2313 crementis
243 2238 431 2293 ecclesiasticis
444 2239 605 2293 sententiam
617 2244 728 2293 teneant
738 2253 771 2292 ac
783 2244 877 2293 sancta
890 2237 1004 2292 ecclesia
1019 2237 1159 2304 catholica,
1178 2235 1275 2290 deinde

87 2319 154 2388 qnod
173 2318 275 2387 dicunt,
292 2321 319 2375 in
338 2322 467 2377 Bohemia
484 2321 627 2377 nonnullos
644 2322 672 2374 in
689 2319 742 2375 fide
760 2321 935 2388 institutoque
953 2326 1062 2374 sanctae
1081 2318 1213 2373 ecclesiae
1230 2333 1274 2372 ca-

87 2402 201 2458 tholicae
218 2403 291 2459 nolle
309 2411 391 2472 stare,
408 2405 517 2460 tertium
530 2405 630 2472 dicunt,
647 2421 700 2459 non
714 2404 823 2459 obedire
835 2404 965 2473 quosdam
977 2403 1107 2472 praelatis
1126 2403 1182 2457 suis
1195 2409 1276 2472 atque

87 2487 213 2556 populum
231 2487 368 2554 inducere,
385 2505 419 2543 ne
436 2490 567 2545 honorem
584 2489 684 2543 habeat
696 2489 849 2543 auctoritati
867 2502 965 2558 papae,
984 2488 1169 2555 episcoporum
1187 2492 1215 2541 et
1232 2501 1274 2540 sa·

86 2571 222 2627 cerdotnm
240 2571 312 2636 (eam
329 2578 428 2639 autem,
447 2573 492 2640 qui
509 2572 590 2626 aliam
608 2572 768 2627 sententiam
785 2578 861 2626 tenet
878 2571 912 2625 de
925 2571 1100 2626 sacramentis
1112 2584 1199 2636 neque
1212 2569 1277 2623 velit

86 2654 112 2710 id
128 2655 231 2711 sentire
248 2662 399 2725 artemone,
417 2657 489 2725 quod
505 2662 600 2712 sancta
617 2657 740 2724 ecclesia,
759 2662 892 2710 errantem
911 2655 953 2708 rel
970 2654 1137 2709 haereticum
1151 2652 1276 2720 judicare

88 2737 211 2806 moeno:
229 2737 323 2794 dicunt
338 2740 420 2807 igitur
436 2740 567 2810 doctores,
585 2756 646 2795 esse
664 2740 793 2808 quosdam
809 2739 961 2793 haereticos
978 2739 1020 2792 vel
1039 2743 1161 2792 errantes
1178 2736 1206 2789 in
1223 2736 1276 2790 Bo·

87 2822 188 2877 hemia:
207 2823 380 2891 quamobrem
398 2839 444 2878 eos
460 2825 561 2879 diserte
576 2830 724 2879 monstrare
743 2824 842 2878 debent
859 2828 940 2889 atque
953 2821 1118 2888 convincere,
1137 2835 1169 2875 ac
1186 2820 1275 2873 sinon

88 2906 251 2974 convincent,
274 2923 376 2975 poenas
393 2908 484 2962 subire
505 2914 536 2962 ut
552 2908 745 2962 obtrectatores
771 2914 798 2962 et
814 2907 966 2976 proditores
983 2907 1112 2961 honestae
1130 2904 1206 2972 regni
1224 2902 1276 2956 Bo·

88 2989 190 3044 lemiae
206 2989 304 3045 famae.
332 2991 432 3045 Dicunt
448 3007 554 3060 quoque
572 2991 703 3059 doctores,
727 3007 942 3059 unumquemque
960 2990 1082 3058 praelato
1101 3004 1148 3042 suo
1167 2987 1276 3041 obedire

88 3071 196 3139 debere,
214 3072 358 3129 dummodo
376 3090 429 3129 non
443 3075 554 3144 J'ubeat,
578 3076 650 3143 quod
667 3090 769 3129 merum
787 3074 886 3128 mulum
914 3073 1007 3127 situel
1025 3087 1079 3127 non
1096 3077 1182 3138 vetet,
1205 3071 1277 3139 quod

88 3171 188 3211 merum
205 3157 306 3212 bonnm
323 3158 366 3212 sit.
401 3159 432 3213 ld
449 3159 501 3229 ipsi
517 3174 571 3213 non
588 3158 725 3225 fecerunt,
749 3174 831 3226 quum
848 3173 895 3213 eos
911 3172 983 3226 papa
1005 3156 1132 3225 jussisset
1149 3155 1277 3222 magistro

88 3238 215 3294 lianritio
232 3241 320 3297 locum
337 3242 408 3296 inter
424 3258 454 3296 se
472 3241 551 3311 dare;
569 3242 713 3296 noluerunt
730 3242 800 3295 enim
817 3256 904 3309 papae
923 3242 949 3293 in
967 3241 1018 3295 hac
1034 3255 1064 3293 re
1084 3238 1203 3293 obedire.
1222 3238 1275 3291 No·

87 3322 145 3377 lunt
160 3324 243 3378 etiam
260 3323 312 3393 ipsi
329 3326 429 3394 aliique
447 3326 601 3381 sacerdotes
611 3326 720 3381 obedire
738 3327 795 3394 regi
803 3326 960 3393 Boherniae,
976 3325 1063 3393 primo
1082 3340 1130 3379 suo
1143 3324 1276 3392 praelato,

88 3423 172 3478 neque
190 3408 258 3463 dare
274 3425 358 3464 unum
374 3425 500 3479 censum,
527 3426 687 3478 quamquam
711 3426 757 3465 eos
774 3426 874 3478 neque,
901 3409 972 3478 quod
989 3407 1208 3463 meromontem
1227 3413 1277 3473 est,

85 3491 163 3559 jubet
178 3492 271 3548 faeere
288 3509 389 3562 neque,
412 3494 483 3563 quod
501 3504 604 3548 merum
621 3495 720 3549 bonum
738 3500 787 3562 est,
809 3501 890 3549 vetat.
925 3494 983 3548 Hoc
1002 3508 1107 3562 quoque
1125 3493 1200 3560 regia
1217 3490 1278 3546 lda-

86 3576 171 3644 jesus
184 3576 250 3645 jure
266 3584 357 3646 potest
372 3579 520 3646 imperare,
542 3593 577 3631 ne
602 3578 690 3633 officia
712 3578 801 3633 divina
816 3579 1027 3632 intermittantur
1044 3581 1154 3645 propter
1170 3574 1277 3644 praedi·

88 3661 218 3715 wonem
236 3661 357 3728 magistri
374 3662 451 3730 Husi,
469 3677 501 3718 ac
513 3662 668 3717 sacerdotes
684 3663 711 3715 in
728 3663 779 3716 hac
796 3677 826 3716 ro
844 3661 944 3716 debent
961 3660 1083 3727 obedire,
1101 3675 1189 3728 neque
1207 3660 1278 3713 enirn

88 3760 188 3800 merum
205 3744 306 3799 malum
324 3753 366 3799 est
383 3746 433 3801 deo
450 3747 558 3801 servire.
576 3746 789 3814 Reprehendunt
806 3761 912 3815 quoqne
925 3746 1042 3813 quinque
1060 3751 1088 3799 et
1099 3743 1278 3812 quadraginta

88 3827 213 3883 articulos
237 3836 331 3882 eonua
354 3829 474 3884 ordinem
496 3830 720 3898 ecclesiasticum,
746 3830 846 3884 nemini
871 3831 942 3883 enirn
963 3829 1028 3883 licet
1051 3828 1135 3882 ullum
1159 3842 1277 3881 errorem

86 3911 299 3981 reprehendere,
331 3913 381 3966 nisi
408 3914 457 3968 soli
482 3914 612 3969 ecclesiae
639 3920 761 3982 sanctae,
794 3930 826 3968 ac
856 3915 955 3968 multos
986 3928 1077 3967 eorum
1104 3912 1278 3965 articulorum

88 3997 215 4066 magister
244 3995 395 4051 Stanislaus
424 4003 452 4051 et
481 3998 609 4065 magister
635 3999 716 4052 Paled
748 4003 828 4053 antea
855 4003 1000 4052 tenuerunt
1032 4003 1059 4050 et
1089 3993 1276 4061 defenderunt,

87 4082 242 4150 priusquam
259 4082 287 4135 in
304 4089 405 4137 metum
422 4082 572 4137 secularem
589 4082 747 4137 inciderent.
781 4082 881 4137 Dicunt
899 4095 1014 4149 quoque,
1032 4079 1103 4147 quod
1121 4079 1278 4145 mapstrum

88 4165 191 4220 llnsnm
214 4180 249 4220 ex
265 4181 355 4234 papae
377 4172 511 4235 potestate
536 4168 778 4234 excommunicent,
805 4182 865 4221 esse
883 4183 943 4221 eum
960 4165 1081 4232 injusta
1098 4162 1276 4216 excommuni-

87 4250 199 4319 catione,
217 4265 380 4319 quamqnam
398 4256 510 4318 norunt,
532 4249 609 4305 salsis
627 4251 744 4306 consiliis
763 4251 917 4306 sacerdotes
935 4248 1235 4304 excommunicationem
1252 4247 1278 4300 ei

88 4334 266 4402 contraxisse3
288 4333 361 4402 quod
378 4351 440 4389 vero
458 4340 547 4389 rector
563 4334 706 4388 nonnullos
724 4333 862 4388 doctorum
881 4332 1106 4398 excommunicet,
1129 4331 1230 4399 dicunt,
1248 4346 1278 4385 so

88 4433 137 4471 non
154 4432 218 4474 csse
241 4418 270 4472 in
288 4418 574 4486 excommunicatione,
601 4417 743 4472 manifesto
760 4420 812 4472 hac
833 4434 862 4472 re
885 4417 953 4472 alios
975 4415 1138 4470 infamantes
1161 4430 1193 4469 uc
1217 4431 1277 4470 sese

88 4502 264 4559 celebrantes.
299 4502 479 4570 Quamobrem
496 4517 587 4557 eorum
605 4503 759 4570 consilium,
787 4503 886 4577 quippe
912 4501 983 4575 quod
1005 4504 1084 4571 turpe
1111 4501 1159 4567 sit,
1189 4499 1277 4569 rejici·

90 4588 186 4646 endum
202 4594 254 4646 eat·
323 4606 331 4623 ·
