2992 5258
149 434 212 516 348
399 427 603 483 coutroversiae
621 427 655 482 de
672 428 802 498 religione
819 428 848 484 in
865 428 1006 483 Bobemia:
1026 430 1111 484 1409:

150 633 183 697 in
198 631 389 697 Lombardia
403 637 437 697 et
457 631 550 697 ltalia
562 632 728 714 potiuntur
744 632 900 713 nationes,
925 632 965 697 ad
981 637 1048 698 tres
1060 649 1155 698 voces
1176 632 1352 699 admittere

151 733 252 798 modis
286 733 430 797 omnibus
463 732 624 813 debeatis,
658 734 800 798 sinentes
823 752 892 798 eam
913 751 1025 798 vocum
1047 732 1227 816 hujusmodi
1249 733 1350 816 privi-

150 834 233 915 legio
256 853 295 898 ex
318 833 455 899 nuncin
488 840 583 899 antea
615 835 648 898 in
682 840 871 915 perpetuum
905 832 1034 916 pacifice
1068 835 1114 901 uti
1137 841 1172 900 et
1193 834 1350 917 gaudere3

151 933 244 998 aliter
277 952 340 999 non
373 934 503 1012 facturi,
545 941 641 1016 prout
672 934 923 1015 indignationem
956 940 1097 1001 nostram
1130 935 1352 1016 gravissimam

151 1034 317 1101 volueritis
338 1036 457 1100 arctius
480 1035 610 1100 evitare.
632 1034 748 1100 Datum
764 1035 796 1098 in
822 1035 984 1100 Montibus
1000 1034 1144 1117 Chutnis,
1167 1036 1219 1102 die
1240 1035 1354 1100 XVIII

150 1134 268 1200 mensis
299 1136 459 1208 Ianuarii,
494 1152 665 1216 regnorum
697 1141 879 1200 nostrorum
908 1153 990 1201 auno
1021 1135 1190 1202 Bohemiae
1213 1135 1352 1219 quadra·

150 1235 270 1314 gesimo
293 1241 395 1315 sexto,
418 1237 629 1301 Romanorum
653 1254 729 1301 vero
752 1237 913 1303 tricesImo
936 1237 1042 1302 tertio.

351 1335 600 1401 Honorabilibus
630 1338 749 1402 rectori
779 1345 812 1402 et
834 1338 894 1403 toti
921 1338 1123 1404 universitati
1151 1337 1249 1402 studii
1273 1339 1354 1404 Pra-

451 1439 567 1518 gensm,
591 1436 714 1503 devotis
737 1439 856 1503 nostris
879 1438 1013 1504 dilectis.

252 1551 350 1612 (Haec
378 1554 496 1619 epistola
522 1562 634 1622 recepta
652 1562 691 1606 est
709 1555 739 1606 in
756 1554 858 1606 librum
875 1562 1042 1606 statutorum
1062 1554 1254 1606 uniuersitatis
1272 1573 1355 1609 anno

55 1701 59 1716 Ι
153 1632 288 1698 1109,27
308 1636 381 1704 Sept.
400 1637 451 1689 sub
469 1646 611 1690 rectoratu
629 1637 749 1691 Joonm'a
767 1637 925 1691 Zdenconio
943 1637 976 1692 de
995 1638 1125 1702 Latum)

724 1950 777 2026 11.

151 2140 432 2225 Wenceslaus
468 2141 591 2226 Rom.
630 2155 673 2225 et
708 2140 816 2226 Boh.
857 2173 933 2224 rex
968 2144 1147 2227 mandat
1183 2147 1359 2228 cunctis

149 2279 272 2388 regni
305 2279 370 2360 sui
405 2277 586 2381 civibus,
621 2307 675 2360 ne
703 2279 797 2387 quis
820 2272 1032 2388 Gregorio
1054 2308 1130 2388 pp.
1151 2268 1241 2359 XII
1264 2279 1358 2362 ullo

570 2411 699 2495 modo
739 2412 926 2495 obediat.

456 2626 485 2678 ln
504 2624 642 2679 Montibus
662 2625 768 2691 limais,
789 2629 861 2691 1409,
880 2626 914 2680 22
930 2626 1044 2680 Jauuar.

150 2895 193 2955 (B
210 2894 338 2948 Martem
357 2902 381 2946 ct
396 2894 520 2946 Durond
540 2892 665 2947 Veterum
683 2896 852 2962 scruptorum
874 2903 898 2946 et
923 2902 1158 2946 anonummtorum
1190 2894 1353 2948 collectione

472 2978 656 3046 amplissima,
675 2987 747 3031 tomo
771 2976 839 3039 VII,
857 2993 924 3045 pap.
942 2974 1026 3037 923.)

248 3247 455 3312 Wenceslaus
478 3246 529 3312 dci
551 3247 655 3327 gratia
677 3246 888 3312 Romanorum
903 3264 960 3310 rex
987 3264 1113 3328 semper
1134 3247 1302 3328 Augustus
1318 3256 1351 3313 et

150 3349 319 3414 Bobemiae
352 3366 423 3412 rex:
449 3348 606 3412 universis
629 3347 747 3411 Christi
770 3346 915 3412 tidelibus
938 3346 1074 3412 salutern
1094 3347 1127 3411 in
1150 3346 1290 3428 domino,
1319 3356 1351 3414 et

150 3449 190 3514 ad
224 3449 321 3526 illam,
355 3467 448 3529 quam
481 3465 674 3529 magnopere
696 3447 897 3527 affectamus,
931 3447 1178 3513 ecclesiasticam
1201 3449 1350 3514 unionem

150 3551 272 3631 pariter
294 3549 454 3614 anhelare.

251 3650 400 3729 Quamvis
433 3651 570 3716 omnium
604 3667 712 3729 regum
747 3651 911 3732 proprium
939 3648 1078 3714 officium
1100 3667 1172 3714 esse
1194 3649 1349 3727 videatur,

146 3753 298 3833 judicium
329 3756 361 3815 et
379 3751 535 3832 Justitiam
565 3750 670 3815 colere
698 3758 731 3814 et
759 3751 886 3831 eripere
908 3750 948 3814 de
970 3769 1064 3815 manu
1087 3749 1347 3816 calumniantium

150 3854 179 3917 vi
203 3869 391 3934 oppressos:
408 3851 448 3916 ad
461 3852 634 3917 Romanurn
653 3861 757 3917 tamen
784 3853 959 3933 principem
976 3852 1097 3918 cunctis
1121 3853 1347 3935 temporalibus

150 3952 364 4035 potestatibus
398 3951 505 4016 divina
537 3952 777 4033 dispensatione
809 3952 987 4032 praelatum
1024 3952 1214 4018 inconcusse
1251 3952 1348 4036 perti·

150 4073 227 4118 nere
261 4053 475 4132 dignoscitur,
510 4052 664 4118 ecclesiae
687 4054 729 4117 in<
743 4052 809 4116 suis
834 4052 1078 4118 necessitatibus
1101 4059 1135 4118 et
1156 4053 1348 4120 turbationis

149 4153 346 4235 temporibus
380 4160 594 4234 opportunum
616 4153 767 4219 auxilium
790 4152 951 4217 exhibere.
976 4152 1054 4216 Cum
1075 4153 1175 4234 igitur
1197 4172 1257 4236 per
1271 4155 1410 4220 mul·-

149 4261 255 4318 torum
285 4271 439 4318 annorum
466 4253 623 4318 curricula
645 4253 806 4319 antedicta
828 4251 879 4316 dei
904 4252 1057 4331 ecclesia,
1081 4251 1200 4320 Christi
1223 4272 1410 4338 sponsa..

149 4371 250 4436 usque
279 4353 419 4420 adhaec
442 4360 586 4436 tempora
608 4354 760 4432 diversis,
790 4354 873 4434 quod
903 4353 1050 4418 dolenter
1071 4354 1255 4434 referimus,
1271 4354 1410 4421 diri-

150 4456 273 4520 sionum
296 4461 329 4520 et
350 4455 589 4520 contentionum
605 4455 701 4520 luerit
715 4454 973 4520 intricationibus
995 4453 1147 4533 involuta
1170 4473 1209 4519 ex
1235 4454 1410 4537 quibu&

150 4563 269 4636 quanta
297 4555 379 4620 mala
406 4555 628 4636 provenerint,
660 4555 834 4635 quemlibet
863 4553 1083 4621 christicolam
1105 4554 1265 4621 credimus
1285 4567 1410 4621 not:

149 4656 265 4722 latere:
289 4673 398 4722 eorum
413 4654 584 4738 praecipue
600 4675 683 4721 nunc
705 4656 745 4722 de
771 4662 890 4739 papatu
913 4656 1183 4738 contendentium
1206 4658 1261 4741 qui
1274 4666 1410 4724 curn
