2992 5258
210 430 268 497 174
448 428 643 483 accusationes
658 426 698 493 Μ,
715 428 741 483 J.
759 428 819 484 Hus
837 426 951 496 ejusque
969 441 1107 495 responsa.
1143 430 1167 481 4.

118 664 121 671 ·
206 630 388 697 occassione
411 629 540 697 aeolias
553 629 644 712 juxta
659 630 826 696 canonicas
850 631 1032 696 sanctiones
1055 630 1249 712 puniendum
1268 631 1348 710 iore,
1372 637 1407 697 et

205 752 265 815 per
287 750 341 797 vos
363 732 480 813 puniri.

305 832 367 893 lati
388 839 462 893 eant
484 829 613 894 articuli
632 831 816 912 praaieeimi
835 832 871 892 in
893 830 995 893 libello
1016 852 1038 893 a
1056 830 1211 895 Mtetoete
1232 831 1271 895 dc
1292 831 1405 894 Smra-

205 931 269 994 dai
279 939 391 993 contra
405 953 453 994 me
466 931 658 993 mendaciter
675 932 780 1005 oblati,
803 930 891 1013 croy'am
905 931 1075 994 Michaelis
1095 931 1295 996 mendacium
1301 932 1408 1015 jndae

202 1032 399 1112 jocationimaa
418 1031 584 1113 judicabit.

703 1157 899 1165 -0--n—--——

791 1288 889 1421 4(

204 1539 507 1651 Depositiones
524 1541 698 1623 testium
716 1551 866 1623 contra
886 1539 945 1622 M.
965 1539 1008 1624 J.
1025 1537 1120 1623 Hus
1141 1567 1254 1623 anno
1274 1542 1403 1621 1414.

303 1858 332 1912 E
349 1857 410 1912 Ms.
431 1856 558 1912 Mladen.
585 1858 615 1910 in
642 1855 739 1910 Mimo
757 1855 829 1911 Bon.
854 1874 884 1926 p.
907 1855 983 1911 1-8.
1018 1856 1055 1910 It.
1081 1855 1144 1910 MS.
1163 1855 1312 1911 Budioat'n.
1337 1853 1405 1907 titt.

205 1940 351 2012 Geradcrf.
368 1960 396 1995 n.
414 1941 458 1996 24.

302 2144 370 2207 Hic
402 2145 495 2225 poetri
529 2145 746 2226 responsiones
781 2166 850 2208 acm
871 2145 998 2209 metrica
1019 2144 1065 2208 ad
1090 2141 1243 2208 naiades
1263 2149 1292 2206 et
1314 2141 1404 2204 dicta

203 2247 346 2309 lectiam:
364 2246 470 2326 mineo
489 2249 619 2327 proptor
640 2247 704 2326 loc,
726 2267 764 2308 ne
778 2249 982 2310 aestimarent
1003 2247 1152 2319 nominee,
1176 2242 1258 2327 qaod
1279 2262 1333 2326 epo
1356 2243 1404 2304 cic

202 2348 375 2409 <taetriorem
398 2345 445 2408 oet
459 2353 596 2422 tenerem,
617 2346 696 2409 aicta
706 2348 770 2428 ipsi
784 2349 976 2410 mendaciter
988 2354 1152 2425 testantur,
1175 2344 1285 2425 aliqua
1299 2363 1402 2425 appo·

201 2455 308 2510 nentec
322 2454 348 2508 et
363 2445 472 2526 aliqua
483 2445 682 2527 deponentem
695 2447 828 2510 secando
838 2456 970 2530 propter
981 2448 1045 2527 linc,
1061 2454 1096 2508 ot
1111 2444 1277 2508 mendaces
1290 2443 1400 2505 mani-

203 2549 274 2619 festi
303 2548 401 2625 pann·
421 2555 448 2609 ct
477 2548 567 2609 tertio
588 2556 722 2629 propter
753 2550 828 2622 loc,
862 2549 943 2630 quood
971 2550 1108 2611 nominas
1121 2546 1221 2630 sidem
1241 2564 1345 2607 meam
1365 2543 1402 2605 in

201 2648 269 2711 ittae
286 2649 413 2729 princi-ia
434 2655 629 2730 capnoecant.
771 2712 776 2733 ¹

301 2749 520 2830 Depoaiiionea
534 2770 603 2812 cnm
624 2750 804 2812 nominibus
815 2770 1028 2830 personarum
1050 2749 1155 2821 liabeo,
1178 2766 1256 2830 qnae
1270 2746 1402 2826 scripsit

201 2850 358 2922 notoriae,
374 2850 426 2930 pai
440 2856 529 2911 tectae
543 2850 743 2911 meminerit.
764 2852 849 2912 Deae
864 2850 942 2913 milii
957 2849 1126 2926 ordinavit,
1142 2856 1177 2910 at
1190 2865 1401 2929 capnoccerem

201 2951 355 3029 inimicae,
378 2959 406 3011 ct
427 2970 534 3012 eoram
555 2950 720 3013 mendacia
741 2952 949 3032 consotoren.

651 3116 791 3185 Depositio
808 3117 948 3172 Protiwae.

300 3236 336 3300 l).
350 3236 491 3301 loannes
513 3235 659 3314 Protiwa,
682 3235 836 3318 plebanus
858 3236 1012 3301 ecclesiae
1034 3234 1066 3300 S.
1089 3234 1262 3301 Clementis
1283 3233 1316 3298 in
1338 3234 1399 3298 Po·

200 3336 267 3401 rien
289 3338 427 3418 Progne,
451 3336 578 3417 juratos
601 3342 634 3401 et
654 3336 881 3417 interrogatus,
904 3354 944 3400 an
966 3336 1065 3401 inerit
1086 3353 1249 3418 praesens,
1272 3336 1399 3416 qnando

201 3436 242 3501 M.
265 3438 406 3502 ioannes
434 3436 504 3501 Hns
525 3437 621 3517 dixit,
649 3437 734 3518 qnod
755 3443 829 3519 post
850 3438 1122 3503 consecrationem
1144 3437 1268 3503 hostiae
1291 3442 1400 3502 manet

201 3536 293 3620 panis
320 3537 513 3602 materialis?
541 3538 716 3620 respondit,
740 3539 824 3619 qood
846 3538 906 3603 init
928 3557 1080 3621 praesens
1103 3538 1136 3602 in
1157 3537 1233 3602 dote
1254 3536 1293 3602 D.
1316 3536 1396 3603 Ber·

200 3636 308 3718 nardi,
335 3642 411 3703 tnnc
438 3638 566 3720 plebani
590 3638 744 3704 ecclesiae
765 3639 795 3703 S.
818 3639 984 3705 Michaelis
1006 3639 1135 3721 majoris
1158 3638 1299 3704 civitatis
1320 3639 1397 3704 Pra-

1069 3764 1131 3808 erat
1148 3756 1313 3825 disputatio,
1331 3757 1400 3823 qaia

199 3838 308 3919 gensis
335 3847 408 3922 post
434 3841 615 3923 prandium,
646 3842 770 3922 qnando
793 3843 834 3907 M.
857 3844 997 3908 ioannes
1020 3842 1090 3907 Hns
1112 3841 1232 3924 incepit
1254 3848 1398 3908 tractare

201 3967 281 4011 aaa
298 3958 339 4011 roe
354 3959 485 4028 maanes
502 3967 527 4011 a
545 3942 723 4012 ancarano·

199 4044 363 4110 materiam
386 4044 575 4109 sacramenti
599 4045 743 4126 corporis
765 4045 923 4124 dominici,
954 4045 1071 4125 dicens,
1095 4045 1179 4126 qnod
1201 4043 1245 4109 ibi
1267 4054 1398 4112 maneat

200 4154 274 4228 post
306 4145 577 4212 consecrationem
609 4144 700 4229 panis
722 4146 913 4226 materialis,
947 4146 1014 4211 siae
1036 4146 1217 4211 substantia
1237 4143 1342 4228 panis,
1364 4147 1398 4211 in

199 4254 406 4313 sacranrento.
429 4246 472 4310 Et
492 4245 566 4310 dtnn
588 4246 671 4311 idern
694 4246 732 4310 Ι).
754 4247 896 4312 loannes
918 4248 1101 4326 restitisset,
1124 4245 1293 4328 allegando
1308 4246 1396 4313 dicta

200 4347 364 4413 doctorum
393 4356 426 4412 et
453 4348 484 4412 S.
506 4347 593 4412 Rom.
618 4347 781 4412 Ecclesiae
802 4347 1115 4427 determinationem,
1145 4355 1179 4414 et
1201 4350 1396 4430 praesertim

199 4448 326 4513 beatum
348 4448 553 4529 Gregorinm:
575 4447 679 4512 dictus
701 4448 742 4512 Μ.
760 4450 901 4516 loannes
923 4450 992 4514 Has
1014 4449 1125 4514 habuit
1146 4447 1267 4515 dicere:
1293 4448 1399 4531 ,Quid

631 4563 692 4618 aar·
823 4584 880 4620 non
896 4574 936 4619 cat
952 4582 1045 4619 aenam

199 4648 397 4731 Gregorius?
411 4648 471 4715 fait
485 4670 565 4716 unns
580 4652 729 4733 prlenczo
750 4651 784 4736 (i.
808 4671 834 4718 e.
859 4657 896 4715 ot
915 4652 1100 4735 joculatori
1117 4650 1296 4734 rhythmice
1310 4651 1399 4719 dicta
