2992 5258
377 410 418 465 ln.
453 375 583 465 Defensio
600 407 719 463 mandati
737 409 804 477 regii
822 409 855 464 de
873 413 889 465 3
906 410 1024 466 vocibus.
1237 419 1301 485 359

78 618 191 689 igitur
218 616 298 676 illam
333 614 574 675 consuetudinem
594 631 654 674 non
676 615 747 675 licet
768 623 852 675 ser¹1¹⁰
874 616 1002 690 principi
1024 619 1184 680 immutare.
1225 622 1299 682 Item

84 718 207 791 objicit
233 718 313 778 natio
337 718 499 777 Teutonico
529 717 584 778 sic:
608 716 773 790 Numquam
800 718 841 777 its
862 717 970 777 laetum
992 717 1055 790 fnit,
1077 725 1109 778 nt
1130 726 1190 780 tres
1212 738 1300 783 voces

80 819 227 879 haberet
247 821 327 880 natio
349 820 526 880 Bohemica:
544 834 615 893 ergo
638 834 697 877 non
718 818 789 878 licet
811 818 908 878 adhuc
929 835 993 878 eam
1014 820 1134 879 habere.

200 921 245 981 Ad
278 921 358 983 istud
385 920 583 995 respondetur
606 920 765 979 secundnm
787 919 815 979 b.
837 920 1040 994 Angustinnm,
1063 923 1110 995 qui
1133 921 1209 981 libro
1232 940 1300 982 oon·

78 1024 262 1087 sessionum
289 1025 329 1081 20
363 1022 441 1094 dicit,
474 1018 520 1101 (et
553 1021 672 1096 ponitur
703 1019 770 1081 dist.
793 1006 849 1078 Vll
880 1021 910 1079 in
944 1020 1093 1101 deoret0):
1126 1022 1197 1081 Cum
1229 1024 1301 1084 dous

74 1126 215 1202 aliquid
245 1131 347 1186 contra
375 1138 485 1182 morem
507 1123 554 1181 vel
576 1126 693 1197 pactum
715 1120 913 1195 quorumlibet
930 1121 1023 1194 iubet,
1057 1123 1113 1182 etsi
1145 1139 1301 1197 numquam

80 1227 215 1291 factum
237 1231 293 1300 est,
314 1230 411 1284 tamen
434 1223 597 1283 laciendum
621 1228 680 1295 ost;
702 1223 728 1281 si
744 1222 903 1281 obmissum
920 1229 973 1293 est,
988 1223 1212 1283 instaurandum
1227 1232 1301 1300 erat,

75 1334 127 1390 et
160 1328 186 1388 si
219 1330 357 1386 statutum
387 1341 445 1386 nou
474 1319 575 1404 (erat),
598 1322 806 1382 instituendum
837 1330 891 1385 est.
936 1323 968 1383 Si
998 1324 1074 1384 enirn
1095 1325 1158 1398 regi
1180 1325 1250 1383 licet
1270 1326 1301 1384 in

78 1430 235 1499 civitate,
258 1426 304 1488 cni
329 1431 442 1499 regnat,
461 1414 575 1498 iubere,
599 1423 676 1497 quod
698 1439 753 1482 nec
775 1429 843 1485 ante
865 1426 961 1497 ipsum
987 1425 1146 1499 qnisquam,
1168 1442 1222 1484 nec
1237 1425 1301 1498 ipse

70 1538 169 1595 ante
199 1531 339 1603 iusserat,
371 1527 464 1600 magis
496 1526 604 1585 rectori
639 1525 694 1584 deo
728 1525 883 1584 universae
908 1533 1061 1585 creaturae
1083 1527 1120 1586 ad
1143 1541 1194 1597 ea,
1227 1542 1302 1599 qnae

63 1631 239 1713 jusserit,
269 1629 333 1689 sine
370 1627 552 1687 dubitatione
596 1625 667 1699 (est)
706 1626 919 1685 serviendum.“
966 1627 1045 1686 Eece
1088 1624 1304 1700 praesupponit

82 1731 135 1793 S.
158 1731 347 1806 Augustinus,
370 1729 446 1803 quod
470 1728 540 1788 licet
561 1729 622 1801 regi
645 1734 763 1787 terreno
795 1729 825 1787 in
848 1729 972 1799 civitate,
997 1731 1043 1789 cni
1065 1736 1176 1803 regnat,
1195 1730 1300 1802 jubere

66 1832 221 1907 aliquid,
251 1830 329 1906 quod
356 1846 411 1889 nec
433 1835 500 1888 ante
529 1828 689 1903 quisquam,
710 1844 765 1888 nee
786 1830 851 1900 ipsc
875 1835 945 1889 ante
967 1833 1116 1903 Jusserat:
1139 1846 1209 1903 crgo
1231 1831 1302 1890 licet

68 1935 164 2009 regi
194 1933 372 2007 Wenceslap
400 1932 431 1990 in
459 1932 575 1990 civitate
604 1930 754 2003 Pragensi,
793 1931 840 1989 cui
869 1938 981 2004 regnat,
1000 1931 1106 2004 jubere
1129 1937 1190 1990 tros
1212 1948 1300 1991 voces

68 2036 180 2107 dare,
213 2035 269 2094 etsi
297 2033 394 2092 nullus
423 2038 490 2092 ante
524 2034 627 2105 ipsum,
659 2047 713 2091 uec
741 2033 805 2104 ipse
833 2032 970 2105 explicite
1001 2034 1031 2091 in
1061 2031 1154 2091 formu
1182 2033 1303 2106 propria

60 2142 253 2215 jusserat3
276 2137 407 2211 quamvis
430 2142 527 2194 sermua
549 2135 687 2207 princeps
704 2132 826 2192 Carolus
841 2134 871 2191 in
888 2149 941 2193 sua
955 2132 1043 2202 bulla,
1064 2134 1167 2205 utjam
1193 2133 1302 2192 dictum

66 2243 157 2315 est,
182 2237 345 2299 secundum
366 2237 519 2296 libertates
541 2234 719 2294 Parisiensis
752 2242 782 2295 et
802 2234 999 2296 Bononiensis
1021 2235 1300 2295 universitatum...

63 2339 165 2413 (sic,
189 2348 290 2401 cetera
313 2335 443 2415 desunt).

202 2441 249 2502 Ad
271 2442 358 2511 idom,
392 2440 455 2500 scil.
477 2436 700 2498 dissolutionem
721 2438 815 2496 malae
832 2438 1062 2508 consuetudinis,
1096 2440 1183 2498 estb.
1199 2440 1300 2512 Augu·

54 2541 195 2604 stinns
224 2544 261 2602 de
295 2541 441 2616 baptismo
470 2554 626 2612 parvorum
660 2535 704 2616 (et
737 2539 855 2610 ponitur
888 2539 918 2596 in
951 2554 1071 2610 canone,
1107 2541 1172 2600 dist.
1200 2539 1300 2623 Vlll):

58 2641 264 2719 „Dominus
296 2643 368 2703 dicit
396 2642 425 2701 in
453 2641 620 2715 evangelio,
649 2657 704 2714 ego
733 2659 794 2701 sum
822 2642 946 2713 veritas3
976 2657 1034 2700 non
1057 2642 1138 2713 dixit,
1161 2659 1215 2717 ego
1238 2661 1300 2703 sum

57 2746 304 2816 consuetudo;
325 2746 367 2803 ita
388 2744 511 2803 veritate
533 2740 695 2812 manifesta,
719 2744 805 2803 cedat
827 2741 1036 2802 consuetudo.“
1068 2745 1147 2804 Ecce
1172 2744 1303 2817 praefert

55 2843 151 2905 iste
180 2846 224 2906 rir
247 2851 368 2906 sanctus
390 2845 542 2904 veritatem
565 2843 778 2904 consuetudini.
809 2845 867 2903 Sed
890 2862 954 2902 cum
970 2845 1077 2904 veritas
1093 2847 1132 2905 sit
1146 2864 1182 2905 ex
1198 2862 1299 2919 snpra·

60 2944 198 3019 dietIs,
220 2947 297 3022 quod
320 2945 444 3004 Bohemi
466 2944 576 3004 debent
598 2944 707 3002 habere
730 2945 760 3002 in
783 2943 925 3003 Bohemiu
944 2947 991 3019 jus
1015 2954 1045 3007 ct
1067 2948 1302 3021 praerogativam

65 3062 193 3121 snper
217 3055 384 3118 extraneos,
416 3054 446 3105 et
470 3063 537 3106 csse
566 3047 597 3105 in
621 3052 708 3120 capnt
738 3053 767 3106 et
788 3064 846 3106 non
868 3047 898 3105 in
922 3049 1043 3109 caudam
1065 3051 1095 3108 iu
1118 3049 1249 3109 consiliis
1272 3055 1302 3109 et

67 3147 218 3218 iudiciis
247 3151 414 3223 ceterisque
447 3149 561 3208 actibus
589 3147 697 3206 bonum
727 3155 757 3206 et
778 3147 919 3207 honorem
942 3151 1027 3222 regni
1048 3150 1207 3208 Bohemiae
1230 3166 1299 3210 con·

75 3253 304 3312 cernentibus:
332 3251 422 3324 igitur
451 3248 606 3307 manifesta
629 3248 681 3307 illa
703 3249 835 3320 veritate,
860 3249 949 3309 debet
971 3250 1077 3309 cedere
1100 3250 1151 3309 illa
1173 3265 1301 3310 consue·

79 3348 183 3420 tudo,
207 3368 264 3427 qna
291 3351 421 3412 extranei
451 3351 480 3408 in
511 3366 601 3423 regno
631 3349 792 3408 Bohemiac
820 3351 870 3423 jus
893 3350 1089 3410 Bohemomm
1111 3358 1299 3423 occuparunt.

83 3445 164 3507 Nec
191 3452 235 3513 illl
262 3450 468 3513 consuetudini
499 3456 597 3524 potest
627 3456 763 3509 vetustas
792 3449 963 3525 suffragari:
995 3470 1061 3511 nam
1093 3453 1164 3511 dicit
1191 3458 1301 3527 martyr

89 3544 210 3612 Christi
232 3553 398 3628 Cyprianus
431 3567 510 3626 papa
543 3557 660 3611 sanctus
694 3550 739 3631 (et
772 3552 890 3623 ponitur
921 3554 951 3612 in
981 3569 1093 3612 canone
1122 3553 1189 3613 dist.
1212 3553 1299 3630 VH):

93 3644 311 3715 „Consuetudo
342 3653 406 3712 sine
440 3654 563 3712 veritate
585 3656 716 3711 vetustas
739 3653 848 3713 erroris
871 3659 931 3726 est3
952 3662 1074 3728 propter
1096 3655 1174 3728 quod
1195 3654 1299 3714 relicto

92 3755 212 3825 ⁰frore,
235 3771 392 3829 sequamur
413 3755 593 3815 veritatem.“
631 3754 709 3814 Ecce
731 3771 816 3828 quam
839 3754 914 3815 bene
936 3756 1089 3828 praecepit
1109 3757 1166 3815 iste
1182 3761 1300 3815 sanctus

93 3853 177 3913 llil&
192 3861 342 3916 vetustum
366 3871 496 3914 errorum
519 3854 685 3928 relinquere
709 3862 737 3913 et
753 3856 836 3929 sequi
858 3856 1018 3914 veritatem.
1051 3854 1111 3915 Sed
1133 3874 1197 3917 curn
1213 3872 1299 3929 prae·

91 3945 165 4005 lini
175 3962 339 4015 extraneos
347 3956 377 4014 in
389 3971 481 4028 regno
489 3955 647 4014 Bohemiae
662 3954 691 4013 in
704 3954 835 4014 consiliis
847 3957 918 4015 etin
932 3956 1047 4025 ceteris,
1059 3963 1091 4015 nt
1102 3957 1299 4030 supradictum

90 4042 142 4114 iit,
175 4055 220 4116 sit
249 4074 341 4125 error,
364 4062 395 4115 et
423 4055 570 4114 Bohemos
592 4056 702 4115 debere
726 4072 792 4115 esse
815 4057 845 4114 in
868 4063 1007 4129 caputet
1034 4074 1093 4115 non
1116 4058 1145 4116 in
1167 4043 1298 4127 caudam,

90 4149 205 4213 regere
231 4162 388 4216 extraneos
410 4163 441 4215 et
462 4173 521 4216 nun
545 4157 607 4229 regi
642 4157 678 4214 alr
712 4157 755 4215 eis
789 4158 973 4227 dominumve,
1007 4157 1046 4215 sit
1066 4157 1189 4216 venitm:
1210 4157 1300 4230 igitur

91 4233 204 4312 ‘fficio
228 4258 323 4329 primo
345 4273 502 4330 sequamur
516 4258 668 4330 reliquum,
692 4264 721 4317 et
743 4262 824 4328 patct
847 4257 954 4317 solutio
976 4258 1087 4330 primae
1111 4242 1297 4330 objectionis.

197 4358 246 4417 Ad
258 4359 415 4418 secundnm
431 4358 548 4429 dicitur,
563 4358 698 4431 negando
713 4357 962 4431 consequentiam.
992 4358 1066 4416 Nam
1081 4372 1139 4416 non
1152 4357 1299 4431 sequitur:

97 4448 258 4524 multonan
284 4459 327 4518 ita
360 4457 466 4517 factum
496 4458 560 4532 init,
588 4459 666 4533 quod
695 4464 756 4517 tres
778 4474 866 4520 voces
887 4458 1010 4516 haberet
1031 4459 1110 4516 natio
1132 4456 1298 4525 Belemina,

10 4594 12 4613 .
102 4548 171 4610 ²¹8⁰
203 4574 261 4618 non
288 4559 360 4619 licet
386 4576 449 4619 earn
477 4560 572 4619 adhuc
599 4558 708 4619 habere
737 4565 799 4619 tres
826 4576 929 4631 voces3
959 4558 1034 4618 sicut
1063 4575 1120 4617 non
1152 4559 1296 4633 seqnitur:

108 4650 257 4726 tanqum
271 4660 313 4721 itu
327 4658 434 4721 iactum
449 4659 510 4732 init,
527 4659 604 4735 qnod
619 4659 805 4722 abstraheret
827 4659 1025 4720 obedientiam
1049 4675 1067 4719 a
1080 4659 1223 4734 Gregorio
1240 4658 1298 4720 ΧΠ
