2992 5258
419 456 460 507 51.
483 454 510 508 J.
546 453 696 522 Replicatio
714 453 903 520 magistrorum
921 453 1104 521 Pragensium.
1295 461 1357 525 499

161 654 370 735 decrevimus
399 662 432 720 et
461 674 529 736 cap.
552 655 785 721 venerabilibus
808 655 847 721 de
870 656 1030 721 sententia
1052 676 1091 721 ex
1112 657 1193 721 libro
1218 657 1262 722 VI
1284 662 1365 723 cum*

161 755 295 821 infinitis
317 754 467 838 juribus).
509 755 590 820 Item
617 772 727 820 ornnes
755 755 935 837 praedictos
966 774 1136 839 processus
1158 758 1300 823 scienter
1322 765 1355 823 et

161 857 369 938 pertinaciter
390 855 598 920 defendentes
621 863 653 920 et
676 862 887 937 exsequentes
910 862 942 922 et
957 858 1003 922 eis
1025 859 1262 924 consentientes
1278 867 1353 925 sunt

160 956 344 1038 blasphemi,
375 956 540 1038 sacrilegi,
574 956 835 1022 excommunicati
863 965 897 1023 et
934 958 1087 1024 haeretiei
1117 959 1287 1040 censendi,
1318 965 1357 1024 ut

159 1055 234 1120 alibi
257 1056 375 1121 dictum
398 1062 431 1120 et
453 1056 607 1137 scriptum
630 1063 681 1122 est
703 1063 736 1121 et
758 1056 866 1121 datum
888 1057 926 1120 D.
955 1058 1116 1140 Episcopo
1142 1059 1355 1144 Olomucensi,

159 1164 191 1222 et
224 1157 328 1223 adhuc
359 1157 584 1223 ostenderetur
606 1164 639 1221 et
661 1156 890 1234 deduceretur,
924 1159 951 1223 si
984 1159 1146 1224 audientia
1167 1160 1199 1225 in
1227 1161 1354 1243 publico

160 1257 293 1324 daretur
315 1276 420 1324 coram
443 1257 587 1323 omnibus
610 1257 803 1323 doctoribus.

256 1358 412 1440 (,Contra
445 1359 522 1423 falsa
546 1359 677 1424 consilio
699 1357 864 1424 doctorum
890 1360 960 1424 Hus
983 1361 1152 1427 surrnmarie
1175 1360 1351 1444 collegit.“)

257 1460 306 1523 Ile
332 1460 418 1526 clero
449 1460 600 1541 pestifero
639 1460 683 1524 ibi
712 1459 876 1541 objicitur,
907 1462 991 1541 quod
1020 1481 1077 1544 per
1106 1462 1166 1527 boc
1201 1465 1353 1530 infamant

157 1578 307 1642 regnum:
337 1578 414 1643 ergo
446 1561 619 1625 ostendant
647 1563 765 1626 clerium
792 1560 987 1641 pestiferum.
1010 1562 1102 1626 Illum
1136 1564 1219 1629 forte
1242 1572 1355 1631 notant

157 1661 357 1737 simoniacos,
379 1678 512 1742 quorum
535 1660 634 1741 pestis
656 1660 773 1726 multos
788 1661 905 1741 infecit,
929 1662 979 1726 vel
997 1663 1238 1729 concubinarios
1253 1667 1351 1730 mani·

156 1760 266 1838 festos,
288 1762 338 1827 vel
360 1780 482 1839 avaros,
505 1761 560 1842 qui
581 1767 742 1842 potestate
765 1761 900 1826 clavium
921 1761 1096 1826 abutuntur
1121 1764 1205 1828 circa
1226 1764 1352 1829 absolu·

158 1863 261 1928 tiones
285 1868 318 1926 et
332 1861 556 1943 indulgentias
579 1869 612 1926 et
633 1868 815 1927 mercantur
836 1880 931 1927 avare
954 1869 1016 1927 tam
1032 1862 1072 1926 de
1087 1862 1351 1944 absolutionibus,

157 1982 249 2044 quam
278 1963 318 2030 de
348 1961 489 2044 reliquiIs
519 1971 711 2027 sauctorum.
756 1962 871 2028 Dicant
902 1980 988 2042 ergo,
1011 1963 1038 2027 si
1060 1962 1140 2027 istos
1162 1969 1275 2029 notant
1298 1964 1348 2029 vel

155 2064 243 2143 alios,
273 2069 307 2129 et
334 2065 497 2128 nominent
525 2081 589 2141 eos,
616 2063 668 2127 vel
690 2063 717 2127 si
738 2062 896 2128 denotant
917 2063 1120 2142 Stanistaum,
1144 2064 1199 2145 qui
1221 2070 1345 2130 contra·

156 2163 327 2230 dictionem
367 2162 495 2244 scripsit
533 2162 617 2227 circa
657 2162 838 2228 venerabile
879 2170 1126 2242 sacramentum,
1164 2182 1226 2245 quo
1266 2162 1348 2229 forte

155 2265 257 2330 adbuc
272 2266 355 2330 cirea
370 2263 664 2344 dogmatisotionem
680 2273 948 2329 sacramentorum
960 2264 1065 2329 nullus
1077 2265 1205 2346 gravius
1222 2265 1349 2330 erravit.

255 2364 333 2431 Cum
355 2365 514 2429 Romanae
537 2364 691 2428 ecclesiae
713 2384 796 2446 papa
817 2371 868 2429 est
889 2371 993 2446 caput,
1017 2383 1133 2447 corpus
1156 2358 1231 2431 tero
1254 2365 1351 2431 eolle-

155 2468 240 2546 gium
263 2463 480 2542 cardinalium,
503 2462 678 2528 existentes
700 2463 859 2528 manifesti
881 2481 1083 2529 successores
1104 2465 1258 2547 principis
1273 2483 1349 2547 apo·

154 2565 322 2630 stolorum:
357 2564 401 2628 ibi
430 2564 595 2643 objicitur,
629 2563 712 2645 quod
740 2582 836 2644 grave
867 2572 917 2629 est
947 2565 993 2631 eis
1015 2565 1093 2630 illud
1115 2566 1261 2648 probare,
1283 2586 1347 2633 uon

155 2665 256 2730 solum
285 2663 368 2746 quod
396 2665 437 2728 sit
464 2661 542 2727 fides
572 2663 744 2742 credibilis,
776 2665 832 2729 sed
862 2666 956 2729 etiam
979 2666 1065 2746 quod
1088 2684 1196 2730 verum
1219 2667 1270 2731 sit.
1316 2665 1349 2731 Si

154 2766 237 2830 enim
267 2784 350 2847 papa
380 2771 430 2829 est
457 2763 647 2845 praescitus,
674 2765 757 2845 quod
785 2783 840 2830 eos
868 2765 962 2846 latet,
991 2768 1147 2847 quomodo
1177 2775 1227 2832 est
1254 2777 1349 2849 caput

154 2868 318 2945 ecclesiae,
348 2866 400 2930 ubi
430 2868 489 2930 hoc
510 2864 713 2929 fundabunt?
755 2864 788 2930 Si
819 2883 894 2930 vero
917 2867 995 2931 vivit
1018 2866 1145 2933 Christo
1168 2869 1347 2933 contrarius

153 2967 186 3033 in
214 2966 373 3048 superbia,
399 2966 543 3043 avaritia,
574 2965 744 3046 uoluptate,
772 2970 828 3030 arrt
856 2966 1000 3031 ascendit
1030 2967 1168 3047 aliunde,
1191 2969 1348 3050 quomodo

153 3086 229 3151 ergo
252 3075 303 3133 est
325 3067 511 3132 manifestus
534 3084 699 3130 successor
721 3066 817 3137 Petri
840 3084 910 3130 eum
934 3071 968 3129 ut
991 3067 1036 3131 sic
1063 3067 1106 3132 sit
1127 3068 1178 3131 fur
1200 3075 1233 3133 et
1254 3069 1346 3143 latro,

152 3168 329 3234 ascendens
355 3165 483 3231 aliunde
512 3184 605 3247 quam
629 3184 685 3247 per
708 3165 824 3230 ostium
847 3165 885 3229 D.
907 3166 986 3231 Iesu
1010 3166 1128 3232 Christi
1137 3174 1155 3230 't
1194 3168 1348 3233 Similiter

153 3278 203 3335 est
231 3269 270 3333 de
304 3267 532 3333 cardinalibus:
569 3268 597 3330 si
624 3266 707 3330 euim
737 3266 847 3331 vivunt
881 3267 1033 3331 contrarii
1068 3267 1239 3349 apostolis,
1273 3274 1347 3334 tune

151 3378 226 3436 sunt
242 3369 328 3434 fures
351 3375 384 3434 et
406 3369 556 3447 latrones,
581 3374 614 3432 et
636 3385 698 3431 non
721 3384 837 3448 corpus
860 3367 1014 3432 ecclesiae
1036 3372 1174 3442 sanctae,
1197 3387 1257 3432 nec
1280 3370 1347 3433 veri

150 3488 364 3536 successores.
408 3468 470 3534 sed
492 3486 550 3550 pro
574 3467 636 3532 isto
659 3473 709 3532 est
733 3467 931 3548 evarrgelium
947 3466 1066 3532 Christi
1088 3468 1179 3532 Joan.
1202 3465 1262 3531 Xlz
1286 3467 1346 3544 Qui

150 3570 277 3636 aliunde
299 3569 452 3650 ascendit,
475 3570 525 3634 fur
549 3576 600 3633 est
622 3574 654 3632 et
677 3569 767 3633 latro.
811 3567 891 3634 Item
913 3570 1048 3634 ibidem:
1078 3576 1235 3651 quotquot
1250 3568 1346 3634 uene·

151 3671 338 3752 mutieres
362 3677 437 3735 suut
458 3678 491 3735 et
512 3670 663 3748 latrones,
688 3652 757 3733 sed‘
767 3687 829 3734 uon
851 3669 1032 3735 audierunt.

249 3771 418 3854 Augustini
439 3771 613 3836 auctoritas
636 3770 710 3834 ista:
732 3770 765 3834 Si
778 3771 848 3850 quis
871 3770 992 3851 aliquas
1012 3771 1199 3852 scripturas,
1214 3779 1344 3852 praeter

151 3892 213 3953 eos,
237 3892 316 3956 quas
339 3872 493 3938 catholiea
517 3870 654 3935 eeclesia
675 3871 807 3951 recepit,
831 3870 880 3934 vel
895 3870 927 3934 in
943 3871 1165 3936 auctoritatem
1182 3871 1342 3935 habendas

151 3973 328 4053 tradiderit,
357 3972 406 4038 rel
436 3971 532 4035 fuerit
563 3976 744 4049 veneratus,
768 3971 939 4035 anathema
960 3969 1011 4042 sit,
1035 3978 1085 4035 est
1107 3979 1217 4036 contra
1240 3972 1342 4036 consi·

149 4076 225 4141 limu
237 4073 325 4140 istud
336 4079 504 4151 secretum,
526 4071 698 4152 quianulla
711 4071 877 4153 scriptura,
901 4090 994 4152 quam
1015 4071 1138 4152 recepit
1154 4070 1342 4135 universalis

149 4175 293 4253 ecelesia,
308 4174 410 4252 docet,
433 4173 518 4254 quod
540 4192 622 4254 papa
644 4178 695 4236 est
716 4178 811 4253 caput
833 4171 1021 4236 universalis
1044 4172 1198 4236 ecclesiae
1221 4179 1254 4236 et
1274 4190 1344 4236 car·

149 4276 272 4343 dinales
294 4293 418 4356 corpus
441 4292 517 4354 ergo
540 4272 602 4354 ipsi
624 4273 670 4336 sic
692 4272 913 4336 canonisantes
936 4289 1025 4335 suam
1052 4271 1242 4352 scripturam
1265 4278 1341 4335 sunt

148 4377 325 4442 anathema.
368 4375 434 4457 Ipsi
462 4374 545 4439 enim
572 4374 703 4438 tradunt
737 4373 822 4438 istud
845 4390 935 4437 suum
958 4371 1121 4436 consilium
1148 4371 1180 4434 iu
1203 4372 1344 4436 auctori·

149 4483 248 4543 tatem
277 4482 406 4556 mutam,
430 4474 513 4556 quod
536 4473 668 4539 inferius
698 4481 822 4555 ponunt
843 4491 976 4555 poenam
999 4471 1110 4536 ruortis
1132 4477 1165 4535 et
1187 4472 1341 4537 haeresis.

149 4577 181 4643 Si
210 4576 340 4642 difficile
370 4582 403 4640 et
430 4576 612 4656 ambiguum
634 4575 764 4641 Denter.
788 4574 888 4653 XVII,
920 4592 1017 4654 super
1048 4573 1102 4637 illo
1136 4572 1213 4637 dicit
1240 4572 1343 4654 Lyra:

149 4678 314 4745 Sententia
325 4677 441 4742 nullius
455 4676 587 4742 bominis
600 4679 815 4760 cujuscunque
836 4676 919 4740 sicut
932 4672 1259 4740 auctoritas-tenenda
1281 4680 1339 4755 est,

1143 4789 1192 4843 32*
