2992 5258
155 435 217 502 574
398 431 602 486 Controversiae
621 430 655 485 de
672 429 803 498 religione
820 433 848 486 in
865 432 1009 487 Bohemie:
1027 434 1101 489 1415.

156 644 189 703 et
211 636 384 715 commodo,
408 637 494 701 solus
515 636 600 700 inter
622 635 784 717 praelatos
806 635 908 716 ipsius
932 635 1032 716 regni,
1054 635 1088 701 in
1109 653 1203 702 saero
1217 633 1348 702 eoueilio

156 739 351 822 perduravit,
365 738 508 819 ejusdem
520 738 610 818 regni
627 738 744 802 bonnm
769 743 801 802 et
824 738 977 803 honorem
992 737 1121 803 indubie
1135 734 1349 819 procurando

156 841 240 905 unde
263 841 378 904 meruit
400 845 483 904 teste
506 839 575 917 deo,
599 846 636 903 ut
658 839 760 921 ipsum
783 839 851 904 Tua
871 839 978 904 door
999 837 1152 904 defendat
1174 845 1208 904 et
1229 838 1349 905 favora-

153 942 261 1006 biliter
274 946 494 1021 prosequatur.
518 941 579 1004 Pro
595 957 657 1020 quo
670 947 799 1021 praeter
820 941 943 1005 animae
956 946 1030 1005 tuae
1042 940 1154 1004 salutis
1167 939 1348 1021 praemium,

155 1040 239 1122 quod
262 1040 375 1105 exinde
398 1040 456 1105 tibi
478 1040 658 1121 proveniet,
680 1060 699 1104 a
720 1040 812 1105 uobis
836 1041 948 1121 possis
979 1041 1032 1121 qni
1054 1045 1199 1105 sanetum
1222 1056 1347 1121 repree

155 1148 317 1206 sentamus
354 1141 529 1215 ecelesiam,
563 1161 599 1206 ne
632 1159 738 1206 eoram
767 1160 887 1206 summo
921 1140 1070 1223 pontifice
1108 1139 1202 1206 unico
1235 1145 1269 1204 et
1306 1138 1349 1203 in·

155 1242 298 1307 dubitate
320 1249 448 1324 pastore
481 1243 595 1307 merito
627 1242 860 1320 commendam
884 1242 1034 1319 sciturus,
1058 1241 1143 1323 qnod
1171 1240 1348 1323 praefatum

154 1351 299 1409 nostrum
311 1344 440 1408 fratrem
454 1344 637 1425 episcopum
653 1343 926 1424 Lutomysleusem
949 1360 1012 1407 nou
1025 1341 1283 1423 derelinquemus
1300 1339 1349 1405 de-

155 1444 282 1520 fessum,
305 1462 376 1508 eum
391 1444 557 1525 proposito
582 1443 775 1508 irrteudimus
798 1441 990 1508 mortificare
1012 1443 1099 1505 virus
1122 1447 1187 1506 tam
1209 1438 1345 1505 mortife-

156 1563 224 1608 rum
247 1546 420 1609 animarum
444 1551 477 1608 et
492 1544 655 1609 eradicare
678 1543 718 1608 de
740 1544 834 1608 vinea
849 1543 966 1607 dommi
982 1549 1101 1607 tautam
1124 1546 1257 1623 pestem.
1281 1539 1348 1603 Dat.

156 1643 371 1722 Constantine,
395 1644 472 1709 VIII
505 1645 566 1708 kal.
590 1644 811 1726 Septembres,
840 1661 923 1709 anuo
952 1641 1069 1707 domini
1091 1657 1131 1706 κ.
1162 1640 1232 1721 XV,
1256 1637 1348 1704 indit·

154 1745 241 1810 tione
263 1745 349 1825 VIII,
371 1745 546 1826 apostoliea
569 1743 644 1809 sede
668 1749 809 1810 vacante.

719 2125 779 2198 83.

155 2333 394 2417 Concilium
431 2330 760 2416 Constantiense
796 2333 1012 2416 <loannem
1046 2332 1345 2442 Lutonrysleu·

153 2500 243 2550 seru
275 2472 528 2576 episcopum
555 2469 611 2550 ad
637 2469 846 2550 haeresim
879 2470 920 2548 iu
953 2497 1088 2578 reguo
1116 2465 1344 2552 Bohemiae

153 2601 473 2710 exstirpandam
506 2606 692 2703 mittens,
720 2632 932 2685 summam
971 2603 1007 2683 ei
1042 2600 1182 2686 defert
1217 2598 1343 2685 adid

444 2736 751 2844 perficiendum
777 2747 1052 2844 potestatem.

544 2969 727 3031 t'onstantiar,
748 2970 821 3033 1415,
840 2971 869 3020 31
891 2969 963 3033 Aug.

194 3270 238 3332 (Ε
255 3269 315 3322 MS.
336 3270 475 3321 ‹rairerait
495 3267 585 3337 Prope.
606 3268 664 3328 XI,
685 3270 720 3321 D.
738 3268 766 3319 ὁ.
802 3269 837 3320 lt.
858 3267 921 3321 MS.
939 3270 1076 3322 tabularii
1097 3268 1215 3321 Trebam.
1236 3266 1303 3323 ΠΙ.)

151 3570 321 3629 „Processere
337 3580 434 3622 ceretro.
460 3569 625 3630 Wieleftstua
642 3572 726 3625 dirius
738 3572 865 3640 episcopo
879 3571 1083 3640 Lutompslermi
1100 3590 1120 3623 a
1138 3572 1256 3625 coneilio
1267 3584 1338 3637 pene·

582 3657 639 3706 reli
660 3655 863 3708 constantiensi
881 3659 933 3717 def*

250 3857 459 3922 Suerosaueta
494 3857 652 3937 generalia
685 3857 824 3938 synodus
854 3857 1129 3937 Constantinnsis,
1174 3856 1339 3923 venerabili

149 3957 240 4020 fratri
262 3957 377 4022 loanni
399 3957 548 4037 episeopo
565 3957 806 4038 Lutomysleusi,
831 3959 965 4022 salutem
988 3965 1021 4023 et
1044 3958 1096 4023 dei
1119 3956 1340 4041 omnipotentis

150 4057 413 4123 benedictionem.

250 4161 421 4239 Postquam
456 4179 595 4241 srrperun
629 4159 829 4240 providentia
863 4159 902 4223 ad
935 4160 1085 4241 ternplum
1122 4162 1244 4227 domiui
1272 4163 1342 4245 jem,

150 4260 233 4340 qued
256 4260 402 4325 dolenter
424 4261 604 4338 referimus,
628 4259 835 4340 ‹prornrmlam
856 4261 1011 4340 agitatum
1035 4262 1179 4342 nequitia
1201 4261 1340 4329 reaedifi-

149 4359 282 4423 candum
298 4359 608 4441 eonatruemlumque
626 4370 657 4426 et
679 4362 719 4425 ab
742 4362 827 4425 omui
851 4368 1010 4444 potestate
1033 4363 1131 4445 impia
1146 4364 1339 4430 liberandum

151 4458 202 4523 ltie
225 4459 338 4523 iuiruus
362 4468 394 4525 et
417 4480 525 4525 sumus
554 4462 681 4525 insimul
703 4462 905 4543 congregati,
934 4484 992 4545 per
1014 4464 1083 4528 dies
1105 4471 1141 4530 et
1162 4474 1274 4532 noctes
1294 4482 1340 4530 ee·

149 4559 317 4638 agitavimus
337 4568 370 4624 et
392 4580 516 4625 omnem
531 4569 674 4627 nostrum
698 4571 844 4627 conatum
862 4565 1023 4645 posuimus
1038 4565 1080 4630 ad
1101 4564 1338 4633 summovendos

149 4660 300 4739 caligines
321 4661 651 4743 praeseiudeudasqne
675 4664 835 4744 turbines,
865 4667 1021 4746 quomodo
1044 4666 1200 4747 splendor
1220 4666 1275 4733 ille
1288 4665 1338 4732 do·
