2992 5258
314 409 485 480 Responsum
503 410 539 465 M.
558 410 585 466 J.
602 410 661 465 iius
679 411 713 466 ad
731 411 859 465 articulos
877 411 963 467 Palea
982 414 1055 466 ltlb.
1223 416 1285 481 207

98 616 201 676 labam
244 615 390 689 Numquid
413 621 443 674 et
463 631 521 674 non
544 614 594 674 isti
616 616 753 688 discipuli
776 616 917 688 appellati
940 623 1014 686 sunt,
1037 615 1174 688 loquente
1196 633 1284 676 evan·

96 717 185 794 gello,
220 721 250 773 et
275 722 371 774 umen
398 732 457 773 uon
484 721 568 774 eraut
594 732 662 774 vere
692 716 843 789 discipuli,
877 717 945 788 quia
977 733 1034 774 non
1063 723 1233 776 manserunt
1252 717 1284 775 in

94 814 182 873 uerbo
214 816 298 887 ejus,
332 814 490 872 secundum
517 814 594 887 quud
616 814 670 873 ait:
703 813 734 872 Si
769 814 934 872 manseritis
956 814 986 871 in
1008 814 1115 889 verbu,
1150 816 1284 889 discipuli

92 914 147 972 mei
169 914 253 974 estis.
298 913 373 984 Quia
394 929 464 985 ergo
487 929 545 971 nun
567 910 731 971 babuerunt
752 913 1008 985 perseverantiam,
1039 915 1115 973 sicut
1135 931 1193 973 non
1215 908 1283 975 vere

90 1013 229 1086 discipuli
251 1012 377 1083 Christi,
408 1013 451 1071 ita
482 1029 536 1071 nec
559 1011 611 1071 lilii
638 1013 686 1072 dei
707 1029 775 1071 vere
799 1013 929 1082 inerunt,
958 1014 1044 1071 etium
1077 1014 1192 1086 quande
1224 1016 1284 1088 ipsi

89 1114 267 1172 videbantur
289 1120 319 1172 et
340 1114 381 1172 ita
401 1113 588 1173 vocabantur.
610 1113 800 1186 Appellamus
823 1128 892 1185 ergo
914 1127 969 1170 nos
990 1112 1102 1173 electos
1125 1120 1155 1173 et
1175 1113 1284 1174 Christi
1310 1186 1317 1199 .

85 1212 253 1285 discipulus
265 1221 296 1272 et
310 1213 358 1272 dei
376 1212 462 1286 filius,
485 1213 533 1287 qui
552 1214 721 1286 appellandi
741 1218 817 1284 sunt,
840 1229 912 1286 ques
930 1218 1155 1286 regeneraturus
1171 1215 1218 1286 pie
1241 1217 1283 1274 vi-

84 1330 159 1371 vere
174 1313 329 1381 cernimus,
351 1310 405 1372 sed
425 1320 494 1371 tuuc
515 1329 584 1371 vere
607 1319 681 1382 sunt,
704 1312 781 1386 quod
802 1312 996 1385 appellantur.
1020 1312 1051 1372 Si
1066 1319 1161 1372 autem
1179 1330 1284 1385 perse·

81 1413 254 1473 vetantium
273 1428 331 1471 non
347 1411 465 1483 babent,
485 1413 504 1471 i.
526 1429 552 1474 e.
575 1412 604 1470 in
628 1429 672 1483 eo,
695 1412 772 1486 quod
795 1420 956 1485 coepemnt
976 1428 1053 1482 esse,
1076 1427 1134 1471 non
1156 1420 1284 1485 manent

81 1530 150 1573 non
172 1529 241 1572 vere
264 1514 457 1585 appelluntm,
490 1515 712 1586 propterquod
740 1514 928 1585 appellantur
958 1520 987 1572 et
1014 1530 1071 1572 nun
1095 1520 1174 1587 sunt3
1206 1514 1284 1588 apud

79 1630 155 1672 eum
192 1613 269 1672 enim
302 1613 358 1672 boc
389 1629 448 1672 uon
482 1621 556 1684 sunt,
590 1615 637 1673 cui
670 1619 769 1673 notum
793 1617 863 1688 est,
893 1613 970 1686 quod
998 1612 1088 1672 futuri
1110 1619 1192 1685 sunt,
1215 1614 1234 1677 i.
1257 1631 1283 1674 e.

80 1730 127 1773 ex
155 1713 243 1772 bonis
275 1713 353 1772 mali.
396 1712 461 1771 Hoc
493 1715 689 1786 augustinum
722 1713 841 1785 ponitur
868 1712 947 1771 istud
977 1717 1068 1770 toturn
1099 1713 1128 1772 in
1152 1717 1186 1771 4⁰
1211 1712 1284 1773 iulio

79 1811 117 1872 4ι
151 1813 274 1886 capituli
304 1814 362 1874 mei
392 1819 542 1884 mactatus,
574 1814 624 1872 ubi
656 1815 685 1873 in
717 1814 813 1885 spatie
845 1819 891 1872 est
918 1829 1029 1875 munus.
1072 1812 1159 1872 Patet
1187 1814 1283 1884 etiarn,

81 1915 169 1988 quod
190 1914 284 1975 ludas
318 1930 376 1972 non
405 1914 459 1974 init
488 1931 574 1973 verus
597 1914 706 1973 Christi
728 1913 897 1984 discipulus,
933 1913 991 1970 ino
1013 1928 1068 1971 nec
1090 1913 1185 1985 putuit
1207 1929 1294 1987 esse,-

79 2022 187 2076 stante
210 2030 264 2073 sua
285 2016 415 2076 aranda.
438 2015 513 2073 Nam
535 2015 609 2073 dixit
631 2015 766 2085 salvatur,
788 2013 920 2086 aestimo,
934 2014 1000 2085 ipso
1015 2013 1093 2072 Juda
1107 2020 1282 2084 praesente:

77 2115 156 2175 Risi
178 2115 244 2187 quis
265 2116 475 2174 renuntiaverit
490 2116 633 2190 omnibus,
656 2131 730 2189 quae
754 2115 894 2187 possidet,
917 2131 974 2172 non
997 2119 1096 2185 potest
1110 2128 1191 2172 meus
1215 2128 1282 2172 esse

78 2214 262 2287 discipulus.
306 2215 378 2274 Cum
400 2230 470 2288 ergo
492 2215 584 2274 Judas
607 2233 666 2273 non
689 2215 900 2275 renuntiaverit
920 2214 1055 2272 omnibus
1080 2214 1165 2286 juxta
1185 2213 1281 2272 inten-

79 2316 200 2374 tiouem
223 2315 332 2374 domini
354 2315 505 2388 sequendo
528 2332 602 2385 eum,
625 2317 761 2389 quoniam
783 2313 830 2374 iur
851 2320 916 2374 erat
936 2311 1018 2395 (Job.
1032 2309 1085 2394 12)
1099 2318 1130 2373 et
1149 2313 1283 2373 diabolus

79 2411 192 2494 (loen.
216 2417 261 2488 6),
283 2420 364 2486 patet
385 2430 421 2471 ex
443 2414 532 2472 verbo
555 2415 672 2486 domiui,
705 2415 782 2488 quod
804 2415 869 2487 ipse
890 2415 983 2474 Judas
1016 2431 1073 2473 non
1103 2419 1168 2473 erat
1193 2431 1281 2473 verus

82 2517 155 2587 eius
176 2515 346 2586 discipulus,
375 2514 426 2572 sed
450 2512 550 2583 lictus;
572 2515 648 2573 unde
671 2515 850 2587 Augustinus
872 2530 962 2586 super
983 2514 1097 2573 Joaune
1113 2512 1283 2583 ostendens,

81 2615 236 2688 quomodo
258 2630 327 2673 ones
349 2614 504 2673 audierunt
524 2631 625 2674 vocem
648 2614 764 2685 Christi,
788 2615 875 2673 dicit:
897 2613 955 2673 Sed
978 2615 1048 2687 quid
1069 2621 1211 2686 pommus,
1233 2612 1283 2686 qni

83 2716 255 2784 audierunt,
277 2729 347 2773 oves
370 2714 475 2773 erant?
498 2715 575 2774 Ecce
597 2714 709 2773 audivit
729 2715 829 2785 Judas,
852 2721 882 2774 et
902 2715 987 2786 lupus
1003 2721 1074 2783 erut,
1097 2713 1282 2788 sequebatur,

85 2814 145 2874 sed
166 2813 247 2887 pelle
269 2812 355 2872 ovina
376 2820 470 2873 tectus
494 2815 606 2885 pastori
627 2815 831 2874 insidiabatur.
875 2814 957 2873 Haec
980 2814 1167 2886 Augustinus.

200 2915 248 2975 la.
273 2913 428 2991 „Ecclesia
452 2913 752 2992 praedestinaturum,
778 2916 840 2974 siue
867 2916 927 2973 sint
957 2914 990 2973 iu
1013 2913 1114 2987 gretia
1133 2913 1194 2971 siue
1224 2930 1286 2972 auu

83 3012 249 3073 scandente
263 3016 449 3086 massonem
463 3015 623 3085 justitium,
646 3016 688 3072 est
708 3014 854 3072 articulus
871 3013 949 3086 fidei,
972 3017 1000 3072 et
1020 3010 1077 3072 illo
1096 3029 1156 3070 non
1173 3012 1283 3071 inuberes

82 3113 235 3172 munt
255 3129 347 3186 murce
367 3130 482 3187 nepum
505 3114 558 3172 scd
578 3116 620 3171 eet
633 3117 740 3172 sanctu
761 3117 788 3171 et
808 3114 998 3171 immaculata
1012 3113 1172 3182 «stillaret,
1195 3129 1284 3186 quum

91 3209 227 3270 cbristus
246 3214 332 3269 uocet
362 3217 476 3272 eucm“.
527 3215 588 3272 Ista
609 3230 668 3272 non
696 3219 742 3272 est
762 3213 792 3271 iu
814 3212 914 3271 libello
937 3228 1002 3272 nreu
1024 3211 1196 3284 propositio,
1228 3211 1282 3271 sed

87 3319 122 3370 ut
141 3310 220 3370 inira
241 3311 388 3371 scribitur.

190 3412 326 3484 Capitale
348 3408 384 3470 7ο
398 3413 429 3471 in
451 3413 545 3485 primo
567 3412 638 3471 folio
660 3413 691 3470 in
713 3410 770 3471 fine
792 3413 933 3471 tenendo
955 3411 1055 3472 lolium
1078 3413 1199 3472 dicitnr:
1223 3411 1281 3471 Sed

89 3512 178 3570 tertio
199 3512 286 3571 mode
309 3514 432 3571 sumitur
453 3513 579 3573 ecclesia
600 3531 655 3586 pro
677 3515 886 3573 convocatione
902 3513 1196 3586 praedestinatorum,
1218 3512 1280 3572 sive

91 3611 199 3670 sintin
221 3612 316 3686 gratia
337 3613 495 3672 secundum
517 3620 703 3686 praesentem
722 3613 875 3684 justitiam,
898 3614 959 3671 sive
981 3630 1053 3684 non;
1075 3619 1105 3671 et
1119 3614 1177 3672 isto
1194 3611 1281 3671 modu

91 3712 216 3771 eeclesia
230 3719 277 3770 est
290 3713 429 3772 articulus
445 3712 523 3784 iidei,
546 3714 583 3772 de
599 3730 654 3787 quo
676 3714 805 3787 loquitur
819 3714 969 3786 apostolus
982 3715 1091 3786 Ephes.
1116 3711 1151 3771 5⁰
1164 3712 1282 3771 dicens:

93 3811 225 3871 Christm
258 3812 362 3870 dilexit
382 3813 537 3872 ecclesium
566 3820 598 3872 et
618 3814 859 3873 tradidit-semet
886 3814 981 3886 ipsum
1011 3831 1065 3886 pro
1088 3831 1131 3883 ea,
1166 3819 1197 3871 ut
1217 3828 1281 3870 earn
1401 3804 1414 3831 “

94 3908 296 3982 sanctificaret,
317 3913 460 3972 mundans
482 3930 546 3972 earn
568 3914 683 3972 lavacro
700 3929 792 3986 aquae
814 3914 844 3972 in
865 3914 956 3970 verbo
976 3914 1061 3984 vitae,
1083 3920 1116 3973 ut
1129 3913 1282 3971 exhiberet

93 4013 156 4085 ipse
171 4012 229 4072 sibi
250 4012 407 4085 gloriosum
430 4014 592 4082 ecclesiam,
617 4031 676 4072 non
699 4013 854 4072 habentem
876 4013 1017 4071 maculam
1039 4020 1090 4072 aut
1109 4029 1208 4086 rugam
1231 4017 1282 4069 mit

91 4112 197 4186 aliquid
230 4112 417 4187 hujusmodi,
450 4114 502 4172 sed
535 4121 566 4173 ut
601 4115 640 4172 sit
668 4120 769 4173 sancta
795 4120 824 4172 et
855 4114 1046 4173 immaculata.
1096 4114 1167 4185 Quis
1208 4129 1280 4184 rogo

92 4210 186 4271 tidelis
208 4212 336 4281 dubitat,
365 4213 433 4285 quin
455 4212 497 4271 ibi
519 4213 645 4272 eeclesia
677 4214 774 4285 signat
795 4229 895 4271 omnes
919 4212 1167 4285 praedestinatos,
1196 4229 1280 4285 quam

93 4310 229 4371 debemus
251 4312 374 4370 credere
398 4328 465 4371 esse
488 4312 643 4371 ecclesiam
665 4312 837 4372 catholicam
860 4328 997 4384 sponsam
1012 4311 1130 4381 Christi,
1152 4310 1281 4371 finaliter

92 4419 216 4471 sucum
243 4419 275 4470 et
300 4412 521 4472 immaculatam.
574 4412 661 4471 Unde
690 4411 743 4471 illa
771 4418 874 4472 saneta
904 4411 1033 4471 ecclesia
1062 4420 1108 4470 est
1136 4412 1280 4485 objectiva
1350 4484 1356 4491 Ι

93 4511 227 4571 articulus
247 4509 331 4580 fidei,
364 4528 449 4586 quern
471 4512 610 4572 debemus
633 4509 755 4569 firmiter
784 4512 906 4571 credere
929 4513 1014 4584 Juxta
1043 4510 1115 4569 illud
1137 4510 1276 4584 symboli:

94 4608 185 4670 Crede
207 4618 335 4670 sancum
358 4613 513 4671 ecclesiam
529 4611 709 4672 catholicam.
731 4612 772 4669 Et
792 4612 829 4670 de
850 4611 908 4670 ists
929 4612 1086 4683 loquuntur
1107 4609 1159 4672 SS.
1182 4613 1280 4684 Angu-
