2992 5258
148 419 211 483 386
385 415 590 470 controversiae
609 414 642 469 dc
660 414 790 481 religione
808 415 836 469 in
853 413 996 468 Bohemia:
1015 415 1089 468 1410.

708 708 772 782 24.

151 934 418 1018 Universitas
443 933 573 1016 studii
598 931 827 1044 Pragensis
854 933 1058 1037 declarat,
1087 931 1215 1015 sede
1243 960 1323 1015 con

159 1068 446 1169 dcmnationc
470 1067 678 1149 librorum
704 1066 887 1151 ioannis
911 1064 1080 1150 Wicles
1099 1066 1154 1148 ab
1182 1064 1321 1147 archi-

511 1204 716 1310 episcopo
747 1201 985 1284 dissentire.

581 1430 694 1498 Progne,
713 1433 787 1498 1410,
804 1433 836 1483 21
854 1430 919 1485 Juu.

645 1638 847 1648 -1——--—--

512 1732 556 1797 (E
571 1730 633 1784 MS.
658 1730 757 1786 Vienna.
772 1727 862 1791 4902,
875 1729 901 1800 s
920 1728 983 1797 63.)

645 1882 694 1891 ρ-

248 2036 368 2100 Rector
388 2038 539 2113 totusque
562 2038 674 2097 coetus
696 2037 729 2095 et
751 2031 959 2096 communitas
980 2030 1213 2112 magistrorum,
1237 2033 1323 2099 doct

150 2156 233 2217 rum,
261 2135 541 2201 baccalaureorum
573 2138 605 2197 ct
645 2129 841 2196 studentium
870 2130 969 2195 alinae
998 2130 1218 2198 univcrsitatis
1249 2142 1323 2201 stu«

149 2237 334 2316 Prageusis:
368 2233 591 2297 universiset
626 2231 760 2311 singulis
793 2232 913 2295 Christi
946 2230 1091 2316 fidelibus
1118 2253 1179 2317 per
1203 2244 1238 2301 et
1258 2236 1319 2301 int

149 2355 282 2418 regnum
297 2334 468 2399 Bohcmiae
490 2337 523 2397 et
537 2332 786 2396 marchionatum
800 2332 960 2397 bloraviae
972 2351 1009 2397 ac
1024 2334 1088 2398 alia
1100 2353 1208 2415 regna,
1221 2336 1323 2402 distri

152 2445 205 2502 tus
239 2443 273 2501 et
303 2434 484 2517 provincias
516 2431 650 2496 ubilibet
683 2431 881 2496 constitutis:
908 2432 1105 2514 intimamus,
1138 2435 1323 2502 insinuamn

150 2534 346 2602 notificamus
375 2533 472 2599 acad
496 2538 634 2597 vestram
656 2539 690 2596 et
712 2530 881 2612 cuiuslibet
902 2541 1044 2597 vestrum
1064 2540 1178 2601 tenore
1195 2552 1323 2617 praescr

151 2637 230 2700 tium
258 2633 404 2699 notitiam
434 2632 619 2697 deducimus
656 2631 894 2712 solenniterque
925 2632 1138 2714 publicanus,
1171 2635 1257 2716 quod
1286 2650 1323 2698 nc

151 2735 331 2801 sententiae
346 2732 532 2797 diffinitivae
548 2732 588 2796 dc
610 2738 643 2797 et
668 2748 726 2813 pro
742 2731 960 2797 combustione
985 2733 1138 2799 librorum
1153 2735 1196 2799 M.
1213 2731 1323 2801 ioanni

151 2833 267 2899 Wiclef
292 2850 396 2915 nuper
427 2851 487 2915 per
508 2831 616 2895 revdum
638 2837 763 2913 patrem
792 2831 830 2895 D.
853 2832 1050 2914 Sbyuconem
1071 2832 1323 2917 archiepiscopat

151 2936 344 3015 Pragcnsem
359 2933 398 2997 de
413 2951 495 2996 anuo
519 2933 599 2998 dom.
622 2931 809 2997 MCCCCX⁰
823 2931 875 2997 die
891 2933 1105 2998 sextadecima
1125 2935 1245 2999 mensis
1257 2928 1323 2999 iuni

151 3037 183 3100 in
216 3035 339 3117 synodo
372 3034 513 3114 generali
544 3035 576 3096 in
611 3033 700 3098 curia
731 3052 789 3098 sua
810 3034 1073 3115 archiepiscopali
1096 3035 1159 3099 sita
1180 3031 1323 3099 inminet

153 3135 281 3200 civitate
313 3133 465 3214 Pragensi
498 3132 703 3212 inluminatae,
747 3133 972 3215 pronuntiatae
1004 3140 1039 3200 ct
1070 3133 1249 3215 publicatae
1277 3145 1323 3195 nm

153 3236 370 3300 consensimus
399 3251 457 3297 uec
491 3233 719 3311 consentimus3
752 3233 827 3313 quia
858 3232 942 3298 facta
962 3233 1085 3314 pridem
1105 3235 1201 3315 plena
1215 3245 1323 3313 congre

152 3335 281 3415 gatione
310 3334 413 3398 dictae
443 3333 660 3397 univcrsitatis
689 3332 749 3396 sub
780 3351 883 3414 poena
904 3333 1053 3414 praestiti
1071 3333 1244 3413 juramenti
1262 3346 1323 3397 ann*

155 3451 216 3515 quo
239 3452 337 3514 supra
351 3433 403 3497 dic
425 3432 623 3513 quuindccima
644 3435 762 3497 mensis
784 3433 882 3512 lunii,
905 3432 1087 3498 conclusum
1100 3440 1153 3499 est
1173 3435 1206 3498 in
1227 3430 1323 3498 eudem

156 3533 238 3614 quod
261 3532 331 3613 ipsa
344 3533 533 3596 universitas
546 3533 690 3614 praefato
712 3533 750 3597 D.
772 3533 1021 3615 Archiepiscopo
1036 3533 1077 3597 ad
1099 3533 1323 3599 combustionen

154 3634 307 3698 librorum
335 3630 490 3712 praedicti
520 3633 561 3695 ll.
590 3632 707 3698 Wiclcf
733 3650 772 3696 ex
800 3632 896 3698 certis
926 3638 959 3698 ct
980 3632 1222 3698 rationabilibus
1244 3628 1323 3697 causi

155 3733 195 3797 ad
211 3732 391 3797 evitandum
407 3732 555 3797 scandala
570 3740 603 3796 et
614 3732 755 3813 pericula
770 3751 833 3796 nou
848 3734 1016 3812 consentit,
1039 3752 1080 3796 ne
1104 3751 1144 3797 ex
1158 3727 1323 3798 detestand-

156 3833 405 3898 dissimulatione
439 3834 480 3898 sit
508 3834 669 3915 particeps
702 3834 840 3897 criminis
873 3833 1032 3899 intentati.
1065 3833 1184 3899 Datum
1213 3833 1323 3911 Pagae

156 3951 239 3999 auno
261 3951 322 4015 quo
353 3952 464 4015 supra,
495 3933 547 3997 dic
569 3933 719 3998 vicesima
740 3933 843 4015 prima
863 3932 980 3997 mensis
1002 3934 1109 4016 iunii,
1132 3922 1323 4000 nostraeoni

157 4033 319 4101 versitatis
342 4033 445 4115 sigillo
468 4033 679 4116 subappenso.
