2992 5258
201 399 260 463 158
470 394 665 451 ⁴iccustttiones
682 394 718 451 M.
738 397 797 452 llus
815 396 926 464 ejusque
944 412 1083 466 responsa
1121 403 1144 453 1.

197 606 289 666 tantu
312 619 370 682 pro
392 600 598 666 sacramentis
620 600 739 682 aliquid
761 601 924 681 erigatur3
953 602 1102 684 secundo,
1129 603 1215 685 quod
1236 622 1297 670 nec
1318 609 1395 671 ante

198 717 258 766 nec
280 705 353 783 post
375 701 535 783 alligatum
558 707 590 766 et
611 703 709 767 tertio
731 719 828 767 causa
842 701 998 782 subditur,
1021 704 1169 784 quoniam
1186 703 1395 771 simoniacum

198 808 232 867 et
259 820 317 884 per
344 819 541 883 consequens
570 803 765 868 haereticum
795 808 853 867 ast.
899 802 991 868 Unde
1018 804 1172 884 quiante
1198 822 1257 887 pro
1287 822 1394 871 sacra·

198 903 314 968 mentis
330 904 461 984 exigunt
476 902 525 967 val
542 904 719 984 porrigunt,
734 903 884 969 dicuntur
899 903 1029 986 proprie
1044 903 1219 968 simoniaci
1232 924 1252 970 a
1264 903 1393 979 Simone

197 1022 298 1086 mago,
332 1005 385 1085 qui
414 1006 549 1068 Actuum
576 1004 613 1069 8⁰
634 1003 751 1069 obtulit
778 1004 943 1085 pecuniam
968 1006 1123 1087 apostolis
1149 1006 1275 1073 dicens:
1308 1005 1393 1071 Date

197 1106 273 1170 mihi
299 1105 380 1170 hanc
406 1111 612 1187 potestatem.
640 1111 675 1170 ut
696 1105 872 1185 cuicunque
902 1106 1083 1186 imposuero
1105 1124 1226 1186 manus,
1255 1104 1394 1188 accipiat

196 1205 343 1287 spiritum
376 1209 528 1270 sanctum.
579 1204 694 1269 Petrus
727 1210 834 1269 autem
867 1205 947 1270 dixit
979 1206 1130 1271 adeum:
1163 1205 1302 1272 Pecunia
1337 1213 1394 1273 tua

196 1311 301 1371 tecum
326 1305 369 1370 sit
386 1306 419 1370 in
435 1304 655 1387 perditionem,
682 1306 831 1385 quoniam
847 1305 963 1371 donum
985 1306 1036 1371 dei
1052 1306 1241 1373 existimasti
1256 1307 1395 1389 pecunia

174 1406 364 1497 possideri.
401 1405 528 1468 (iezitae
548 1416 655 1472 autem
677 1406 826 1472 dicuntur
847 1407 987 1488 proprie,
1017 1409 1070 1488 qui
1093 1407 1132 1473 de
1154 1414 1228 1489 post
1248 1407 1395 1489 erigunt,

196 1526 215 1572 a
241 1507 329 1585 Gari,
353 1507 407 1586 qui
431 1505 546 1572 iactam
572 1509 740 1572 sanitatem
761 1526 781 1571 a
805 1505 946 1571 Naaman
967 1507 1113 1588 principe
1127 1506 1236 1589 Syriae
1253 1526 1312 1589 per
1326 1506 1394 1571 Eli·

196 1626 287 1672 zeum
308 1607 496 1689 prophetam
518 1606 557 1670 ab
579 1606 649 1687 ipso
675 1607 819 1689 principe
841 1624 973 1673 munera
992 1608 1180 1688 postulavit;
1205 1606 1289 1673 unde
1311 1607 1392 1672 scri-

196 1707 281 1773 bitur
306 1706 344 1773 4²¹
364 1707 484 1788 Regum
510 1709 574 1770 5¹⁰:
608 1706 742 1772 Secutus
766 1713 816 1772 est
830 1707 917 1789 Gany
944 1712 1018 1789 post
1044 1712 1168 1788 tergum
1190 1707 1334 1775 Naaman
1359 1713 1396 1773 et

195 1808 288 1873 dixit:
310 1808 465 1873 Dominus
486 1825 575 1872 meus
596 1808 683 1873 misit
698 1826 748 1873 me
766 1807 889 1874 dicans:
912 1807 1006 1874 modo
1031 1808 1248 1875 veneruntad
1261 1827 1313 1874 ma
1327 1807 1395 1874 duo

193 1909 414 1974 adolescentes
436 1907 476 1972 de
495 1913 603 1973 monte
614 1907 745 1973 Effraim
766 1927 805 1973 er
828 1906 900 1974 filiis
916 1909 1153 1991 prophetarum,
1175 1908 1274 1976 dacis
1289 1908 1394 1975 talen·

195 2016 262 2075 turn
294 2009 418 2089 argenti
444 2014 478 2073 et
509 2015 615 2074 vestes
646 2009 831 2074 mutatorias
863 2008 1022 2090 duplices;
1056 2015 1090 2074 et
1115 2011 1260 2091 sequitur
1286 2027 1394 2092 poena

195 2110 275 2176 Geni
296 2129 355 2193 per
376 2109 565 2191 prophetam
586 2108 718 2174 indicta:
751 2108 841 2191 lepra
874 2109 1015 2175 Naaman
1046 2109 1233 2176 adhaerebit
1266 2109 1326 2176 tibi
1358 2117 1397 2177 et

194 2210 308 2276 semini
330 2218 385 2275 tuo
406 2210 440 2274 in
462 2209 708 2291 sempiternum3
732 2217 764 2274 et
786 2226 935 2290 egressus
958 2216 1008 2276 est
1026 2210 1066 2275 ab
1082 2228 1121 2277 eo
1136 2211 1284 2294 leprosus
1299 2211 1395 2292 quasi

194 2311 258 2376 nix.
300 2311 343 2375 Et
364 2317 473 2393 patet,
503 2310 588 2392 quod
610 2311 745 2376 Simonis
767 2309 902 2377 heredes
925 2311 1054 2393 proprie
1076 2316 1153 2376 sunt
1173 2316 1314 2378 emtores
1335 2311 1395 2378 do·

194 2429 306 2479 norum
335 2411 396 2491 dei,
429 2418 463 2476 et
491 2411 623 2477 (iezitae
656 2411 705 2476 vel
728 2429 837 2477 semen
868 2410 947 2476 Gezi
976 2411 1105 2494 proprie
1139 2422 1223 2492 sunt,
1249 2412 1304 2494 qni
1331 2430 1397 2495 pro

196 2512 404 2580 sacramentis
426 2511 566 2592 exigunt,
589 2511 732 2593 quamvis
755 2513 911 2576 communi
933 2513 1058 2578 nomine
1080 2513 1208 2594 utrique
1222 2513 1397 2580 Simoniani

193 2618 269 2678 sunt
290 2611 450 2692 censendi,
475 2629 512 2678 eo
536 2612 619 2692 quod
641 2611 748 2677 Simon
771 2613 874 2693 primo
889 2613 990 2677 voluit
1005 2629 1110 2678 emera
1132 2610 1333 2690 donumdei,
1358 2615 1395 2676 et

194 2720 308 2797 postea
337 2730 425 2778 more
448 2713 527 2778 Gezi
550 2712 650 2778 voluit
671 2714 809 2793 erigere.
852 2714 946 2779 Patet
966 2715 1029 2779 ista
1054 2712 1216 2780 distinctio
1243 2730 1302 2795 per
1324 2729 1395 2778 ma-

194 2815 328 2896 gistrum
349 2815 383 2878 in
404 2815 448 2879 4ω
461 2813 698 2880 Sententiarum
720 2812 860 2878 distinct.
882 2817 955 2892 25²,
985 2813 1038 2878 ubi
1054 2812 1131 2879 dicit
1153 2812 1213 2878 sic:
1234 2809 1326 2877 Licet
1341 2809 1395 2878 Si·

193 2914 328 2980 moniaci
352 2915 481 2998 proprie
501 2914 657 2994 dicantur,
681 2913 734 2994 qui
756 2913 796 2978 ad
817 2914 919 2979 instar
939 2913 1077 2978 Simonis
1096 2912 1179 2993 magi
1194 2910 1393 2993 impretiabi·

193 3014 255 3081 lem
276 3015 411 3096 gratiam
432 3015 537 3097 pretio
560 3014 736 3080 conducere
759 3014 878 3093 volunt,
901 3013 1000 3095 etqui
1022 3031 1080 3095 pro
1097 3011 1275 3077 ministerio
1297 3028 1394 3079 sacro

194 3118 333 3200 pretium
355 3117 514 3199 recipiunt
535 3116 567 3181 in
589 3114 715 3181 modum
738 3113 825 3194 Geni,
849 3114 981 3180 Gezitaa
1003 3112 1136 3179 vocandi
1158 3116 1250 3178 sunt:
1280 3128 1395 3178 omnes

192 3224 298 3282 tamon
328 3223 361 3282 et
393 3217 505 3282 dantes
532 3223 565 3282 et
594 3215 787 3297 accipientes
817 3213 984 3280 Simoniaci
1013 3213 1162 3278 dicuntur
1198 3217 1233 3278 et
1260 3209 1395 3292 utrique

192 3316 302 3382 eadem
325 3317 485 3381 sententia
506 3316 732 3398 percelluntur.
777 3314 819 3378 Et
852 3319 1061 3394 extravagans
1094 3313 1134 3377 de
1156 3311 1305 3391 simonia,
1337 3329 1394 3377 ca·

192 3417 293 3498 pitulo
335 3415 430 3497 ,Cum
463 3419 495 3481 in
525 3417 696 3482 ecclesiae“
721 3414 855 3480 dicitur:
878 3412 925 3478 Ne
948 3431 1006 3495 pro
1034 3412 1241 3479 sacramentis
1269 3410 1395 3491 aliquid

192 3519 346 3599 exigatur,
369 3516 545 3581 districtius
567 3516 784 3599 prohibemus;
808 3515 835 3579 si
858 3515 929 3595 quis
951 3520 1063 3580 contra
1077 3515 1156 3580 haec
1170 3511 1281 3578 venire
1296 3528 1395 3593 prae·

192 3618 352 3698 sumserit,
375 3617 553 3700 portionem
576 3635 646 3683 cum
668 3616 747 3681 Gezi
768 3615 823 3680 ille
844 3614 970 3680 noverit
991 3630 1026 3680 se
1047 3612 1238 3679 habiturum.

463 3801 581 3868 „Quarta
598 3799 738 3868 responsio
755 3796 790 3851 ad
807 3798 922 3865 primum
939 3795 1107 3850 articulum.“

291 3919 412 3998 Quarto
433 3918 505 3984 dico
526 3919 621 3983 istum
643 3915 812 3982 articulum
827 3915 896 3979 lore
917 3913 1040 3992 falsum,
1061 3913 1136 3994 quia
1155 3911 1273 3978 dicitur
1294 3909 1327 3975 in
1351 3929 1395 3979 eo

191 4039 250 4103 per
263 4019 474 4099 adversarios,
491 4016 575 4101 quod
586 4017 715 4081 fuissem
726 4015 866 4081 inferens
880 4014 1030 4094 ardictio,
1043 4012 1127 4095 quod
1139 4029 1249 4078 omnes
1260 4011 1396 4095 plebani

190 4140 230 4186 ex
244 4121 304 4186 hoc
326 4125 435 4185 essent
448 4116 610 4183 haeretici.
632 4116 712 4181 Nam
725 4117 805 4182 haec
825 4115 963 4181 enormis
985 4131 1096 4180 eorum
1117 4112 1288 4192 conclusio,
1303 4119 1394 4181 testa

186 4220 303 4303 judica,
336 4220 446 4302 quiet
474 4236 524 4283 me
557 4226 590 4284 et
618 4217 694 4282 milri
720 4217 805 4282 illam
825 4216 1023 4282 ascribentes
1045 4212 1204 4280 horrende
1221 4213 1394 4297 iudicabit,

190 4339 349 4402 nunquam
369 4320 403 4385 in
425 4335 614 4397 cormeum,
637 4335 695 4383 nec
717 4320 950 4397 consequenter
970 4315 1004 4380 in
1035 4331 1072 4379 oa
1091 4314 1124 4379 in
1147 4331 1218 4381 meo
1239 4331 1395 4385 sermone

188 4421 341 4487 ascendit.
383 4419 489 4485 Nosco
511 4418 595 4484 enim
616 4418 732 4483 multos
754 4417 917 4499 plebanos,
940 4432 1073 4496 quorum
1094 4431 1158 4479 nou
1179 4431 1249 4480 sum
1272 4414 1394 4497 dignus

189 4522 402 4588 calceamenta
421 4519 590 4597 deducere,
619 4525 652 4584 et
674 4535 807 4600 quorum
830 4517 955 4600 plantas
970 4520 1102 4599 propter
1117 4532 1229 4581 eorum
1243 4522 1395 4585 sancum

188 4622 462 4689 conversationem
484 4620 595 4685 vallem
610 4619 820 4686 libentissima
842 4617 987 4683 osculari.
1015 4613 1050 4682 Si
1072 4621 1180 4681 autem
1200 4614 1396 4703 adversarii,
