2992 5258
385 418 426 469 98.
444 415 488 469 bit
514 416 617 483 Sigism.
636 415 669 468 ael
688 417 744 469 bar.
764 417 832 470 orth.
851 416 885 470 de
904 433 970 485 paee
989 434 1107 474 consere.
1282 426 1339 486 621

153 615 293 699 pliwolri.
336 617 451 682 Datum
474 619 613 699 Parisiis
641 619 816 701 penultima
843 619 894 684 die
918 619 1033 698 Martii,
1066 638 1148 686 anno
1174 639 1343 702 regnorum

154 723 336 783 nostrorum
359 718 519 800 Ungariae
542 720 657 799 XXIX,
680 720 892 785 Romanorum
915 737 990 785 vero
1014 727 1114 786 sexto.

353 819 400 883 li
432 819 612 884 mandatum
643 819 679 883 D.
703 819 813 900 Regis:
847 819 981 885 blicbael
1010 822 1100 901 l'rag.
1133 827 1166 885 ct
1200 820 1340 887 Wratisl.

436 937 615 986 canonicus.

681 1089 696 1124 ²lt
805 1089 821 1125 ’Β

743 1133 759 1170 *

252 1283 309 1338 Nos
326 1283 518 1353 sigismundus,
537 1285 580 1339 dei
603 1287 690 1354 gratia
707 1303 755 1341 rex
772 1287 952 1342 Romanorum
970 1303 1076 1357 semper
1094 1291 1243 1357 Arrgustus,
1270 1289 1344 1344 Hun-

152 1369 245 1437 gariae
262 1384 310 1423 rer
328 1382 362 1424 ar.
379 1370 609 1424 reverendissimis
633 1371 756 1426 Conrado
784 1372 986 1440 archiepiscopo
1010 1372 1148 1440 Pragensi,
1174 1373 1272 1426 Joanni
1290 1375 1344 1441 epi·

153 1467 235 1521 scopo
256 1453 463 1522 Lutomyslensi,
487 1454 659 1509 nobilissimis
677 1456 774 1510 Joanni
794 1455 827 1510 de
846 1456 1025 1522 Michalonic,
1052 1456 1150 1511 Joanni
1168 1455 1202 1510 de
1219 1456 1345 1512 Warten-

153 1536 228 1605 berg,
246 1537 314 1592 alias
332 1537 366 1592 de
378 1538 491 1606 Ralsko,
511 1537 601 1593 Ottoni
622 1539 655 1594 de
668 1540 788 1608 Bergan,
805 1540 919 1608 aliisque
931 1540 1086 1608 baronibus,
1105 1539 1247 1609 equitibus,
1267 1541 1345 1595 corni·

153 1620 226 1675 tibus
235 1628 383 1676 vestrarum
394 1624 518 1692 partium,
527 1622 652 1678 fidelibus
664 1624 741 1679 nobis
750 1624 864 1690 dilectis,
880 1626 995 1693 gratiam
1006 1625 1106 1692 regiam
1114 1625 1255 1692 omniaque
1267 1626 1345 1680 bona.

253 1706 385 1775 Illustres,
404 1708 508 1761 nobiles
525 1707 620 1762 fideles
635 1708 741 1763 dilectit
760 1709 836 1763 Bene
853 1709 927 1763 vobis
941 1715 1032 1763 notum
1046 1715 1097 1775 est,
1115 1708 1268 1763 venerabile
1280 1707 1345 1762 illud

155 1794 183 1842 et
200 1788 305 1843 illustre
327 1790 472 1846 Bobemiae
496 1808 608 1860 regnum
631 1794 711 1861 paulo
729 1800 792 1848 ante
811 1794 898 1861 bellis,
917 1808 986 1861 quae
1004 1808 1053 1861 per
1071 1792 1179 1861 longum
1196 1800 1302 1862 tempus
1320 1792 1346 1847 in

153 1886 185 1925 eo
197 1879 363 1943 gererentur,
376 1873 506 1929 afflictum
520 1891 588 1945 esse,
602 1883 629 1930 et
646 1876 713 1930 illud
726 1877 813 1945 ipsum
824 1876 923 1931 belluni
943 1893 1038 1942 magno
1057 1876 1157 1944 labore,
1170 1893 1251 1943 quum
1264 1876 1344 1930 etiam

152 1954 276 2011 dominus
293 1957 360 2013 deus
377 1960 532 2029 ipsegratia
551 1976 600 2016 sua
609 1961 815 2028 intercessisset,
834 1963 1008 2030 compositum
1026 1975 1094 2021 esse,
1112 1961 1150 2015 ita
1168 1968 1198 2013 ut
1207 1961 1264 2028 jam
1276 1959 1347 2014 bona

152 2041 296 2096 concordia
321 2048 349 2096 et
373 2059 426 2111 pax
450 2045 476 2098 in
496 2060 527 2098 eo
547 2060 629 2112 regno
653 2051 735 2111 esset,
759 2051 787 2097 et
804 2044 925 2099 homines
944 2060 977 2098 cx
995 2044 1119 2099 omnibus
1136 2044 1191 2098 illis
1208 2043 1346 2097 calamite-

151 2124 223 2179 tibus
247 2141 276 2181 se
298 2126 376 2181 raldo
399 2127 551 2190 refecerint,
575 2135 602 2183 et
625 2128 743 2197 quotidie
770 2130 854 2197 magis
875 2130 1013 2196 magisque
1032 2144 1060 2182 sc
1079 2128 1209 2182 reficiant.
1245 2127 1344 2180 Verum

153 2212 289 2265 enimvero
313 2227 400 2279 nuper
426 2211 585 2280 audirimus,
613 2218 640 2266 et
667 2213 786 2281 quotidie
813 2212 902 2266 adbuc
928 2212 1061 2279 andimus,
1090 2211 1117 2266 id
1135 2210 1207 2280 quod
1224 2209 1348 2263 dolentes

153 2294 304 2363 scribimus,
322 2301 350 2349 et
367 2296 478 2350 clericos
497 2304 524 2349 et
541 2297 633 2365 laicos,
651 2295 788 2365 praelatos
813 2302 841 2350 et
857 2297 973 2350 barones
990 2297 1017 2350 in
1035 2296 1164 2350 Bobemia
1182 2300 1209 2348 et
1226 2293 1347 2347 Moraria

151 2377 223 2432 inter
248 2395 277 2433 se
301 2379 464 2449 discordare,
488 2387 579 2447 partes
602 2381 702 2447 facere,
727 2380 800 2434 bella
824 2381 851 2435 in
876 2395 1032 2448 separare.
1067 2379 1258 2433 Verumtamen
1284 2376 1346 2443 ipsi,

153 2461 223 2516 sicut
240 2462 373 2533 audimus,
395 2481 503 2520 causam
523 2466 661 2534 ignoratis,
680 2466 731 2519 nisi
748 2464 818 2519 forte
837 2480 869 2518 ea
888 2466 946 2519 sola
963 2470 1012 2532 est,
1031 2478 1110 2532 quam
1123 2461 1259 2530 profertis,
1277 2458 1348 2527 quod

150 2545 196 2600 alii
220 2563 329 2602 causam
345 2550 458 2604 Joannis
476 2550 535 2604 Hus
559 2549 715 2617 defendant,
737 2549 783 2603 alii
807 2564 892 2603 secus.
928 2536 1025 2615 Neqire
1041 2562 1203 2614 quemquam
1220 2545 1247 2598 in
1264 2558 1348 2611 regno

150 2629 262 2684 foedera
286 2631 363 2700 inire,
394 2634 468 2688 ntrlla
492 2634 631 2688 adomino
659 2633 830 2695 renudato,
857 2649 906 2701 par
924 2638 974 2692 est,
992 2631 1121 2699 imprimis
1139 2645 1179 2691 ca,
1199 2646 1232 2684 cx
1250 2628 1347 2697 quibus

149 2716 234 2797 pella,
252 2716 415 2783 inimicitiae,
433 2718 539 2784 caedes,
557 2733 696 2772 commune
707 2718 817 2772 exitium
836 2722 987 2772 nascantur.
1015 2715 1092 2783 Quod
1110 2715 1199 2783 quiin
1218 2715 1348 2770 Bohemia

150 2801 193 2854 rel
211 2801 238 2854 in
256 2800 377 2855 libraria
386 2801 458 2869 tacit,
478 2803 502 2856 is
514 2803 713 2857 serenissimum
725 2802 873 2870 principem
885 2801 1020 2856 dominum
1032 2799 1222 2854 Wenceslaum
1246 2814 1348 2867 regem,

151 2882 264 2938 fratrem
282 2892 402 2940 nostrum
428 2885 564 2953 dilectum,
588 2886 745 2955 interpellat
762 2885 788 2938 in
808 2886 869 2953 eius
887 2885 1056 2944 auctoritate,
1081 2899 1113 2937 ex
1132 2899 1185 2951 quo
1202 2883 1346 2937 maximum

154 2968 275 3036 capimus
293 2968 411 3024 dolorem
455 2971 599 3024 Praetereo
617 2971 685 3024 bene
703 2970 779 3024 vobis
796 2975 889 3023 notum
908 2976 958 3030 est,
977 2966 1103 3021 finitimos
1114 2982 1210 3034 pamm
1228 2966 1252 3019 ei
1265 2981 1348 3033 regno

155 3051 225 3106 bene
241 3051 319 3114 velle,
337 3059 418 3120 atque
436 3052 515 3107 facile
534 3052 591 3106 lieri
609 3059 707 3121 potest,
726 3059 756 3106 ut
773 3068 820 3105 vos
838 3053 864 3105 in
883 3066 915 3104 co
933 3049 1079 3104 evertendo
1097 3051 1192 3103 iterum
1205 3047 1348 3116 adjuveut3

154 3135 226 3204 quod
244 3136 352 3204 quidem
369 3152 456 3205 aequo
473 3137 561 3191 animo
585 3154 637 3191 non
660 3136 810 3203 tulerimus,
827 3136 927 3203 quippe
944 3134 988 3202 qui
1007 3132 1144 3201 praedicto
1162 3131 1239 3185 iratri
1258 3138 1349 3186 nostro

155 3221 254 3275 dilecto
272 3221 355 3275 simus
372 3224 451 3276 heres
466 3222 557 3289 justus
575 3238 606 3276 ac
624 3222 759 3289 legitimus
781 3221 841 3288 ejus
865 3219 950 3285 regni.
980 3219 1061 3272 Porro
1085 3215 1223 3270 christiani
1242 3230 1348 3281 sumus;

154 3304 328 3373 quamobrem
352 3304 493 3373 disciplina
517 3312 597 3373 atque
622 3303 715 3358 ordine
742 3320 790 3358 nos
813 3305 852 3358 uti
876 3303 961 3356 decet.
997 3304 1084 3369 Atque
1109 3300 1234 3367 quonlam
1257 3315 1304 3353 ros
1322 3306 1349 3353 et

155 3390 201 3444 alii
220 3389 328 3457 domini,
348 3391 392 3457 qui
411 3396 483 3444 stant
506 3389 662 3458 apartibus
674 3388 802 3456 adversis,
822 3388 959 3456 praedicto
977 3394 1068 3441 nostro
1087 3384 1171 3439 fratre
1183 3383 1280 3438 dilecto
1298 3383 1347 3436 uti-

155 3475 220 3529 mini
238 3474 344 3529 domino
371 3481 398 3528 et
423 3480 511 3527 vestra
534 3474 609 3528 vobin
631 3473 694 3540 jura
718 3481 794 3527 sunt:
822 3474 843 3527 si
865 3472 908 3526 cui
933 3486 977 3525 res
1002 3470 1037 3524 sit
1054 3486 1113 3523 cum
1132 3469 1193 3535 alio,
1212 3467 1239 3521 id
1256 3482 1347 3521 coram

156 3560 295 3630 praedicto
321 3568 412 3614 nostro
438 3559 520 3612 fratre
545 3557 643 3612 dilecto
670 3565 697 3612 et
719 3558 781 3626 jure
805 3555 1020 3625 cognoscendum
1042 3560 1070 3606 et
1094 3551 1279 3606 dirimendum.
1321 3550 1349 3605 Si

152 3659 217 3698 aero
234 3649 326 3711 partes
339 3643 401 3698 illae
425 3649 453 3696 et
472 3642 581 3696 loedere
600 3641 668 3696 fiunt
684 3658 733 3710 pro
751 3642 855 3695 Joanne
873 3639 941 3706 llus,
960 3654 1008 3692 nos
1032 3637 1137 3705 quidem
1156 3636 1224 3689 bene
1243 3635 1348 3702 scimus,

153 3727 262 3796 qualem
279 3727 434 3794 religionem
453 3728 569 3795 majores
596 3732 623 3780 et
640 3731 732 3794 patres
750 3726 833 3779 nostri
851 3723 1003 3789 habuerint,
1021 3721 1181 3792 qualemque
1199 3718 1275 3774 nobis
1293 3726 1349 3773 trs-

154 3811 280 3879 dideriut,
305 3811 331 3864 in
355 3828 408 3878 qua
434 3812 562 3877 religione
590 3817 681 3864 vetere
705 3816 732 3863 et
749 3815 843 3864 sancta
861 3807 975 3863 ecclesia
992 3819 1189 3869 remaneamus,
1209 3809 1236 3857 et
1260 3803 1349 3857 omnis

156 3911 225 3951 nova
250 3897 359 3950 invente
385 3896 528 3949 mittamus.
564 3896 653 3962 Quare
671 3894 787 3963 petimus
812 3910 828 3946 a
852 3892 934 3959 robis,
962 3897 991 3944 ut
1008 3888 1145 3958 praedicto
1164 3891 1254 3940 nostro
1272 3884 1349 3939 fratri

156 3979 257 4035 diiecto
280 3986 308 4034 et
329 3979 424 4034 honori
446 3986 535 4033 vestro
560 3985 586 4033 et
604 3980 674 4033 bono
693 3986 773 4046 atque
791 3978 905 4031 honesto
923 3974 1032 4044 publico
1049 3971 1195 4027 corrsnlatis
1214 3973 1241 4023 et
1258 3984 1349 4023 omnes

154 4066 241 4121 bonas
262 4071 343 4133 abque
364 4067 492 4119 honestas
518 4064 575 4117 vias
597 4059 804 4132 persequamini,
832 4065 861 4114 ut
883 4058 1026 4115 eoncordia
1052 4063 1079 4110 et
1096 4071 1148 4124 pax
1167 4054 1202 4108 sit
1218 4054 1246 4107 in
1267 4068 1349 4120 regno

155 4157 184 4205 et
201 4151 272 4205 inter
297 4166 344 4204 vos
369 4149 457 4217 ipsos,
484 4156 565 4215 atque
588 4145 707 4213 foedera,
733 4162 767 4199 ex
784 4144 881 4212 quibus
898 4142 971 4197 bella
989 4148 1017 4195 et
1033 4140 1143 4194 esitium
1161 4135 1261 4191 civitati
1278 4134 1350 4204 gigni

156 4235 269 4304 possint,
293 4233 430 4288 tollantur.
466 4232 512 4287 Sin
536 4237 625 4286 autem
649 4247 713 4299 pars
736 4229 827 4297 aliqua
851 4229 878 4282 in
899 4226 984 4281 fratre
1002 4232 1103 4285 nostro,
1120 4224 1147 4276 in
1164 4236 1250 4289 aequo
1268 4226 1349 4287 atque

153 4318 217 4388 jure
234 4319 406 4386 acquiescere
424 4317 547 4378 noluerit,
565 4321 594 4370 et
610 4330 654 4369 res
673 4314 789 4368 fortasse
804 4318 861 4367 tam
880 4325 975 4380 graves
994 4314 1080 4375 eruut,
1098 4313 1128 4361 ut
1145 4304 1211 4359 nibil
1222 4306 1291 4358 iuter
1303 4318 1349 4357 ros

156 4411 185 4458 et
202 4418 249 4457 eos
275 4404 417 4457 convenire
434 4402 528 4470 possit,
559 4408 587 4454 et
608 4398 687 4452 nobis
713 4404 794 4465 atque
821 4403 913 4450 nostro
930 4391 1031 4447 auxilio
1049 4406 1116 4459 opus
1134 4390 1197 4443 erit:
1221 4387 1349 4442 certiores

156 4504 206 4543 nos
223 4487 317 4553 facite;
346 4503 395 4541 nos
418 4493 508 4540 autem
527 4515 556 4523 —
575 4481 735 4537 confidimus
753 4481 823 4534 enim
841 4479 874 4532 de
893 4478 943 4531 bac
961 4492 990 4530 re
1008 4476 1116 4530 domino
1134 4476 1184 4527 deo
1203 4501 1233 4510 -
1252 4472 1349 4525 bonum

155 4571 305 4626 remedium
330 4571 410 4640 vobis,
429 4569 603 4635 inveniemus,
630 4572 711 4634 atque
736 4566 808 4618 bunc
831 4563 949 4616 laborem
975 4560 1057 4628 pacis,
1085 4557 1191 4625 quietis,
1216 4555 1350 4621 vestrique

156 4656 268 4711 honoris
284 4670 366 4710 causa
391 4653 464 4708 baud
490 4653 571 4707 invito
588 4651 677 4705 animo
696 4647 881 4715 suscipiemus.
916 4643 992 4710 Quod
1016 4643 1040 4696 si
1057 4643 1154 4695 iterum
1172 4638 1349 4703 excusserint,
