2992 5258
156 400 218 462 250
362 393 436 448 Petri
453 393 487 447 de
504 392 683 447 blladononic
700 392 796 446 relatio
813 392 848 447 de
865 394 902 446 Μ.
921 393 946 448 J.
962 393 1022 447 Hna
1039 408 1138 449 causa:

158 596 368 678 hypostatica,
391 596 441 659 vel
464 596 565 676 qualiS
587 594 630 659 sit
651 594 705 660 illa
726 595 801 659 unio
816 594 992 661 diuinitatis
1014 614 1085 661 cum
1106 596 1303 663 humanitate
1317 597 1350 663 in
1387 609 1390 614 ’

157 696 300 775 Christo,
327 696 479 775 magIstar
500 695 580 759 dixit
602 695 701 759 adl).
723 696 878 760 Ioannem
900 696 933 758 in
954 696 1141 762 Bobemico:
1163 697 1226 761 Pro
1249 705 1348 776 certo,

155 797 217 860 iste
239 796 410 861 monachus
431 795 508 860 dicit
522 812 557 858 se
579 795 753 875 simplicem
774 794 913 873 idiotam,
935 813 999 859 non
1021 803 1071 860 est
1091 796 1183 862 ualde
1205 796 1349 878 simplex,

156 895 230 976 quia
258 896 431 960 altissimae
464 895 660 975 quaestionis
692 894 885 959 decisionem
910 897 1001 975 petit.
1043 896 1086 961 Et
1114 914 1288 961 conversus
1309 897 1351 982 ad

156 997 344 1060 monachum
366 995 461 1060 dixit:
483 995 531 1058 Tu
545 994 645 1058 frater
667 993 747 1058 diois
768 999 801 1058 te
823 994 1006 1075 simplicem,
1030 1001 1064 1060 et
1086 1012 1145 1077 ego
1167 995 1350 1075 considero,

159 1096 233 1176 quia
254 1101 288 1160 tu
317 1114 352 1159 es
380 1093 514 1175 duplex,
546 1111 612 1158 non
640 1093 781 1175 simplex.
814 1092 856 1158 Et
885 1093 938 1158 ille
971 1093 1064 1159 dixit:
1085 1094 1175 1176 Nego
1201 1114 1253 1160 me
1275 1113 1349 1160 esse

156 1195 322 1277 duplicem.
359 1194 403 1260 Iit
423 1195 576 1275 magister
597 1192 766 1274 probabat,
793 1193 867 1273 quia
893 1192 934 1257 ad
955 1194 1190 1275 simplicitatem
1209 1194 1349 1261 hominia

156 1295 345 1376 requiritur,
376 1296 487 1360 saltem
512 1292 636 1375 quoad
661 1293 808 1371 moralia,
836 1293 921 1373 quod
941 1311 1046 1373 mens,
1068 1294 1119 1359 vel
1140 1312 1210 1373 cor,
1237 1312 1274 1361 oa
1295 1295 1349 1361 vel

154 1412 259 1459 sermo
281 1401 314 1458 et
336 1411 416 1476 opus
437 1400 626 1459 consonent:
650 1398 683 1456 et
704 1392 778 1472 quia
794 1393 872 1457 baec
892 1393 925 1456 in
948 1401 980 1457 te
1002 1412 1066 1458 non
1088 1394 1293 1475 concordant,
1309 1412 1350 1460 eo

154 1491 239 1574 quod
265 1509 301 1557 os
329 1493 512 1574 praetendit
540 1491 778 1574 simplicitatem
805 1497 838 1556 et
859 1492 989 1557 idiotam
1012 1501 1045 1558 te
1067 1512 1139 1559 esse
1160 1495 1290 1574 latetur,
1314 1503 1349 1560 et

154 1609 253 1674 opera
274 1592 483 1657 subtilitatem
504 1593 536 1656 in
558 1591 764 1672 inquisitione
779 1597 844 1656 tam
859 1593 994 1657 altarum
1014 1595 1219 1660 materiarum
1241 1602 1352 1661 osten·

154 1691 243 1773 dunt,
265 1697 299 1757 et
320 1693 398 1757 baec
412 1709 475 1756 non
489 1692 637 1756 videntur
651 1692 684 1755 ia
706 1710 802 1755 unum
822 1698 855 1756 et
876 1692 922 1756 sic
944 1692 977 1756 in
999 1693 1174 1775 simplicem
1195 1693 1350 1760 tendere:

153 1798 314 1856 ettamen
336 1793 389 1857 illo
412 1809 475 1855 non
497 1791 663 1871 obstante,
693 1791 733 1855 de
756 1792 941 1872 quaestione
963 1792 1080 1872 didam,
1103 1794 1179 1874 quid
1199 1812 1348 1861 sensero.

152 1892 196 1956 Et
217 1910 287 1956 cum
308 1892 370 1957 sibi
390 1893 476 1957 illam
498 1892 709 1969 declarasset,
730 1899 846 1957 extunc
861 1893 931 1973 ipse
951 1893 993 1957 Μ.
1015 1894 1132 1958 Ioanni
1153 1893 1223 1957 Ilus
1239 1910 1352 1974 regra-

153 1991 295 2057 tiabatur
316 1991 356 2055 de
377 1992 461 2057 bona
481 1992 712 2056 informatione.
735 1990 799 2055 Sed
814 2011 913 2072 quare
935 1993 986 2057 bic
1007 1993 1061 2058 illa
1082 1993 1348 2060 informationum

154 2093 311 2173 ponitur?¹
336 2092 418 2157 ratio
451 2098 513 2171 est,
543 2092 618 2170 quia
643 2091 682 2154 D.
709 2091 850 2156 Ioannes
880 2110 943 2157 non
970 2093 1076 2174 potuit
1104 2111 1174 2157 eam
1196 2092 1353 2172 cogitare·

154 2192 197 2256 Et
226 2192 333 2255 statim
361 2190 445 2256 idem
470 2192 643 2255 monachus
666 2192 808 2256 recessit.
842 2190 884 2254 Et
905 2191 1111 2273 accedentes,
1142 2194 1197 2274 qui
1218 2193 1355 2259 stabant

153 2291 275 2367 armati,
297 2291 434 2356 ministri
449 2291 561 2355 summi
576 2289 734 2372 pontificis
749 2299 824 2355 tunc
845 2291 864 2355 J
868 2291 979 2355 oannis
1000 2310 1102 2374 papae
1123 2291 1243 2371 XXIII,
1259 2292 1351 2359 dixe·

152 2400 243 2457 runt:
272 2391 314 2457 Et
346 2392 450 2471 scitis,
480 2390 550 2471 quis
577 2391 637 2455 fuit
665 2391 751 2456 iste?
793 2391 837 2456 Et
866 2392 1019 2471 magister
1049 2392 1230 2474 respondit,
1265 2392 1356 2473 quod

153 2509 226 2556 non.
259 2490 303 2556 Et
330 2491 377 2557 illi
403 2490 565 2555 dixerunt:
587 2492 662 2572 Ipse
686 2496 737 2555 est
756 2490 800 2553 Μ.
824 2490 979 2570 Didaous,
1012 2490 1237 2557 subtilissimus
1258 2493 1354 2558 tbeo·

152 2590 245 2672 logus
271 2592 306 2657 in
330 2599 399 2658 tota
426 2590 615 2657 Lombardia
642 2597 819 2672 reputatus.
853 2590 895 2654 Et
915 2590 959 2654 Μ.
981 2591 1050 2656 Hus
1071 2590 1167 2656 dixit:
1189 2591 1216 2658 Ο
1239 2592 1269 2657 si
1290 2593 1354 2660 boc

153 2691 326 2773 scivIssem,
355 2690 457 2773 ipsum
478 2690 557 2755 abas
588 2689 756 2772 scripturis
778 2690 1000 2770 pupugIssemt
1030 2690 1074 2756 Et
1094 2690 1215 2755 utinam
1237 2708 1352 2759 ornnes

152 2797 262 2857 essent
280 2790 372 2871 tales,
392 2791 481 2872 ipsos
502 2808 572 2855 cum
599 2790 651 2854 dei
672 2789 789 2855 auxilio
811 2798 845 2856 ct
866 2790 1043 2871 scripturae
1064 2808 1174 2856 sacrae
1195 2790 1351 2873 suffragio

152 2890 228 2955 mihi
250 2888 436 2970 suffraganti
456 2891 584 2955 minIme
605 2890 759 2954 timerem.

250 2990 349 3057 Facto
369 2995 477 3056 autem
497 2989 641 3073 prandio,
663 2991 742 3055 bora
763 2996 877 3070 quarta
898 2997 972 3071 post
992 2989 1166 3071 meridiem,
1188 3007 1349 3057 conuene-

151 3095 227 3155 runt
247 3089 364 3155 iterum
386 3090 464 3157 dicti
478 3090 656 3157 cardinales
677 3088 718 3153 ad
733 3090 885 3171 palatium
907 3108 1019 3172 papae,
1042 3092 1258 3171 consulentes,
1272 3090 1350 3173 quid

152 3209 225 3256 nam
249 3191 364 3257 facturi
392 3200 503 3257 essent
523 3189 564 3254 de
586 3190 671 3255 dIcto
691 3190 733 3254 M.
755 3190 846 3255 Joan.
869 3190 947 3254 Ilus.
969 3190 1154 3255 Adversarii
1175 3208 1253 3256 vero
1267 3190 1348 3273 ejus,

151 3291 264 3357 Palecz
286 3298 320 3356 et
339 3290 478 3355 Michael
499 3290 616 3369 etalii,
640 3290 788 3354 contInue
810 3289 1004 3370 instigabant
1025 3307 1080 3354 eos
1104 3298 1137 3355 et
1157 3289 1239 3356 alios
1255 3306 1348 3372 prae·

151 3391 250 3467 latos,
280 3397 316 3455 ut
337 3390 517 3455 nullatenus
540 3390 726 3469 dimittatur,
749 3390 832 3454 sicut
853 3397 944 3470 patet
965 3390 998 3454 ia
1019 3391 1130 3472 primis
1151 3391 1299 3455 articuIIs
1312 3391 1347 3456 in

151 3488 213 3556 fine
236 3490 336 3572 ipsius
359 3490 533 3554 Michaelis
543 3490 575 3571 *l
597 3490 640 3555 Et
661 3489 815 3555 saltantes
837 3491 921 3555 clrca
942 3491 1145 3570 aestuarium,
1166 3490 1351 3571 gaudebant

152 3589 312 3655 dicentes:
334 3588 393 3669 Ha,
417 3589 471 3653 bal
490 3591 556 3671 jam
577 3591 728 3654 habemus
744 3608 831 3668 eum3
853 3609 917 3654 non
933 3591 1032 3655 exibit
1053 3590 1155 3670 nobis,
1177 3608 1347 3673 quousque

151 3706 215 3754 non
244 3687 359 3754 reddat
389 3689 553 3754 minimum
582 3689 798 3770 quadrantem.
845 3688 1030 3771 Ibidemque
1059 3690 1189 3755 ueniens
1221 3691 1349 3771 Palea,

151 3788 274 3853 invenit
293 3787 335 3851 M.
358 3788 514 3853 Ioannem
537 3789 753 3868 Cardinalem,
781 3789 834 3870 qui
867 3808 937 3853 cum
968 3790 1121 3871 magistro
1154 3790 1225 3855 Hos
1250 3807 1351 3857 vono-

155 3893 216 3967 rat,
237 3887 319 3957 dixit
353 3888 399 3954 ei:
421 3889 447 3954 Ο
470 3888 512 3954 Μ.
533 3890 691 3955 Ioannes!
714 3889 805 3953 doleo
829 3889 868 3953 de
896 3890 999 3970 vebia,
1022 3891 1106 3972 quod
1133 3908 1190 3956 vos
1212 3890 1350 3957 dedistis

151 3987 319 4068 seducere,
351 3988 469 4054 wzaom
490 3989 623 4071 (clarus)
646 3990 747 4070 prius·
757 3990 861 4055 inistis
884 3991 968 4071 apud
990 3993 1083 4056 istam
1105 3991 1226 4056 curiam
1247 3980 1377 4070 (scili·'

149 4093 201 4155 eet
221 4085 347 4171 papae)
369 4089 539 4155 notabilior
560 4090 704 4155 omuibus
725 4089 882 4168 Bobemia
912 4091 1028 4171 etjam
1050 4090 1140 4171 quasi
1163 4108 1221 4173 pro
1243 4090 1349 4156 nibilo

150 4187 270 4254 habent
297 4206 354 4253 vos
383 4195 515 4270 propter
546 4189 639 4254 istam
668 4190 803 4254 sectaml
838 4189 895 4253 Cui
929 4189 970 4254 Μ.
1004 4190 1179 4255 Cardinalis
1211 4207 1353 4272 respon-

151 4286 206 4351 dit:
240 4287 395 4369 MagIster
422 4289 597 4370 Stephanel
634 4308 693 4369 ego
716 4289 787 4370 plus
821 4288 912 4354 doleo
946 4290 985 4355 de
1019 4291 1126 4369 vobis,
1160 4289 1245 4355 sicut
1278 4306 1350 4371 voa,

151 4385 179 4451 si
199 4388 325 4453 sciretis
346 4388 465 4469 aliquid
484 4390 560 4454 mali
581 4390 614 4454 in
634 4409 694 4471 me,
717 4389 802 4471 quod
816 4389 961 4473 lacerem,
985 4397 1060 4457 tunc
1082 4391 1245 4458 deberetIs
1268 4377 1353 4459 oon·

152 4538 219 4547 .-
225 4540 310 4546 -..--.
321 4541 350 4547 -

248 4605 272 4671 *J
289 4607 358 4658 Cani.
376 4622 448 4669 supra
465 4608 588 4657 Articuloo
606 4610 731 4658 Michaelis
749 4611 778 4658 do
795 4611 881 4660 Caesia
898 4625 953 4671 pag.
976 4613 1030 4659 199.
