2992 5258
434 428 603 496 Responsum
620 428 752 498 ultimum,
773 426 816 482 die
835 431 866 482 18
882 428 957 484 Junii
975 428 1049 484 1415.
1273 436 1336 496 233

147 629 264 694 Wiclel
280 628 312 694 in
335 630 488 697 Bohemia
509 636 542 697 et
563 630 720 712 Moravia,
750 637 783 698 et
804 630 954 714 quodibi
977 631 1051 695 sunt
1072 628 1161 694 multi
1183 629 1336 712 homines,

149 731 312 811 opiniones
334 734 367 795 et
389 748 516 796 errores
544 731 661 796 Wiolet
679 740 789 797 contra
803 731 896 797 fidem
912 736 1068 810 tenentes,
1092 748 1225 812 quorum
1241 729 1337 795 corda

149 835 221 894 sunt
255 829 381 896 haeresi
412 831 542 908 Iniecta3
567 839 600 897 et
632 852 690 914 ego
720 832 800 913 dico,
823 842 857 898 et
879 832 938 897 dco
961 831 1135 912 regratior,
1169 830 1253 912 qrrod
1276 848 1336 910 ego

148 930 265 994 nullum
286 929 461 995 Bohemum
482 932 545 995 vidi
577 933 788 1012 haereticum3
821 939 854 998 et
876 931 959 1013 quod
981 931 1021 995 ud
1044 931 1141 996 verba
1161 930 1337 1012 praemiSsa

149 1030 284 1112 populus
305 1030 475 1096 clamabat:
497 1031 661 1112 Mentitur,
683 1035 851 1098 mentitur!

246 1129 318 1191 Non
346 1134 391 1190 est
417 1149 523 1190 cenom
551 1130 654 1211 qccood
674 1130 789 1214 finem,
821 1131 903 1213 quod
923 1131 970 1194 sio
996 1132 1132 1212 populus
1153 1129 1319 1193 clamasset
1326 1149 1337 1202 ,·
1381 1161 1386 1167 ·

148 1248 221 1290 nom
243 1228 457 1291 clamaverunt
479 1229 628 1294 dicentes:
649 1229 859 1311 Mentiuntur,
882 1232 1006 1312 quinos
1031 1229 1338 1300 diounllroereticos;

149 1335 179 1389 et
197 1347 289 1389 uerus
310 1335 355 1391 est
375 1327 530 1391 articulus
550 1328 656 1409 prend
672 1331 872 1411 principium.

246 1427 327 1492 Item
355 1428 508 1492 articulus
529 1428 588 1508 IX,
618 1430 651 1493 in
674 1448 735 1510 quo
758 1431 953 1510 continetur,
984 1430 1069 1512 quod
1090 1429 1173 1494 idem
1194 1429 1337 1493 Ioannes

150 1525 216 1590 Hos
249 1527 331 1592 dixit
362 1528 395 1592 iu
417 1529 539 1608 vulgari
571 1529 611 1594 ad
638 1531 802 1611 populum:
824 1531 906 1595 Ecce
934 1531 1066 1612 impleta
1087 1536 1137 1596 est
1158 1529 1336 1611 prophetia,

149 1646 238 1708 quam
258 1626 417 1708 praedixit
430 1627 568 1693 Iacobus
583 1628 622 1693 de
634 1629 798 1709 Tharumo,
821 1630 905 1710 quod
920 1649 1002 1695 unno
1018 1631 1135 1695 domiui
1150 1627 1336 1694 MCCCGIX

148 1735 255 1807 surget
277 1744 374 1806 uuus,
401 1727 456 1808 qui
477 1729 673 1808 evangelium
696 1736 728 1793 et
750 1730 902 1811 epistolas
924 1737 957 1794 et
977 1729 1070 1794 tidem
1093 1729 1212 1794 ChrIsti
1227 1747 1336 1811 perse·

149 1833 276 1906 quatur,
309 1845 367 1909 per
402 1828 462 1893 hoc
491 1828 669 1893 denotando
693 1828 730 1892 D.
752 1830 982 1910 Alexandrum,
1016 1830 1069 1911 qui
1090 1831 1123 1894 in
1144 1830 1210 1894 suis
1240 1828 1335 1893 bullis
1424 1895 1426 1899 ,

149 1926 306 1992 mundavit
332 1927 432 1992 libros
454 1926 571 1993 Wiclel
589 1928 731 1993 cremari.

244 2029 321 2095 Non
341 2035 386 2088 est
405 2047 512 2089 uerum
532 2030 567 2090 in
574 2030 697 2110 sorano,
719 2028 774 2090 sed
787 2027 896 2110 aliqum
912 2031 990 2102 dici,
1005 2050 1059 2092 nee
1072 2030 1139 2111 ipse
1149 2026 1335 2092 Alenondcr

152 2125 313 2187 mandauit
333 2127 368 2187 in
390 2125 476 2189 broilo
499 2128 594 2190 libros
624 2130 737 2210 Wicles
754 2131 898 2194 cremam

245 2225 326 2290 Item
346 2228 500 2292 articulus
521 2228 575 2308 XI,
598 2228 631 2292 in
652 2246 714 2308 quo
737 2230 933 2309 continetur,
956 2228 1040 2311 qnod
1053 2230 1146 2296 Ioan.
1166 2228 1237 2293 Ilus
1247 2227 1336 2305 dixit,

154 2323 232 2405 quod
263 2326 444 2403 Alexander
464 2347 547 2410 papa
573 2346 676 2410 nuper
698 2329 880 2409 defunctus,
912 2331 1020 2395 nescIo
1042 2335 1165 2409 tamen,
1197 2328 1225 2392 si
1247 2326 1336 2392 sitin

155 2426 236 2491 coelo
258 2426 309 2490 vel
330 2428 363 2490 iu
385 2427 525 2508 inferno,
547 2429 659 2493 scribit
679 2429 712 2492 iu
735 2430 860 2493 cutibus
882 2430 948 2495 suis
969 2430 1111 2509 asininis,
1133 2426 1218 2509 quod
1232 2426 1337 2492 archi·

155 2526 317 2607 episcopus
332 2544 473 2591 cremare
488 2526 621 2594 deberet
642 2527 739 2593 libros
760 2530 892 2594 Ioannis
916 2529 1038 2608 Wiclel,
1061 2529 1094 2593 in
1109 2528 1223 2609 quibus
1238 2527 1337 2592 multa

152 2623 228 2691 bona
249 2628 463 2691 contiuentur.

252 2726 367 2790 Verum
387 2735 431 2788 est
453 2727 556 2806 quood
574 2729 712 2808 primum
745 2729 826 2809 quod
848 2729 927 2803 diri,
959 2729 1015 2793 sed
1041 2728 1123 2810 quod
1143 2727 1337 2810 pruedpmt

156 2843 287 2888 ornnore
307 2846 373 2887 non
394 2826 472 2902 dimi,
495 2827 568 2907 puio
590 2848 654 2889 non
674 2830 802 2909 scripsit
822 2830 878 2891 lroo
899 2831 934 2891 in
956 2827 1058 2892 uultis.

245 2924 326 2990 Item
347 2926 501 2991 articulus
521 2927 602 2991 alius
625 2927 664 2991 de
686 2928 894 3009 responsione
917 2947 982 3008 sua,
1005 2930 1038 2993 in
1061 2946 1123 3010 qua
1144 2926 1336 3004 continetur,
1451 3012 1454 3020 ,

156 3024 232 3104 quod
248 3024 352 3091 dIctus
373 3018 514 3092 Ioannes
535 3026 605 3091 Hus
627 3029 752 3092 literam
774 3037 846 3109 post
869 3031 937 3112 ejus
959 3046 1120 3094 recessum
1132 3028 1171 3092 de
1183 3024 1336 3090 Bohemia

157 3123 267 3190 dimisit
287 3127 329 3191 ad
350 3124 519 3206 legendum
533 3127 659 3208 populo,
682 3145 763 3208 quae
785 3129 936 3207 continet,
958 3135 995 3195 ut
1005 3133 1178 3210 pensantes
1195 3125 1337 3190 laborem

158 3227 218 3306 ejus
238 3226 417 3304 solllcitum,
440 3244 533 3306 quem
556 3245 626 3291 cum
648 3228 694 3291 eis
716 3227 827 3292 habuit
847 3261 889 3273 -

244 3327 327 3389 Ecce
347 3347 412 3387 non
427 3325 505 3406 plus
526 3329 719 3408 smipserunt
741 3330 778 3390 de
798 3329 859 3390 isto
873 3326 1017 3407 articulo,
1039 3327 1084 3390 od
1098 3346 1186 3407 quem
1206 3324 1337 3386 aestimo

159 3422 264 3489 idetis
291 3428 327 3488 in
355 3428 564 3509 responsione,
585 3431 621 3491 in
642 3431 731 3510 copia
747 3431 927 3510 primorum
948 3429 1155 3492 articulorum
1176 3428 1210 3488 in
1227 3425 1336 3505 primo

161 3542 268 3588 carcere
294 3527 500 3608 caplatorum.
513 3528 545 3612 *)
931 3531 934 3536 ’

251 3678 369 3741 Unimo
389 3679 435 3740 aie
455 3681 560 3741 stabat
585 3683 753 3762 scriptum:
779 3680 913 3746 Articuli
934 3682 1009 3745 lecti
1030 3684 1141 3745 contra
1161 3676 1337 3744 doctrinam

161 3778 188 3837 et
209 3795 373 3857 personam
401 3779 535 3844 Ioannis
556 3780 642 3861 HuS,
676 3781 727 3846 die
755 3781 868 3845 Martis
899 3781 920 3845 i.
954 3799 981 3844 e.
1002 3780 1083 3845 feria
1111 3785 1146 3843 3⁸
1165 3783 1239 3861 post
1260 3777 1336 3856 Viti,

162 3868 254 3941 XVIII
273 3879 392 3943 mensis
412 3878 510 3959 iunii,
540 3879 573 3944 in
596 3883 840 3961 congregatione
862 3881 996 3965 publica,
1019 3886 1052 3946 et
1073 3879 1182 3945 traditi
1203 3876 1337 3943 notario.

245 4052 292 4114 Et
320 4072 375 4134 epo
395 4053 537 4115 Joonnes
559 4056 643 4132 Hus,
673 4076 793 4135 semper
823 4056 859 4116 in
890 4076 944 4135 spe
976 4075 1082 4117 sonans
1108 4052 1185 4116 Jesu
1207 4050 1336 4129 curisti,
1448 4073 1451 4078 ·

162 4150 259 4231 domei
279 4154 494 4233 responsiones
515 4154 560 4215 ud
581 4155 731 4217 articulos
751 4157 787 4217 in
807 4175 913 4218 eornm
935 4156 1034 4236 eopia,
1056 4154 1135 4215 sicut
1156 4159 1185 4213 ei
1206 4153 1241 4212 in
1261 4151 1336 4223 istm

157 4241 238 4321 justo
258 4273 358 4314 meum
380 4255 606 4335 conscientiam,
635 4254 673 4317 de
699 4277 759 4337 quo
781 4256 986 4338 omnipotenti
1007 4255 1135 4317 domino
1157 4252 1245 4314 dedeo
1265 4248 1337 4311 red·

163 4343 221 4411 dere
239 4355 403 4416 rationem.

162 4536 345 4553 Ν--ι

208 4633 233 4702 *J
249 4639 312 4688 vida
329 4655 401 4701 supra
418 4655 473 4701 pag.
493 4642 631 4691 22³-qu.
