2992 5258
463 388 541 443 anuis
560 390 726 444 lma-1414
743 402 777 441 ex
795 387 883 462 exilio.
918 389 958 441 30.
978 388 1018 439 sl.
1298 387 1339 466 63

146 594 224 661 alios
237 610 442 661 successores
457 608 535 658 suae
558 589 722 668 ecclesiae,
745 608 837 672 quam
860 595 1004 671 estpapa
1017 606 1088 653 cum
1103 587 1339 653 cardinalibus?

149 695 181 762 si
201 695 396 778 posuissent,
418 690 504 774 quod
521 709 584 757 non
599 695 707 774 potest
721 688 800 755 deus
817 689 894 757 dure
909 688 988 754 alios
1003 688 1130 770 pejores
1143 705 1221 753 suae
1235 686 1340 752 eccle-

150 797 222 879 siae,
245 814 338 878 quam
363 801 412 859 est
433 812 516 876 papa
537 811 608 857 cum
629 790 851 870 cardinalibus
874 789 1031 855 haberent
1049 788 1199 870 majorem
1214 787 1342 857 eviden-

150 899 223 965 tiam
256 895 343 961 dicti.
386 895 528 960 Aestima
562 912 647 975 ergo,
684 893 768 976 quod
799 912 857 977 per
889 911 999 958 eorum
1030 893 1230 958 inventiones
1263 890 1343 956 deus

152 997 390 1065 occasionaliter
411 997 534 1061 revelat
557 996 648 1061 nobis
661 994 888 1061 Antichristum
910 1013 980 1059 cum
1002 993 1067 1058 suis
1088 990 1267 1073 discipulis3
1290 989 1343 1071 qui

153 1098 236 1165 dabit
258 1098 350 1164 nobis
372 1098 538 1163 scientiam
559 1105 593 1162 et
614 1097 760 1179 spiritum
796 1095 992 1162 fortitudinis
1024 1094 1066 1160 ad
1098 1091 1344 1177 impugnandum

153 1198 330 1282 hujusmodi
350 1195 544 1264 seductores.

250 1314 280 1367 E
295 1312 358 1367 MS.
375 1313 476 1376 codem,
488 1312 543 1384 sol-
559 1313 602 1367 14.

250 1397 305 1451 Ed.
325 1395 431 1466 Hofler,
449 1396 493 1459 ΙΙ,
509 1394 578 1453 226.

721 1675 778 1751 31.

223 1834 279 1919 ll.
302 1835 333 1920 J
336 1839 464 1921 oanni
484 1832 645 1946 Sybart
663 1837 708 1916 in
728 1837 1004 1918 universitate
1024 1815 1270 1919 Viennensi.

163 2034 264 2088 tester
281 2053 342 2088 eum
359 2035 484 2102 corripit,
501 2033 575 2101 qaod
591 2042 618 2085 et
633 2041 731 2086 temere
749 2041 774 2086 et
790 2033 883 2100 ibique
901 2032 942 2086 ll.
955 2030 1157 2102 Hieronymum
1173 2026 1342 2086 hereticum

243 2136 300 2172 ease
318 2129 342 2172 et
362 2117 739 2172 stawrdam'oubvertmdae
755 2117 820 2180 fidei
837 2134 924 2171 cauea
940 2135 969 2171 se
986 2119 1131 2171 contulisse
1148 2118 1257 2172 dicerit.

593 2253 599 2265 '
644 2267 728 2336 (1413.
744 2267 800 2322 sul.
819 2269 856 2335 1.)

255 2420 395 2489 Salutari
417 2440 480 2487 non
501 2428 652 2498 meretur,
675 2421 728 2501 qui
750 2420 899 2501 gravibus
919 2420 1092 2487 mendaciis
1112 2421 1252 2487 diffamat
1271 2440 1347 2504 pro·

164 2523 268 2605 simos,
290 2524 349 2589 sed
370 2524 485 2604 dignus
513 2525 710 2590 correctione
744 2524 887 2588 cernitur
919 2541 999 2603 esse,
1032 2530 1069 2589 ut
1099 2521 1262 2588 mendacio
1291 2541 1348 2588 suo

163 2625 284 2707 cognito
307 2623 347 2689 od
369 2624 450 2689 viam
472 2623 614 2689 caritatis
637 2622 731 2689 citius
752 2629 904 2689 vertatur.
948 2624 1031 2690 Ecce
1053 2631 1088 2690 tu
1111 2623 1272 2706 professor
1286 2642 1349 2689 non

162 2744 266 2813 merae
289 2724 480 2805 theologiae,
503 2724 560 2789 sed
581 2724 812 2790 informationis
843 2725 1014 2805 nequitiae,
1048 2743 1104 2790 cur
1125 2725 1167 2789 M.
1190 2725 1346 2806 Hierony·

162 2844 240 2892 mum
261 2823 538 2890 disseminatorem
560 2825 701 2890 haeresis
723 2844 787 2891 non
814 2824 974 2889 minimum
1011 2825 1138 2903 asseris,
1181 2824 1221 2890 de
1258 2825 1365 2915 cujus⁸

161 2925 218 2992 fide
252 2926 313 2993 tihi
348 2943 412 2991 uon
447 2932 580 3004 constat,
616 2932 649 2990 et
681 2924 770 2990 addis
807 2924 980 3006 gloriosum
1014 2924 1221 3003 mendacium,
1266 2925 1349 3005 quod

161 3027 226 3110 ipse
246 3025 465 3092 subversionis
486 3025 590 3107 gratia
616 3025 657 3092 ad
692 3043 799 3106 regem
828 3024 999 3092 Cracoviae
1031 3033 1064 3091 et
1098 3025 1228 3090 fratrem
1264 3025 1348 3089 illius
1475 3067 1478 3072 -

161 3144 194 3195 se
227 3125 386 3194 contulit?
425 3125 585 3207 Numquid
631 3131 666 3192 tu
708 3144 743 3191 es
775 3131 935 3193 scrutator
974 3126 1124 3205 cordium,
1167 3124 1251 3205 quod
1294 3143 1352 3206 per

161 3234 281 3295 anan
323 3226 505 3292 dhmutiam
540 3233 679 3292 mentem
715 3228 849 3293 hominis
885 3229 1073 3309 cognoscis?
1114 3227 1159 3292 Es
1192 3234 1226 3291 tu
1269 3227 1350 3307 legis

162 3327 280 3395 curisti
312 3326 483 3410 professor,
520 3328 566 3394 sic
597 3328 793 3395 mendaciter
814 3327 992 3394 infamando
1020 3327 1221 3411 proximum?
1256 3325 1352 3391 Corte

162 3428 376 3495 Antichristus
419 3435 451 3496 tc
493 3428 602 3496 docuit
642 3435 763 3496 tantam
804 3429 963 3495 vesaniam
1006 3426 1160 3511 profiteri.
1204 3425 1267 3492 Ubi
1301 3426 1353 3491 lex

163 3527 295 3599 Christi:
316 3529 423 3596 Nolite
440 3528 586 3612 judicare
609 3535 641 3599 ct
663 3547 726 3596 non
744 3530 983 3612 jndieabimiuit
1013 3530 1067 3595 ubi
1088 3530 1156 3596 illa:
1184 3527 1219 3594 Si
1240 3545 1353 3610 pecca·

163 3630 244 3697 verit
264 3629 300 3695 io
313 3636 354 3705 ,te
375 3629 475 3696 frater
496 3637 579 3711 tuus,
602 3631 726 3714 corripe
748 3631 872 3713 ipsum?
910 3629 993 3696 Ecce
1014 3629 1100 3713 apud
1122 3636 1154 3695 tc
1175 3647 1239 3695 nou
1262 3646 1352 3711 prae-

165 3731 261 3799 cessit
282 3729 451 3799 csm‘tativa
471 3729 579 3797 fratris
600 3733 769 3814 correptio,
792 3732 850 3797 sed
871 3731 990 3814 prodiit
1009 3732 1043 3796 in
1064 3731 1223 3814 publicum
1245 3728 1354 3812 injuri-

165 3849 229 3898 osa
259 3830 330 3898 hlec
348 3830 453 3914 ipsum
473 3832 659 3913 nagisuuu
680 3832 897 3898 honorabilem
917 3833 1019 3898 solum
1040 3849 1136 3899 ausus
1157 3849 1192 3896 es
1207 3829 1355 3896 dentibus

164 3931 366 3999 mordacibus
387 3931 582 4013 contingere,
605 3931 661 3998 sed
683 3933 923 3999 communitates
944 3933 1110 4011 maximam
1146 3949 1210 3998 non
1232 3929 1357 3997 suffecit

165 4032 222 4099 tibi
243 4032 406 4113 Bobenia
429 4032 485 4099 sed
508 4039 542 4099 et
562 4032 728 4100 Slavorum
749 4051 882 4114 regnum
902 4033 937 4099 in
957 4033 1154 4100 scholaribus
1175 4031 1356 4097 temeritate

165 4130 323 4199 damnes
343 4133 486 4198 haeresis
508 4134 639 4200 crimine
661 4152 756 4200 ausus
779 4152 823 4213 es,
846 4134 902 4200 sed
924 4152 1018 4217 spero
1030 4132 1234 4212 mendaciter,
1257 4148 1355 4196 anno·

165 4238 245 4313 tare,
267 4232 387 4299 nullam
409 4234 448 4299 de
469 4234 575 4315 aliquo
598 4234 717 4301 habens
750 4236 988 4318 experientiam,
1021 4235 1077 4301 sed
1109 4235 1273 4299 dumtaxat
1304 4249 1356 4297 oo·

166 4332 251 4399 culta
272 4333 414 4399 cordium
432 4333 594 4416 judicans,
616 4335 769 4415 scribens,
791 4337 876 4418 quod
897 4335 1002 4401 forent
1023 4334 1274 4407 haeresiarchae,
1296 4331 1358 4396 mel

168 4439 317 4514 gerentes
339 4435 450 4500 inore
472 4442 506 4499 et
537 4452 692 4501 venenum
724 4436 868 4518 aspidum
904 4435 1078 4501 insanabile
1111 4433 1358 4516 praetendentes

170 4533 201 4597 in
220 4533 327 4601 corde.
371 4534 454 4601 Ecce
476 4543 511 4601 tu
533 4537 692 4618 proximos
720 4537 827 4617 inique
857 4537 990 4619 judicas,
1023 4542 1057 4602 et
1088 4535 1172 4618 quod
1204 4539 1359 4601 conantur

169 4631 375 4701 dehamenta
397 4636 649 4701 contractarum
671 4637 841 4702 concitare.
884 4635 954 4703 Stat
977 4637 1018 4703 ad
1043 4637 1247 4719 judicandum
1268 4635 1357 4701 dero.
