2992 5258
149 400 211 464 640
399 393 602 448 controversiae
620 392 655 447 de
672 390 801 458 religione
820 393 848 444 in
865 391 1005 445 Bohemia:
1026 391 1099 445 tela

248 596 286 660 It
309 597 419 685 literas
447 594 637 677 apostolicas
664 595 755 675 juxta
776 595 883 659 stilum
905 600 938 659 et
959 610 1077 658 morem
1106 592 1267 658 Romanae
1288 609 1337 656 cu·

150 700 216 764 riae
238 696 372 762 bullatas
394 697 427 760 in
449 700 641 761 contemtum
662 701 695 760 et
716 694 921 777 vilipendium
948 693 1034 759 sedis
1063 694 1260 777 apostolicae
1280 693 1339 757 imo

151 798 223 863 fidei
256 797 430 863 catholicae
459 814 517 877 per
549 794 704 877 quendam
739 795 859 862 Voxam
893 796 931 861 de
960 793 1135 875 watstein,
1166 793 1340 876 iniquitatis

150 897 256 977 filium,
273 897 408 981 publicis
422 896 643 962 meretricibus
665 895 705 962 ad
729 897 809 984 colla
831 914 1002 978 suspensas
1025 897 1057 960 in
1080 896 1154 977 biga
1173 912 1341 975 seuearra,

152 999 360 1081 praeconibus
392 1004 424 1062 et
445 995 628 1062 Wielefistis
669 1015 739 1062 cum
772 996 867 1062 armis
891 1003 923 1062 et
951 995 1063 1077 gladiis
1087 1003 1119 1063 et
1151 996 1290 1062 fustibus
1309 997 1341 1060 in

151 1118 263 1180 magna
283 1096 485 1163 multitudine
498 1097 763 1179 praecedentibus
786 1103 819 1162 et
831 1099 1049 1179 sequentibus,
1070 1117 1129 1180 per
1147 1099 1271 1180 plateas
1284 1097 1341 1161 mi-

152 1201 238 1265 noris
260 1205 293 1264 et
314 1199 462 1279 antiquae
485 1197 623 1263 civitatis
644 1215 745 1279 usque
767 1198 806 1263 ad
828 1217 940 1264 novam
962 1199 1123 1265 civitatem
1149 1199 1340 1281 Pragensem

153 1299 266 1364 deduci
289 1300 442 1382 permisit,
465 1305 499 1364 et
521 1298 648 1364 tandem
670 1297 710 1362 de
732 1316 789 1364 suo
819 1299 901 1364 scitu
917 1305 951 1365 et
978 1317 1135 1365 consensu
1166 1300 1253 1366 circa
1281 1317 1343 1364 me

153 1400 321 1466 diastinum
351 1401 383 1464 iu
405 1399 531 1483 publico
554 1400 622 1464 foro
651 1400 717 1464 sive
746 1400 854 1482 platea
877 1405 909 1464 1³
930 1402 1009 1467 hora
1036 1419 1244 1483 vesperorum
1273 1417 1343 1465 con·

155 1501 297 1567 crenrari.
319 1501 362 1566 Et
383 1499 518 1564 eundern
534 1500 653 1565 Voxam
676 1500 770 1565 hodie
791 1501 824 1566 in
847 1503 935 1568 curia
956 1492 1013 1568 sua
1035 1509 1124 1568 tenet
1145 1521 1205 1585 pro
1229 1501 1342 1567 dilecto

154 1621 211 1667 suo
233 1601 387 1681 familiari,
416 1620 474 1666 nec
497 1601 536 1665 de
559 1601 619 1666 hoc
639 1601 716 1666 fecit
736 1602 873 1683 aliquam
896 1603 1065 1669 vindictam
1093 1620 1193 1684 usque
1220 1600 1343 1666 hodier-

154 1722 228 1768 num
250 1703 341 1768 diem.

253 1803 289 1868 lt
314 1801 397 1867 idem
419 1820 475 1866 rex
498 1801 537 1866 de
559 1802 821 1868 condemnatione
851 1805 993 1870 haeresis
1016 1804 1202 1869 Husitarum
1225 1808 1259 1867 et
1283 1800 1344 1865 Wi-

156 1903 346 1969 clefistarum
368 1909 432 1968 tam
462 1903 494 1966 in
516 1902 648 1968 concilio
671 1903 811 1969 Romano
839 1923 931 1985 quam
960 1905 1124 1987 praesenti
1153 1902 1344 1969 certificatus

156 2025 213 2088 per
228 2005 337 2071 literas
359 2003 549 2085 apostolicas
571 2004 770 2069 atrthenticas
793 2023 885 2085 quarn
907 2005 969 2070 alia
987 2005 1129 2086 legitima
1150 2004 1343 2082 documenta

155 2105 290 2170 infectos
317 2103 544 2184 dehujusmodi
560 2104 684 2169 haeresi
707 2105 908 2170 conservavit
930 2113 962 2170 et
984 2105 1191 2183 manutenuit,
1215 2104 1279 2169 illis
1296 2122 1344 2169 ex·

156 2222 268 2288 presse
291 2203 442 2282 adhaesit,
467 2210 576 2270 contra
600 2224 761 2270 sacrorum
783 2206 987 2271 conciliorum
1010 2207 1148 2271 decreta

255 2305 293 2369 It.
307 2305 484 2385 imaginum,
498 2304 638 2370 crucifixi
651 2313 684 2370 et
696 2311 877 2371 sanctorum
888 2306 1068 2372 foedatores
1081 2322 1253 2387 earumque
1266 2322 1332 2371 com

157 2407 305 2472 bustores
327 2411 361 2470 et
383 2405 610 2485 destructores,
634 2406 838 2471 eeclesiarum
861 2412 894 2471 et
914 2408 1179 2472 monasteriorum
1202 2403 1343 2472 effracto

157 2526 215 2571 res⁴
231 2515 326 2588 atque
353 2507 491 2587 ipsarum
515 2513 547 2572 et
569 2507 709 2588 ipsorum
732 2508 922 2590 spoliatores
943 2524 1006 2572 nou
1035 2508 1128 2590 punit
1153 2526 1211 2575 rex
1240 2509 1344 2586 eisque

157 2627 220 2673 non
242 2608 373 2683 resistit,
397 2607 453 2672 sed
476 2607 582 2690 potius
605 2608 651 2672 eis
673 2609 706 2672 in
720 2605 882 2672 maleficiis
904 2608 1086 2674 consentire
1100 2607 1250 2686 videtur3
1272 2606 1345 2672 mul·

157 2716 252 2789 tuque
274 2708 336 2773 alia
357 2709 513 2774 commisit
527 2713 622 2789 atque
645 2708 812 2774 committit
835 2710 986 2788 enormia,
1009 2716 1142 2791 propter
1158 2727 1241 2790 quae
1257 2707 1345 2772 etiam

157 2826 194 2872 ac
217 2809 311 2873 etiam
322 2806 524 2890 infrascripta
538 2807 578 2873 de
590 2809 714 2874 haeresi
727 2808 1002 2883 vehementissime
1025 2814 1193 2891 suspectus
1206 2807 1345 2875 habetur.

133 3006 135 3011 ·
253 2973 453 3039 „Ques-thoma
472 2986 570 3029 eontra
587 2977 713 3043 rapinum
731 2974 883 3027 Boiu-miae
902 2973 1033 3043 Sopbiam
1050 2977 1143 3033 minua
1153 2978 1264 3046 jueta.“

257 3109 294 3174 It.
318 3108 408 3186 Quod
435 3110 568 3179 illustris
598 3110 635 3173 D.
661 3109 779 3192 Sophia
806 3109 916 3191 regina
945 3110 1123 3190 Bohemiae,
1154 3108 1343 3176 conthoralis

159 3209 293 3291 praefati
315 3211 407 3291 regis,
431 3210 607 3290 praefatum
625 3210 779 3275 Joannem
801 3209 870 3275 Hus
891 3219 965 3293 post
998 3219 1030 3277 et
1052 3218 1163 3278 contra
1182 3226 1345 3295 processus

158 3318 190 3374 et
212 3311 388 3376 sententias
411 3310 744 3376 excommunicationis
766 3316 798 3376 et
820 3312 1054 3393 aggravationis
1071 3319 1103 3377 et
1118 3311 1284 3378 interdicti
1304 3312 1344 3377 lo

159 3411 204 3475 vit
226 3418 258 3475 et
280 3410 430 3491 defendit,
459 3417 554 3492 atque
577 3411 676 3492 ipsius
699 3429 861 3477 sermones
888 3431 984 3495 saepe
1006 3418 1039 3477 et
1061 3412 1190 3494 saepius
1212 3413 1346 3480 visitavit

160 3518 193 3575 et
214 3511 316 3592 ipsum
339 3512 371 3575 in
399 3530 456 3576 sna
478 3512 655 3594 pertinacia
685 3519 718 3576 et
739 3512 864 3577 haeresi
894 3500 1042 3594 defendit,
1073 3520 1171 3595 prout
1199 3512 1239 3579 de
1260 3531 1345 3597 prae·

159 3612 241 3676 senti
263 3611 418 3677 loannem
440 3611 586 3677 Jeseniez
609 3619 681 3694 post
704 3620 736 3676 et
759 3620 869 3678 contra
890 3631 1059 3694 processus
1070 3614 1265 3696 apostolicos
1276 3631 1344 3698 pro·

161 3712 241 3794 tegit
263 3718 295 3778 et
317 3713 467 3780 defendit.

260 3814 297 3879 It.
321 3813 404 3895 quod
426 3814 570 3897 praefata
591 3813 628 3877 b.
652 3814 773 3895 Regina
794 3832 965 3896 processus
987 3821 1021 3880 et
1046 3815 1197 3881 mandata
1224 3821 1345 3898 aposto·

160 3915 221 3981 lica
242 3923 275 3979 et
297 3915 426 3981 decreta
447 3917 540 3998 hujus
563 3915 645 3980 sacri
668 3913 921 3980 constantiensis
946 3915 1071 3980 concilii
1093 3916 1221 3999 publice
1245 3923 1278 3984 et
1297 3935 1345 3983 no·

162 4015 244 4081 torio
267 4015 441 4081 contemnit
462 4021 496 4082 et
518 4016 783 4081 communicantes
815 4016 965 4099 populum
988 4017 1046 4081 snb
1069 4023 1204 4099 utraque
1233 4019 1343 4100 speeie,

161 4123 278 4181 sectam
306 4114 550 4181 Wiclefistarum
573 4121 606 4182 et
626 4114 812 4181 Husitarum
835 4116 961 4199 publice
990 4117 1069 4184 fovit
1091 4123 1124 4183 et
1153 4119 1250 4199 fovet,
1278 4136 1344 4203 pro

162 4216 242 4299 tegit
264 4223 359 4299 atque
388 4215 538 4283 defendit.

260 4318 298 4383 lt.
334 4319 488 4400 plebanos
520 4317 702 4384 Wielefistis
735 4319 924 4384 resistentes
960 4327 993 4385 et
1030 4337 1065 4384 se
1104 4320 1224 4386 eisdem
1260 4337 1348 4404 oppo-

162 4425 276 4493 nentes
308 4418 348 4484 de
371 4420 436 4485 suis
459 4419 602 4484 ecclesiis
635 4419 765 4501 expellit
797 4426 829 4485 et
861 4421 976 4502 spoliat
1003 4421 1140 4502 eosdem,
1168 4429 1202 4488 et
1230 4424 1263 4488 in
1290 4420 1347 4487 suis

164 4520 289 4602 oppidis
313 4527 345 4585 et
366 4521 446 4588 villis
469 4519 713 4587 Wielefistarum
744 4527 776 4584 et
803 4520 871 4585 Hus
901 4521 1051 4587 haereses
1080 4527 1113 4586 et
1144 4541 1271 4589 errores
1299 4541 1349 4607 pu·

163 4622 243 4686 blico
265 4620 486 4704 praedicantes
509 4629 542 4687 et
558 4619 705 4704 populum
728 4621 786 4684 sub
802 4627 935 4702 utraque
951 4621 1058 4705 specie
1087 4625 1345 4691 cornmunicautes
