2992 5258
334 394 374 449 61.
392 397 433 450 62.
453 393 593 463 Epistulae
615 392 641 448 J.
660 394 695 449 de
712 390 788 450 Gers'.
808 405 836 450 et
854 395 918 450 Sim.
935 397 1012 451 Rem.
1029 395 1065 451 cd
1083 396 1162 451 Conr.
1288 400 1349 465 529
1465 480 1466 484 Ἰ

713 694 773 768 62.

149 914 297 1000 Simon
335 917 561 1002 cardinalis
588 915 809 1001 Remensis
849 915 1095 1002 Oonradum
1138 921 1350 1029 arehiepi-

147 1081 329 1162 scopum
355 1051 615 1165 Pragensem
641 1052 836 1137 hortatur
862 1053 919 1136 ad
938 1082 1111 1137 eausam
1129 1053 1231 1137 fidei
1249 1084 1350 1138 con-

361 1200 429 1272 tra
458 1189 698 1271 haereticos
724 1189 892 1272 fortiter
922 1187 1138 1271 tuendam.

570 1434 689 1502 Parisiis,
709 1437 783 1499 1414,
802 1437 835 1489 26
853 1435 927 1504 Sept.

651 1646 786 1654 ———--
792 1646 824 1652 ..a
835 1646 849 1652 ..

501 1738 561 1800 (Ex
579 1739 671 1790 eodem
689 1737 791 1797 codice,
804 1736 857 1806 joe.
878 1733 1007 1798 138-9.)

352 2039 453 2103 Rer¹¹¹⁰
476 2039 507 2102 in
530 2039 657 2104 Christo
681 2039 764 2121 patri
790 2058 827 2104 ac
849 2039 991 2117 domino,
1017 2039 1053 2103 D.
1077 2037 1222 2104 Conrado
1244 2040 1345 2106 archi·

435 2140 585 2223 episcopo
624 2139 793 2220 Pragensi,
836 2140 946 2221 Apost.
979 2139 1069 2205 Sedis
1105 2141 1224 2221 legato,
1259 2141 1350 2206 fratri

437 2248 546 2307 nostro
574 2241 745 2307 carissimo.

252 2409 355 2473 Herme
376 2416 477 2491 pater,
500 2409 627 2474 domine
642 2416 676 2474 et
690 2408 789 2474 amice
816 2408 993 2473 carissime!
1017 2407 1128 2490 Nuper
1149 2410 1257 2491 recepi
1279 2409 1350 2474 lite·

151 2526 204 2573 111
228 2516 352 2575 vestras
374 2529 432 2592 per
454 2511 604 2576 dilectum
625 2529 730 2574 meum
760 2511 889 2575 Petrum
914 2508 953 2572 dc
976 2510 1079 2589 Praga
1101 2510 1235 2574 latorem
1257 2528 1351 2591 prae·

150 2610 300 2685 sentium,
323 2611 375 2691 qui
399 2627 457 2692 pro
481 2618 573 2692 parte
594 2617 702 2675 vestra
717 2609 859 2675 narravit
885 2610 970 2687 mihi,
994 2618 1027 2675 et
1049 2610 1128 2674 11111
1151 2612 1239 2691 prius
1261 2609 1350 2674 audi-

151 2727 269 2785 veram,
291 2710 429 2791 qualiter
450 2711 504 2776 ille
527 2711 628 2775 hostis
654 2711 812 2792 antiquus,
835 2709 889 2791 qui
910 2710 1109 2776 incessanter
1131 2711 1245 2775 circuit
1266 2710 1351 2774 sicut

151 2810 201 2873 leo
217 2811 357 2890 rugiens
380 2828 538 2892 quaereus
555 2828 633 2891 quos
650 2810 791 2888 devoret,
815 2810 915 2875 sicin
938 2829 1036 2891 regno
1060 2810 1240 2889 portentae,
1264 2810 1348 2892 quod

149 2910 297 2976 dolenter
319 2912 433 2991 refero,
460 2911 554 2976 bodie
578 2912 763 2992 praevaluit,
787 2911 871 2992 quod
894 2911 976 2976 sicut
998 2911 1038 2975 de
1060 2911 1191 2991 antiquo
1226 2911 1351 2975 oriente

150 3010 365 3093 Hieronymus
391 3014 575 3093 scripserat,
603 3011 754 3076 Bobemia
780 3012 864 3075 inter
880 3012 1068 3094 populorum
1084 3012 1222 3076 furorem
1239 3011 1351 3076 collisu

150 3110 323 3177 indecisam
357 3112 475 3178 domini
509 3111 646 3176 tunicam
687 3119 721 3177 11
752 3112 891 3193 desuper
925 3118 1043 3176 textam
1078 3111 1258 3176 minutatim
1292 3131 1351 3192 per

149 3209 253 3277 frusta
274 3211 432 3294 decerpit,
469 3218 502 3277 et
523 3210 643 3277 Christi
667 3211 789 3276 vineam
812 3212 1027 3276 exterminant
1050 3210 1178 3292 vulpes,
1200 3230 1280 3291 quac
1304 3211 1350 3275 in·

149 3312 323 3393 stigationc
339 3312 457 3379 vetusti
472 3312 573 3378 hostis
596 3311 815 3376 indubitanter
831 3311 989 3375 eveniunt.
1013 3310 1141 3375 Habent
1164 3311 1247 3375 enim
1263 3312 1350 3377 mille

148 3411 285 3479 nocendi
319 3413 445 3495 modos,
480 3420 513 3479 et
534 3433 553 3478 a
575 3412 731 3495 principio
761 3411 872 3476 ruinae
906 3429 982 3476 suae
1016 3418 1172 3477 conantur
1195 3412 1349 3477 unitatem

150 3508 305 3580 ecclesiae
328 3515 488 3594 scindere,
512 3516 678 3580 caritatem
701 3514 868 3578 vulnerare
892 3520 925 3578 ct
947 3513 1101 3578 bonorum
1124 3531 1256 3594 operum
1279 3512 1347 3576 dul·

149 3613 294 3680 eedincm
316 3614 453 3681 invidiae
478 3614 706 3693 111111111111,
730 3621 763 3680 et
778 3613 923 3679 omnibus
938 3614 1040 3679 modis
1062 3615 1231 3681 humanum
1247 3632 1349 3694 genus

149 3723 296 3782 11111111
312 3722 345 3781 11
366 3718 568 3799 perturbare.
591 3715 653 3781 Sed
669 3715 839 3782 multorum
862 3714 994 3780 fratrum
1017 3715 1149 3781 consilio
1172 3714 1348 3795 diligenter

150 3815 317 3898 exquisito,
341 3827 492 3898 quantum
514 3816 680 3897 fragilitati
702 3822 831 3882 nostrae
858 3816 1058 3881 conceditur.
1088 3823 1217 3897 oportet
1239 3832 1348 3879 omnes

148 3915 254 3983 aditus
276 3917 411 3983 nocendi
427 3918 494 3999 ejus
517 3918 677 3982 versutiae
694 3918 905 4000 praemunire,
928 3924 964 3982 ut
986 3916 1136 3980 scribitur
1159 3917 1191 3979 in
1215 3933 1346 3992 canone,

149 4035 189 4082 ne
215 4037 300 4083 mors
327 4018 526 4099 ingrediatur
548 4023 657 4100 portas
689 4025 826 4082 nostras.
870 4017 933 4082 Sed
954 4017 1024 4098 ipso
1047 4015 1241 4097 Hieronymo
1265 4020 1349 4079 teste

148 4118 257 4184 divina
277 4118 447 4200 prudentia
469 4119 584 4184 multos
607 4117 724 4182 diversi
748 4117 868 4181 erroris
884 4117 1062 4181 haereticos
1085 4134 1157 4180 esse
1182 4112 1348 4195 permittit,

148 4224 184 4285 nt
198 4218 404 4284 discutiamus
420 4219 582 4300 pigritiam
597 4225 630 4283 et
645 4218 768 4283 divinas
785 4217 960 4298 scripturas
987 4216 1156 4297 diligenter
1172 4213 1346 4290 videamus,

149 4327 184 4385 ut
211 4321 303 4402 juxta
335 4320 453 4385 dictum
486 4319 623 4403 apostoli
655 4317 782 4401 probati
808 4317 966 4383 manifesti
999 4317 1085 4381 11111.
1128 4313 1346 4380 Ascendamus

149 4440 243 4503 ergo,
277 4431 368 4487 rev¹¹¹⁰
391 4422 498 4503 pater!
522 4438 630 4485 omnes
667 4419 857 4485 unanimiter
880 4438 918 4485 ex
950 4417 1097 4489 adverso,
1135 4423 1168 4481 ct
1191 4432 1345 4497 ponamus

149 4540 208 4587 nos
235 4539 358 4586 murum
380 4539 437 4603 pro
470 4519 654 4586 defensione
676 4518 788 4584 domus
818 4517 884 4595 dei,
916 4525 951 4581 ut
973 4522 1092 4582 stemus
1115 4516 1147 4580 iu
1171 4515 1291 4597 proelio
1317 4515 1349 4579 in

147 4622 200 4688 die
222 4622 349 4688 domini.
396 4622 475 4687 Nam
498 4628 581 4687 teste
612 4619 769 4701 Gregorio
794 4620 826 4684 in
849 4619 971 4701 proelio
994 4626 1081 4683 stare
1103 4617 1135 4680 iu
1159 4616 1209 4680 die
1232 4615 1350 4680 domini

1149 4736 1184 4787 34
