2992 5258
148 405 211 473 280
359 402 433 459 Petri
450 403 485 459 de
502 403 681 461 Mladenonic
697 405 795 461 relatio
812 405 846 462 de
863 407 901 462 M.
917 407 945 463 J.
962 408 1021 463 llus
1038 422 1134 464 musa:

148 607 295 672 monachi
317 613 351 674 et
370 604 424 669 alii
439 605 583 685 magistri
599 609 823 675 convenissent
837 609 871 674 iu
893 611 1027 691 quadam
1049 611 1185 677 ecclesia
1206 611 1238 677 S.
1252 612 1344 679 Pauli

149 715 261 774 contra
281 710 324 774 Μ.
352 708 445 774 ioan.
470 706 598 787 Wiclef,
628 715 662 773 et
683 727 747 775 non
768 716 944 791 potuerunt
966 730 1037 776 aum
1059 713 1264 794 convincere,
1287 714 1346 778 sed

149 809 257 874 statim
283 808 404 875 tonitru
433 815 466 874 et
487 809 593 889 fulgur
620 810 659 873 de
682 810 771 875 coelo
794 811 1012 877 descendisset
1033 831 1132 894 super
1153 831 1209 879 eos
1230 821 1265 879 et
1286 832 1343 878 ru-

149 909 252 990 pisset
272 910 390 974 ostium
412 910 579 989 ccclesiae,
615 911 661 974 ita
682 909 766 991 quod
786 911 848 993 ipsi
876 912 1020 992 magistri
1047 920 1082 977 et
1112 914 1260 979 monachi
1292 913 1346 978 uix

150 1009 327 1074 evasissent
361 1010 402 1074 ad
424 1010 585 1075 civitatem
612 1010 882 1090 Londcniensem;
912 1018 945 1076 et
967 1013 1028 1077 hoc
1049 1012 1128 1078 dixit
1149 1013 1190 1078 ad
1204 1013 1345 1079 auctori·

149 1109 282 1174 sardum
312 1108 397 1174 dicta
424 1108 516 1175 Joan.
539 1107 606 1179 W..
639 1110 723 1175 unde
747 1110 981 1192 prorumpendo
1004 1112 1036 1175 in
1058 1112 1173 1192 verba,
1201 1112 1285 1179 dixit
1303 1114 1348 1179 ad

149 1209 301 1290 populum
329 1209 363 1272 in
391 1209 469 1275 haec
498 1209 611 1274 verba:
641 1209 770 1275 Utinam
798 1211 902 1276 anima
930 1229 1000 1276 mea
1022 1218 1110 1277 esset
1130 1213 1190 1293 ibi,
1219 1213 1277 1301 uhi
1297 1219 1348 1278 est

150 1308 254 1374 anima
285 1310 419 1374 Jounnis
446 1307 576 1375 Wiclell
608 1310 798 1392 Respondit,
832 1311 916 1392 quod
936 1329 1048 1375 verum
1069 1317 1135 1393 est,
1164 1313 1250 1394 quod
1272 1320 1348 1379 ante

150 1427 251 1473 annos
272 1410 347 1488 XII,
369 1415 540 1491 antequam
561 1410 663 1476 adhuc
684 1411 758 1476 libri
779 1412 880 1493 ipsius
902 1412 1128 1492 theologicales
1148 1412 1287 1478 luissent
1310 1412 1345 1478 in

144 1507 314 1587 Bohemia,
336 1515 369 1575 et
389 1510 462 1575 libri
484 1511 517 1575 in
539 1511 662 1576 artibus
684 1512 744 1576 sibi
776 1511 868 1576 valde
890 1511 972 1576 bene
1001 1512 1186 1593 placebant,
1217 1519 1252 1579 et
1278 1530 1345 1579 non

151 1609 319 1674 constabat
333 1610 403 1688 sibi,
425 1611 487 1675 nisi
502 1610 542 1675 de
563 1612 646 1678 bona
668 1611 736 1691 ejus
752 1613 827 1688 vita,
843 1610 939 1676 dixit:
960 1611 1086 1690 Nescio,
1098 1612 1155 1677 ubi
1175 1619 1227 1678 est
1240 1613 1350 1679 anhna

151 1709 252 1790 ipsius
273 1711 364 1776 Joun.
387 1712 452 1791 W.;
474 1730 586 1795 spero,
616 1713 698 1794 quod
721 1713 764 1777 sit
786 1713 925 1777 salvatus
947 1718 981 1778 et
1002 1713 1117 1793 timeo,
1140 1730 1182 1777 ne
1204 1714 1249 1779 sit
1262 1712 1348 1778 dam·

151 1815 260 1889 natus;
282 1812 396 1877 vellem
418 1814 578 1878 tamenin
599 1832 672 1894 spe,
702 1812 785 1893 quod
810 1814 914 1877 anima
934 1832 1005 1877 mea
1027 1818 1113 1877 esset
1134 1812 1196 1891 ibi,
1217 1812 1275 1878 ubi
1296 1819 1347 1879 est

151 1910 256 1976 anima
266 1913 400 1978 Joannis
411 1913 460 1978 W.
483 1914 524 1978 Et
545 1933 613 1979 cum
629 1915 708 1980 haec
721 1914 754 1978 in
771 1914 903 1978 concilio
920 1912 1062 1993 dixisset,
1078 1913 1262 1979 deriserunt
1277 1929 1349 1978 eum

151 2012 252 2090 valde,
274 2021 440 2078 moventes
462 2015 567 2096 capita
588 2033 654 2079 sua.
1287 2040 1290 2045 ·

252 2112 377 2178 Ponunt
401 2115 510 2195 etiam,
533 2115 669 2196 qualiter
690 2115 759 2196 ipse
781 2133 852 2179 cum
873 2114 940 2177 suis
962 2112 1168 2193 complicibus
1189 2112 1290 2177 libros
1310 2117 1344 2176 et

153 2226 281 2276 errores
310 2213 410 2294 ipsius
432 2214 548 2279 Wiclcl
568 2214 722 2296 defendit,
752 2222 786 2279 et
814 2214 891 2278 alios
914 2214 1040 2278 illorum
1070 2231 1214 2279 errorum
1240 2212 1348 2277 deien-

153 2327 243 2375 sores
272 2313 487 2392 promovebat.
517 2315 711 2396 Respondit,
740 2313 824 2395 quod
853 2312 973 2378 nullum
1003 2330 1145 2377 errorem
1166 2310 1349 2377 Wiclelde-

152 2409 271 2490 fendit,
303 2430 363 2477 nec
385 2412 460 2493 scit,
483 2413 565 2494 quod
594 2414 707 2495 aliquis
730 2414 887 2478 Bohomus
915 2412 1051 2494 aliquem
1073 2430 1217 2478 errorem
1238 2410 1354 2477 Wiclai

152 2508 348 2577 defendisset
363 2531 420 2577 seu
435 2513 638 2593 defenderem
661 2521 694 2579 et
714 2514 848 2578 ulterius
865 2512 962 2578 dixit:
977 2513 1104 2592 Fateor,
1128 2511 1212 2593 quod
1227 2513 1348 2578 nuhum

152 2611 327 2677 Bohemum
348 2615 414 2679 scio
428 2632 488 2680 nec
503 2616 580 2680 scivi
594 2616 692 2680 fuisse
707 2615 757 2679 vel
777 2632 849 2680 esse
863 2613 1076 2690 haereticum3
1098 2631 1156 2694 per
1168 2613 1230 2678 hoo
1244 2618 1350 2679 tamen

154 2730 217 2777 non
238 2731 330 2792 nego,
353 2715 430 2794 quin
450 2715 547 2796 aliqui
568 2714 700 2780 Bohemi
722 2722 854 2796 possent
877 2731 948 2778 esse
970 2713 1136 2777 haeretici.

252 2815 378 2878 Ponunt
399 2814 484 2880 iuter
505 2815 583 2894 alia,
607 2816 743 2896 qualiter
757 2815 825 2897 ipse
841 2814 961 2879 restitit
983 2811 1240 2879 condemnationi
1253 2811 1350 2877 libro.

33 2930 36 2935 ·
152 2932 224 2979 rum
244 2917 304 2996 W,
329 2917 382 2998 qui
404 2917 438 2980 in
460 2916 588 2981 civitate
609 2914 765 2995 Pragensi
787 2932 846 2996 per
864 2913 1013 2978 doctores
1035 2911 1076 2976 ad
1097 2912 1157 2977 hoc
1178 2911 1352 2995 deputatos

154 3019 241 3082 etin
265 3016 399 3081 concilio
422 3017 563 3081 Romano
578 3023 653 3080 sunt
675 3013 884 3079 condemnati.
907 3011 1092 3094 Respondit,
1116 3010 1201 3092 quod
1223 3012 1354 3093 quaudo

153 3135 212 3198 per
242 3117 515 3197 archiepiscopum
545 3116 739 3202 Pragensem
759 3113 900 3179 monitus
921 3112 981 3176 fuit
1004 3129 1074 3175 cum
1095 3111 1181 3190 aliis,
1211 3117 1249 3177 ut
1270 3111 1359 3179 circa

153 3217 426 3298 ipsumareponat
458 3215 557 3281 libros
588 3214 632 3278 Μ.
652 3215 743 3279 Joan.
766 3213 824 3291 W,
855 3213 991 3293 ipsemet
1013 3212 1153 3292 portavit
1172 3209 1303 3294 librum,
1324 3216 1364 3277 et

154 3320 258 3400 ipsum
275 3316 364 3381 dedit
380 3316 534 3395 Pragensi
545 3315 793 3397 archiepiscopo,
817 3313 939 3377 dicens:
955 3311 1039 3377 Ecce
1051 3311 1229 3375 reverende
1244 3312 1364 3393 pater!

155 3436 215 3498 ego
248 3418 349 3483 offero
372 3416 423 3480 hic
436 3417 535 3481 libros
557 3433 654 3496 meos,
679 3421 712 3479 et
722 3414 910 3494 ubicumque
933 3413 1070 3493 aliquem
1090 3428 1236 3476 errorem
1257 3412 1295 3477 in
1310 3412 1364 3477 eia

155 3518 351 3597 inveneritis,
374 3516 532 3582 mandetis
554 3515 643 3580 illum
665 3515 806 3596 signare,
830 3520 864 3578 et
885 3531 944 3593 ego
967 3530 1039 3576 eum
1060 3511 1132 3577 volo
1155 3528 1265 3577 coram
1287 3516 1364 3579 toln

157 3615 382 3682 communitate
400 3635 458 3698 pro
474 3617 530 3681 tali
552 3616 724 3698 pubhcare.
750 3615 792 3678 Et
813 3614 883 3695 ipse
905 3611 1167 3694 archiepiscopus
1190 3629 1269 3677 cum
1283 3612 1364 3678 suis,

156 3734 220 3781 non
241 3717 426 3782 monstratis
457 3716 613 3796 aliquibus
644 3717 760 3781 talibus
785 3714 937 3792 articulis,
965 3711 1127 3777 mandavit
1148 3711 1251 3777 libros
1274 3731 1364 3779 oom-

157 3818 245 3897 buri,
280 3816 503 3896 quodtcamen
524 3835 586 3882 non
609 3817 747 3881 habebat
778 3816 811 3879 in
839 3814 1037 3879 mandatisa
1068 3811 1147 3876 sede
1168 3814 1364 3894 apostolica-

157 3919 200 3983 Et
220 3916 562 3999 ab1illascornbustione
579 3917 659 3982 dixit
680 3936 714 3981 se
736 3916 929 3998 appellasse,
952 3921 985 3979 et
1000 3914 1100 3994 ipsius
1122 3908 1364 3995 archiepiscopi

160 4019 322 4084 sententia
344 4025 379 4082 et
399 4018 611 4099 processibus,
633 4017 674 4082 ad
696 4016 804 4081 sedem
824 4013 1030 4098 apostolicam
1053 4018 1084 4077 et
1107 4011 1300 4094 specialiter
1319 4008 1361 4079 ad

158 4118 375 4183 Alexandrum
407 4119 566 4199 quintum,
599 4125 633 4183 ct
654 4125 759 4184 stante
793 4117 879 4182 dicta
899 4113 1116 4197 appellatione
1137 4120 1268 4180 mortuo
1287 4114 1357 4196 ipso

158 4217 353 4297 Alexandro,
376 4218 548 4299 appellavit
568 4218 609 4282 ad
619 4218 774 4283 Joannern
785 4216 902 4292 XXIII,
923 4213 1192 4279 nuncBaltbazar
1222 4214 1263 4279 de
1276 4212 1353 4279 Cora

160 4317 288 4383 dictum.
310 4317 353 4382 Et
368 4319 442 4399 quia
456 4319 517 4382 sibi
532 4338 590 4400 per
612 4336 687 4383 suos
703 4325 927 4401 procuratores
941 4332 1005 4380 non
1019 4314 1080 4378 luit
1101 4313 1177 4379 data
1191 4313 1348 4380 audientia

160 4415 304 4484 bene'ad
325 4418 510 4498 biennium,
532 4418 605 4483 ideo
626 4419 737 4483 ultimo
759 4416 932 4499 appellavit
953 4414 993 4480 ad
1015 4414 1186 4479 Christum.

280 4518 323 4584 Rt
344 4519 487 4584 cumsibi
509 4518 692 4600 objicerent,
715 4535 756 4582 an
770 4516 936 4581 habuisset
950 4513 1219 4579 absolutionema
1237 4513 1351 4580 Joanne

159 4623 263 4700 papa?
296 4618 477 4700 respondit,
509 4617 594 4700 quod
627 4635 706 4696 non3
740 4623 773 4682 et
794 4635 833 4682 an
856 4615 967 4680 haeret
996 4613 1093 4679 etiem
1125 4613 1169 4679 ad
1200 4612 1350 4679 Christum
