2992 5258
312 413 453 453 coarcere
471 399 543 469 apud
561 399 660 456 frames
678 401 892 458 Praedicatores.
930 407 972 458 45.
990 408 1030 458 46.
1049 408 1090 458 47.
1256 408 1297 472 85

675 614 739 692 45.

433 804 487 888 D.
521 748 683 891 Joanni
713 807 768 891 de
799 804 966 892 Ohlum.

96 1019 196 1088 Ropot
216 1020 331 1073 bibliam
348 1029 373 1072 et
391 1020 531 1088 quaedam
547 1023 587 1075 od
605 1022 781 1075 scribendam
798 1026 958 1077 accessoria
975 1027 1124 1094 amatque,
1150 1036 1179 1078 et
1197 1044 1215 1077 o
1233 1044 1295 1095 repe

197 1152 200 1156 ,
226 1121 240 1156 c
258 1120 369 1156 carcere
386 1104 518 1158 liberetur
534 1105 640 1174 oibe'que
658 1107 821 1168 „aedicula
836 1108 968 1177 publica“
986 1119 1169 1177 comparetur.

652 1273 689 1340 (S-
707 1273 746 1342 d.)

198 1440 347 1507 Gratiose
376 1441 527 1523 Domine,
563 1443 709 1524 acquiras
735 1443 811 1509 mihi
839 1443 982 1527 bibliam,
1018 1451 1053 1511 et
1073 1446 1218 1528 dirigatis
1240 1468 1299 1531 per

96 1545 195 1610 istum
217 1545 334 1609 bonum
356 1545 467 1610 vimm.
489 1544 532 1611 Et
554 1547 581 1611 si
595 1547 711 1611 Petrus
723 1548 861 1629 scriptor
880 1552 988 1613 vester
998 1547 1095 1614 habet
1110 1547 1297 1630 incaustum,
1401 1582 1403 1586 ·

97 1654 134 1713 nt
155 1646 233 1711 mihi
255 1644 319 1725 det
342 1652 375 1710 et
396 1663 518 1728 pennas
539 1647 669 1728 aliquot,
693 1652 726 1713 et
748 1665 845 1712 unum
867 1666 998 1729 parvum
1020 1648 1184 1715 calamare.

182 1747 232 1813 De
254 1764 348 1812 servo
369 1764 439 1812 meo
461 1747 580 1813 Polono
603 1748 682 1813 nihil
704 1748 779 1828 scio,
801 1765 861 1813 nec
883 1747 922 1813 de
946 1748 1116 1829 Cardinali‚
1139 1750 1200 1816 nisi
1213 1751 1297 1832 quod

99 1849 206 1929 audio,
228 1847 314 1930 qnod
337 1851 450 1914 vestra
471 1848 629 1915 Nobilitas
651 1849 694 1914 sit
715 1849 775 1929 hio,
803 1854 836 1915 et
857 1849 899 1915 sit
921 1868 1027 1915 coram
1045 1868 1131 1931 rege.
1175 1851 1290 1929 Quam·

98 1950 208 2016 obrem
238 1950 388 2030 obsecro,
417 1950 536 2031 rogetis
559 1950 689 2030 Regiam
715 1950 916 2032 MaJestatem
947 1955 980 2016 et
1001 1959 1135 2033 propter
1162 1969 1227 2032 me,
1264 1957 1298 2018 et
1338 2034 1342 2043 Ι

101 2068 198 2116 causa
226 2050 453 2132 omnipotentis
485 2050 551 2130 dei,
586 2051 640 2133 qui
661 2051 765 2133 ipsum
787 2057 851 2117 tom
872 2050 1036 2133 magnifiee
1059 2050 1181 2117 dotavit
1204 2052 1296 2118 donis

100 2151 175 2231 suis,
199 2157 232 2216 et
254 2151 350 2216 etiam
363 2168 458 2216 causa
476 2149 619 2233 justitiae
642 2157 675 2218 et
696 2153 840 2217 veritatis
862 2151 1114 2218 manifestandae
1136 2151 1177 2218 ad
1199 2153 1300 2218 hono·

99 2269 168 2315 rem
199 2250 253 2316 dei
275 2252 369 2317 etad
391 2252 568 2333 profectum
590 2252 759 2333 ecelesiae,
788 2271 838 2318 me
860 2272 879 2318 a
901 2254 1085 2336 captivitate
1107 2252 1232 2334 liberet,
1263 2259 1298 2319 ut

100 2352 220 2435 possim
241 2370 291 2417 me
313 2351 483 2434 disponere
513 2352 608 2418 etad
629 2352 824 2420 audientiam
845 2354 1003 2435 publicam
1026 2353 1202 2436 pervenire.
1230 2354 1298 2420 Soi-

101 2459 177 2533 tote‚
207 2455 281 2534 quia
302 2453 347 2519 fui
369 2453 460 2519 valde
482 2453 627 2519 infirmus
655 2459 688 2519 et
710 2454 943 2537 clysterisatus,
978 2453 1035 2520 sed
1053 2455 1118 2537 jam
1144 2454 1297 2521 convalui.

98 2555 187 2635 Rogo
215 2554 364 2620 salutetis
390 2554 534 2621 dominos
563 2556 735 2635 Echemus,
774 2557 828 2637 qui
855 2564 929 2621 sunt
955 2556 988 2620 in
1010 2556 1099 2621 omia
1129 2556 1166 2620 D.
1189 2556 1296 2636 Regis,

100 2655 259 2737 Scriptum
280 2673 375 2720 manu
397 2674 482 2734 mee,
510 2674 602 2737 quam
624 2657 713 2721 novit
734 2657 849 2721 Petrus
872 2657 1011 2737 scriptor
1032 2661 1148 2721 vester.
1176 2655 1293 2722 Datum

98 2755 131 2819 in
154 2773 291 2820 carcere.
315 2755 510 2821 Mementote
532 2775 631 2822 aucae
653 2774 708 2822 vos
732 2758 823 2823 amici
845 2758 918 2822 mei.

199 2871 278 2925 Edit.
296 2872 326 2924 ia
341 2872 434 2942 epta
451 2873 529 2939 pita.
547 2871 576 2926 J.
592 2869 624 2925 3⁶
662 2881 686 2926 ct
706 2873 778 2942 Opp.
796 2873 862 2925 Has
879 2873 904 2934 1,
924 2871 957 2926 74
975 2881 1000 2925 et
1017 2869 1054 2925 94
1073 2871 1173 2939 (Num.
1194 2872 1297 2938 LIII.)

669 3236 732 3311 46.

259 3429 453 3514 Ioannes
479 3429 534 3512 de
561 3425 718 3514 Ohlum
747 3428 805 3512 M.
840 3427 1001 3513 Joanni
1031 3426 1136 3511 Hus.

102 3645 224 3698 Ioannes
243 3645 277 3698 de
296 3644 391 3698 Oblum
409 3645 535 3706 mundat,
559 3646 707 3713 deputatos
724 3645 835 3697 canalii
850 3646 910 3711 rapi
928 3643 1111 3712 reapondisse,
1132 3646 1172 3696 M.
1191 3643 1298 3696 Ioanni

105 3729 167 3782 Hes
183 3729 347 3798 „publicam
363 3731 557 3782 audientiam
581 3731 680 3783 mlum
698 3729 736 3780 iri
752 3730 908 3796 amicosque
933 3731 991 3797 ejus
1015 3744 1130 3795 operam
1157 3728 1241 3792 dare,
1267 3736 1297 3778 ut

103 3814 242 3867 celebrior
259 3813 335 3867 locus
352 3814 393 3867 od
404 3814 589 3867 dubitandum
606 3813 631 3864 ei
648 3813 741 3873 detum-
758 3812 857 3866 deiude
874 3830 936 3866 eum
950 3813 1122 3874 eubertotar,
1139 3829 1174 3864 ae
1191 3830 1210 3863 a
1228 3812 1296 3863 oeri-

600 3904 657 3949 tate
673 3895 792 3949 recedat.

593 4050 596 4057 ’
651 4062 688 4130 (S-
707 4061 744 4128 a)

198 4235 308 4300 Amice
331 4234 362 4298 in
386 4232 513 4299 Christo
536 4233 756 4298 dilectissime!
779 4231 912 4313 Sciatis
942 4235 1016 4314 quia
1037 4250 1094 4295 rex
1115 4233 1176 4298 luit
1205 4232 1297 4297 hodie

106 4353 169 4399 cum
191 4335 355 4418 deputatis
377 4336 513 4399 omnium
537 4337 698 4400 nationum
721 4335 819 4402 totius
849 4336 982 4414 concilii,
1013 4336 1146 4415 loquens
1168 4333 1209 4398 de
1230 4333 1297 4400 lao-

106 4436 142 4501 n‘s
162 4437 280 4502 vestris
307 4446 341 4502 et
372 4438 560 4519 praesertim
594 4455 652 4519 pro
674 4437 836 4502 audientia
863 4438 998 4518 publica.
1030 4433 1087 4499 Cui
1110 4453 1219 4500 omnes
1251 4435 1296 4500 illi

105 4535 237 4602 dualiter
258 4544 292 4603 et
312 4539 493 4604 conclusive
515 4538 759 4620 responderunt,
787 4538 872 4620 qood
895 4538 1005 4618 utique
1026 4535 1219 4603 audientiam
1240 4556 1297 4618 pu·

107 4634 213 4702 blicam
241 4637 409 4704 habebitis.
433 4638 475 4703 Et
501 4657 560 4721 pro
589 4638 643 4704 illo
673 4639 775 4704 vestri
797 4638 889 4703 amici
912 4639 1033 4703 instare
1055 4638 1166 4704 volunt
1194 4646 1228 4704 et
1248 4637 1297 4703 in·
