2992 5258
146 350 212 461 Ιὂ96
401 395 605 452 controversiae
623 395 658 452 de
674 376 805 464 refigiona
822 394 851 449 in
868 391 1013 449 Bobenia:
1031 394 1104 447 lala.

150 604 181 657 et
203 615 286 672 quam
309 599 430 658 sordido
454 600 600 674 squalore,

67 698 70 702 ⁴
151 698 205 758 sub
226 699 364 773 religioso
390 699 507 774 eolore3

150 807 227 860 tuam
251 801 294 859 sie
318 801 485 873 prosapiam

150 901 314 960 verecunde
336 901 496 972 maculasti,

151 1002 344 1074 opprobriose
372 1002 516 1061 damnasti

150 1119 184 1162 ae
205 1102 328 1160 maxime
352 1101 500 1162 iularnasti

149 1202 256 1262 claram
278 1207 364 1276 atque
391 1203 477 1276 piam.

150 1302 237 1362 Multi
258 1301 312 1362 tibi
332 1303 533 1374 adhaerentes,

151 1403 196 1461 rei
218 1403 326 1461 exitum
349 1404 515 1463 nescientes

153 1503 207 1560 viri
227 1502 257 1560 in
281 1502 352 1561 orbe
375 1505 497 1575 accepti,

153 1602 202 1675 qui
224 1603 321 1676 sigilla
342 1609 550 1675 apposuerunt

155 1703 354 1763 Constantiam
376 1703 552 1789 direxerunt,

155 1817 209 1874 per
229 1808 259 1861 te
281 1809 349 1862 sunt
370 1804 502 1877 decepti3

154 1909 275 1974 propter
296 1904 407 1976 scripta
427 1911 485 1963 tam
508 1904 619 1975 frivola,

154 2002 213 2084 jam
234 2004 305 2064 iacti
327 2006 399 2065 estis
422 2004 519 2065 sabula

154 2105 218 2162 orbi
241 2123 316 2165 nunc
337 2107 483 2176 universa,

153 2206 296 2277 vituperio
316 2207 502 2266 tabescentes

154 2324 230 2365 nune
253 2307 345 2366 vivaci
367 2308 445 2366 iuter
465 2314 576 2380 gentes,

155 2408 197 2466 sie
219 2408 321 2466 ordine
344 2424 482 2479 perverso

153 2507 247 2578 laude,
269 2506 380 2566 bonore
404 2509 481 2566 exuti

155 2615 186 2668 et
206 2609 351 2667 dedecore
372 2606 473 2677 induti,

154 2707 251 2769 eflecti
272 2708 344 2766 estis
365 2708 446 2776 viles,

155 2809 283 2868 sordetis
306 2809 551 2879 cambenedibus,

155 2909 332 2968 foedissimis
358 2909 494 2969 sordibus

155 3010 236 3082 baro,
258 3010 350 3069 cliens
372 3015 459 3084 atque
482 3010 573 3070 miles.

197 3211 260 3268 Viri
281 3211 405 3270 interest
427 3212 586 3283 prudentis,

97 3341 101 3351 ·
155 3320 186 3371 ut
207 3311 323 3370 ratione
345 3312 451 3370 mentis

155 3428 214 3470 non
236 3411 328 3471 solnm
350 3413 519 3473 consideret

156 3513 294 3571 inchoata
315 3511 461 3586 principia

157 3619 188 3671 et
211 3614 364 3685 sequentia
386 3613 491 3685 media,

157 3712 208 3771 sed
230 3710 317 3770 finem
341 3713 389 3784 crui
411 3712 557 3773 suecedet

155 3813 230 3871 Nam
252 3810 375 3871 facultas
396 3812 561 3873 inconsulta

144 3908 261 3971 'multos
284 3911 388 3972 crebro
412 3919 441 3972 et
461 3914 499 3973 ad
523 3915 614 3975 multa

156 4012 287 4085 pericula
307 4013 459 4086 immergit,

155 4128 230 4186 qnae
252 4113 326 4171 dura
346 4111 487 4175 iricatnra

156 4220 185 4272 et
206 4213 326 4272 assidua
346 4213 443 4272 lotura

155 4313 314 4374 difficulter
335 4315 473 4389 detergit.

156 4414 229 4474 Sunt
249 4414 338 4489 igitur
360 4417 495 4476 evitanda

156 4514 294 4573 scaudala
315 4521 346 4574 et
367 4516 553 4578 abhorrenda

157 4612 357 4689 undecumque
383 4617 476 4688 enixa,

777 615 851 674 quae
872 599 986 658 ratione
1009 595 1101 658 debili
1200 608 1204 616 ·

776 706 807 761 et
828 703 997 774 argumento
1023 696 1105 757 labili

776 818 833 859 non
857 805 923 859 sunt
943 796 1025 857 firme
1048 798 1180 857 subnixa

776 900 850 960 Nam
873 898 1014 975 quidquid
1036 913 1106 971 agas

750 1002 753 1081 l
777 1000 939 1074 prudenter
963 1014 1035 1074 agas

778 1106 809 1159 et
829 1100 945 1172 respice
967 1096 1063 1161 finem

939 1278 1087 1333 Βανοηιιπι
1107 1279 1183 1334 lona

821 1401 897 1475 Quid
920 1401 956 1460 de
980 1399 1103 1474 reliquis
1125 1399 1284 1459 baronibus

779 1502 880 1572 dicam,
901 1502 979 1562 villis
1001 1506 1034 1560 et
1053 1499 1199 1559 urbibus?

780 1602 828 1663 Sic
849 1617 973 1677 namque
995 1602 1032 1662 de
1054 1601 1100 1662 ais
1121 1601 1256 1674 inquam:

779 1704 864 1762 Beati
886 1706 934 1777 qni
955 1701 1169 1776 permansistis,

780 1804 809 1862 in
831 1800 889 1862 fide
911 1801 1004 1863 fortes
1026 1800 1131 1872 fuistis,

779 1903 835 1963 hoc
857 1918 910 1974 pro
933 1902 1020 1963 lande
1040 1902 1213 1975 relinquam.

782 2003 882 2063 Gaude
906 2003 975 2063 felix
996 2002 1171 2074 Micholcao,

781 2106 829 2178 qni
851 2105 888 2164 ab
910 2120 1014 2165 errore
1035 2104 1110 2165 falso

779 2222 838 2265 non
861 2222 893 2265 es
915 2207 1137 2276 contaminatus,

781 2323 835 2368 nea
857 2313 896 2378 tu,
918 2323 974 2367 nea
994 2310 1062 2366 tune
1084 2312 1180 2366 natus.

780 2407 860 2467 Idem
882 2406 1015 2467 Jooaaea
1036 2406 1072 2465 dc
1092 2405 1180 2468 Nono
1202 2408 1301 2477 doma·

755 2536 757 2557 ι
782 2507 832 2567 sed
862 2505 988 2578 Ulricas,
1009 2505 1104 2567 malus
1124 2509 1222 2578 homo,

780 2608 836 2667 hae
858 2613 942 2680 peste
963 2608 1142 2687 inquinatus,

781 2709 922 2768 monacho
945 2709 1085 2782 genitalia
1165 2781 1167 2785 .

780 2812 913 2881 abscidit,
934 2825 993 2869 non
1015 2810 1077 2884 egit
1098 2811 1170 2872 alia

780 2914 837 2973 boc
859 2914 922 2987 ejus
944 2911 1089 2986 genitura

779 3017 890 3074 Assera
912 3013 969 3072 boc
990 3027 1044 3083 pro
1066 3027 1153 3087 varo:

780 3117 842 3188 eJ'us
865 3111 1034 3184 capellanus
1055 3128 1115 3172 nou
1138 3128 1197 3184 ero,

779 3214 903 3274 servitus
925 3213 989 3285 eius
1012 3213 1093 3273 dura

777 3314 832 3373 Ille
855 3319 990 3373 snenuns
1012 3310 1155 3373 Cbadoba

778 3414 880 3473 ductus
904 3419 968 3472 erat
992 3414 1030 3474 ad
1051 3414 1186 3488 improba

778 3532 831 3589 per
853 3522 962 3575 sectam
986 3515 1072 3575 istam
1094 3516 1222 3588 pridem:

778 3617 831 3677 sed
854 3635 917 3676 cnm
939 3615 1043 3676 falsam
1065 3616 1141 3678 bane
1165 3618 1307 3691 cognorit,

778 3735 849 3779 mox
872 3733 904 3777 se
925 3715 963 3776 ab
985 3733 1021 3776 ea
1042 3718 1159 3791 amovit,

778 3835 914 3878 reversus
938 3816 976 3876 ad
1002 3817 1109 3877 bonam
1130 3816 1226 3878 fidem

779 3920 857 3980 (llari
880 3917 915 3977 de
936 3916 1115 3993 ammom
1136 3918 1269 3992 Lepores

777 4020 954 4094 ingenuique
976 4033 1116 4090 proceres

778 4124 895 4181 servant
917 4118 1006 4179 ealles
1032 4119 1177 4195 antiquos.

777 4220 870 4295 Berpi
890 4218 1015 4294 Berpow
1035 4218 1181 4295 magnifici

778 4338 837 4380 non
858 4320 1010 4394 patiuntur
1031 4337 1064 4380 se
1087 4320 1167 4382 inlici

778 4438 833 4494 per
855 4422 987 4481 homines
1012 4421 1138 4497 iniquos.

779 4522 826 4582 Dc
846 4519 1001 4596 semrom
1026 4529 1057 4583 et
1076 4521 1240 4598 Kampada

779 4622 893 4694 Petrus,
908 4623 1010 4683 'bonus
1035 4623 1108 4684 baro
1129 4627 1196 4698 iste,
