2992 5258
495 394 551 449 lto.
569 394 682 449 Carmen
700 393 825 463 anonymi
842 395 986 463 scriptoris.

698 658 780 730 120.

147 878 402 994 Anonymus
429 885 626 966 carminis
642 885 826 992 scriptor
851 883 1088 967 haereticos
1109 886 1337 994 reprehen-

150 1016 224 1123 dit,
252 1046 400 1130 regern
426 1014 739 1121 Wenceslaum,
768 1018 858 1124 ejus
887 1018 1165 1124 consiliarios²
1200 1023 1338 1131 magi-

148 1161 260 1234 stros
288 1152 470 1263 collegii,
513 1128 780 1254 Cenkonem,
820 1181 873 1234 ne
904 1152 1087 1261 amplius
1113 1152 1338 1236 haereticis

149 1282 414 1398 indulgeant,
445 1285 656 1390 hortatur,
684 1285 868 1369 barones
895 1285 950 1366 ab
968 1286 1150 1370 ecclesia
1175 1297 1338 1371 stantes

150 1418 310 1525 laudat,
339 1420 382 1502 in
409 1420 627 1503 dominam
654 1419 708 1502 de
729 1418 912 1503 Mochov
940 1420 1093 1504 acriter
1114 1421 1338 1526 invehitur,

151 1549 470 1664 Sigismundum
496 1554 553 1635 ad
572 1582 744 1637 causam
766 1555 970 1637 ecclesiae
997 1556 1163 1639 fortiter
1191 1556 1339 1638 defen-

553 1687 738 1772 dendam
765 1692 935 1772 excitat.

616 1938 641 1991 S.
660 1937 686 1991 d.
706 1939 776 2003 (anu.
799 1939 881 2004 1418.)

152 2219 198 2285 (n
213 2216 275 2272 ue.
296 2218 411 2274 neem.
430 2219 465 2276 A.
483 2217 578 2290 rosor.
596 2218 750 2275 arr-280.
772 2221 833 2275 ns.
851 2220 944 2273 nsua
962 2220 1034 2275 aa.
1048 2220 1073 2289 4,
1087 2221 1125 2275 n.
1144 2219 1341 2292 rara-91.

529 2304 586 2358 MS
601 2307 674 2361 anie.
694 2305 783 2376 Prap.
802 2307 842 2374 X,
860 2307 892 2359 F.
910 2302 955 2365 9.)

255 2605 394 2671 „invectio
410 2608 534 2675 εαῳήοα
552 2608 583 2659 ia
599 2622 678 2676 reyes
695 2617 722 2660 ee
737 2624 865 2677 proceres
882 2608 957 2660 viam
982 2605 1086 2675 Wieles
1100 2605 1244 2660 tmu.“

363 2806 509 2877 Pf⁰l⁰9¹⁴d
774 2811 879 2872 surdos
901 2809 971 2871 fecit
992 2811 1104 2883 audire,

197 2907 376 2983 Quamquam
397 2910 468 2971 mihi
488 2910 545 2971 soli
773 2918 868 2971 mutos
889 2911 990 2985 loqui,·
1010 2911 1128 2984 aperire

155 3009 241 3070 exilis
254 3010 402 3085 ingenioli
773 3011 853 3070 labia
874 3026 939 3071 mea
960 3011 1104 3085 dignetur,

155 3117 272 3171 constet
291 3111 446 3184 imperitia,
775 3112 837 3172 siue
858 3115 942 3186 qu'us
963 3111 1112 3185 praesidio

155 3227 238 3272 more
259 3214 353 3272 teneri
378 3210 496 3273 infantis
774 3212 976 3287 inpraesenti
1001 3211 1121 3272 exordio

156 3311 252 3374 adhue
272 3312 353 3387 loqui
379 3312 539 3379 nescientis
775 3331 865 3373 vanus
885 3312 970 3372 labor
990 3311 1122 3372 habetur.

156 3415 187 3474 in
210 3430 263 3473 sua
283 3413 419 3492 pueritia,
777 3412 888 3473 Scisma
909 3427 1050 3486 praesens
1077 3410 1209 3485 qualiter,

156 3515 201 3574 sic
221 3513 322 3588 lingua
342 3515 453 3587 palatui
474 3531 540 3575 meo
778 3514 853 3589 stylo
876 3529 1006 3586 promam
1027 3513 1163 3584 breviter,

157 3614 299 3674 adhaeret
319 3633 404 3685 uuna
430 3624 461 3676 et
479 3616 547 3677 ideo
778 3614 876 3686 coepit
895 3613 1042 3688 inchoari3

156 3731 202 3775 me
224 3721 324 3776 tacere
347 3716 496 3790 prohibet:
778 3731 962 3775 commoveor
983 3720 1078 3775 mente
1100 3729 1182 3790 pura,

159 3815 214 3877 sed
235 3816 355 3890 panus
377 3817 506 3878 scissura
778 3815 857 3876 cadit
877 3815 1022 3875 ecclesiae
1043 3821 1197 3889 structura,

159 3922 276 3990 umque
297 3918 394 3991 gravis
411 3919 529 3992 jactura
779 3917 836 3977 hoc
855 3917 957 3990 nequit
977 3916 1076 3986 celan,

160 4016 240 4091 loqui
262 4033 308 4077 me
333 4036 410 4079 nuno
426 4018 520 4093 jnbet
780 4033 854 4091 quae
875 4021 1065 4092 pergentem
1085 4013 1255 4088 pestiferam

158 4116 225 4179 Jam
247 4125 377 4179 assumta
396 4118 519 4180 audacia
780 4118 1006 4194 committuntur,
1027 4131 1104 4175 nuuc
1124 4113 1250 4176 referam

160 4219 198 4279 ad
220 4219 402 4293 objurganda
425 4217 496 4278 vitia
781 4216 838 4277 hoc
856 4214 948 4277 flebili
968 4221 1107 4288 ternpore.

160 4337 334 4395 consurgam
359 4320 501 4391 animose,

161 4436 226 4481 (mm
247 4422 326 4481 illius
347 4420 466 4491 auxilio⁹
900 4396 956 4461 Qui
972 4405 1036 4450 eunt
1049 4397 1229 4451 wtismctiei.

162 4525 211 4600 qui
232 4525 261 4586 in
284 4523 384 4583 muudi
404 4522 492 4581 exilio
823 4517 935 4578 Fidelis
956 4517 1102 4577 Bohemus
1127 4516 1247 4592 plangit,

161 4628 211 4701 pie
232 4631 264 4686 et
283 4625 412 4699 gratiose
783 4635 884 4677 omnes
905 4617 1084 4679 Wieletistas
1107 4617 1202 4692 tangit
