2992 5258
540 411 680 479 Epistulae
699 412 815 479 scriptae
834 411 1006 466 Constantine
1026 412 1090 464 1415

521 646 732 729 Expositio
755 647 902 713 somnii
924 648 1021 713 baec
1040 655 1113 712 est:

316 815 423 895 Imago
446 813 566 880 Christi
587 816 620 879 in
640 814 815 897 parietibus
838 815 947 879 domus
968 816 1059 896 panis
1082 814 1223 896 depicta,
1246 814 1312 880 vita
1343 812 1412 878 imi·

218 915 313 980 tanda
334 916 403 996 ejus
425 922 484 979 est.
512 915 663 982 Similiter
692 915 852 999 scriptura
874 933 964 980 sacra
985 913 1188 995 infringibilis
1211 912 1327 980 ibidem
1356 912 1410 977 de·

217 1018 344 1098 scripta,
368 1035 500 1097 quorum
522 1020 690 1097 utrumque
712 1014 752 1079 de
775 1033 918 1098 vespere,
941 1016 1008 1081 sole
1026 1015 1172 1097 justitiae
1193 1015 1232 1079 ab
1255 1014 1334 1098 ipsis
1354 1032 1413 1095 per

217 1117 514 1198 interpretationem
530 1133 640 1181 eorum
661 1116 746 1183 vitae
768 1115 923 1183 difformis
944 1116 1133 1195 recedente,
1161 1117 1264 1181 crucis
1293 1115 1413 1181 Christi

218 1217 334 1281 inimici
365 1217 493 1281 abolere
524 1222 695 1289 conantur,
726 1222 759 1282 et
781 1217 813 1282 in
844 1222 1017 1299 conspectu
1039 1216 1200 1281 hominnm
1222 1216 1321 1282 oblita
1343 1215 1413 1282 fore

217 1318 373 1382 videntur.
409 1317 474 1382 Sed
495 1317 527 1380 in
550 1317 707 1398 crastino,
737 1318 805 1394 sole
831 1318 975 1399 iustitiae
1003 1319 1140 1396 oriente,
1174 1317 1413 1399 praedicatores

216 1417 327 1481 borunv
359 1428 527 1499 utrumque
558 1418 730 1498 fulgentius
752 1426 908 1489 renovant
930 1424 963 1485 et
984 1417 1177 1500 depingunt,
1207 1419 1241 1483 in
1262 1436 1340 1483 aure
1368 1418 1414 1483 lo·

217 1524 323 1583 cutum
350 1526 384 1583 et
405 1519 495 1599 quasi
518 1518 668 1583 oblivioni
695 1519 761 1600 Jam
783 1518 934 1585 traditum
956 1527 1161 1601 supertecta
1189 1516 1413 1601 praedicando.

217 1619 260 1684 Et
281 1637 320 1683 ex
342 1619 391 1683 bis
414 1619 558 1684 omnibns
580 1618 635 1684 fiet
657 1638 802 1700 magnum
824 1620 972 1702 gaudium
995 1621 1220 1687 communitati.
1252 1619 1294 1685 Et
1315 1620 1414 1689 Auca,

217 1720 292 1785 licet
314 1720 345 1783 in
378 1738 434 1785 ara
456 1721 559 1802 posita
591 1738 676 1784 nnnc
697 1720 801 1801 posita
822 1719 946 1788 infirma
972 1740 1066 1789 carim
1089 1720 1283 1800 tristabitur,
1310 1719 1343 1783 in
1365 1719 1415 1783 fu-

218 1828 290 1887 turo
313 1828 427 1900 tamen
450 1829 486 1887 nt
507 1840 680 1903 speramus,
704 1841 774 1886 cnm
796 1821 850 1886 illo
872 1823 926 1903 qui
948 1823 981 1888 in
1002 1823 1100 1891 coelis
1121 1822 1259 1901 habitat,
1283 1820 1373 1901 qnasi
1395 1839 1415 1884 a
1451 1846 1460 1854 ·

217 1923 433 2004 somnohujns
454 1922 643 1987 miserabilis
665 1923 749 1986 vitae
773 1924 941 2005 evigilans,
963 1923 1122 1991 deridebit
1144 1931 1176 1988 et
1205 1921 1429 1986 subsannabit·

173 2070 175 2079 .
217 2041 272 2088 eos
294 2024 439 2105 imaginis
461 2024 582 2105 pariter
604 2034 637 2088 et
652 2024 830 2105 scripturae
852 2025 1034 2105 deletores3
1058 2025 1120 2092 imo
1144 2030 1177 2089 et
1198 2023 1415 2105 inpraesenti

216 2123 276 2189 deo
298 2123 424 2189 favente
445 2123 548 2190 adhuc
569 2126 639 2190 illas
663 2125 816 2206 imagines
838 2126 959 2209 pariter
982 2134 1015 2195 et
1037 2128 1212 2209 scripturas
1243 2123 1416 2189 ferventis·

218 2226 295 2289 sime
317 2226 533 2290 communitati
567 2232 600 2289 et
640 2226 706 2290 suis
736 2225 860 2292 dilectis
889 2227 997 2292 amicis
1032 2227 1148 2296 clarius
1181 2225 1348 2290 renovabit
1379 2229 1417 2289 et

217 2324 378 2407 depinget.

316 2425 404 2490 Haec
426 2425 604 2491 Doctoralis
627 2426 666 2491 do
698 2427 850 2508 Pibracb,
881 2428 1170 2510 correspondenter
1198 2429 1281 2497 bunc
1310 2427 1417 2493 locum

218 2527 347 2592 visionis
370 2527 512 2591 Danielis
534 2546 696 2609 exponens
718 2529 922 2595 conformiter
943 2530 998 2611 illi,
1021 2549 1083 2611 quo
1104 2547 1185 2599 auca
1204 2529 1238 2596 in
1259 2529 1337 2594 mari
1359 2547 1417 2593 na·

217 2631 315 2694 titans
344 2633 456 2710 petrae
485 2629 577 2695 inniti
607 2629 789 2709 videbatur,
828 2650 961 2713 quornm
992 2637 1161 2713 utrumqne
1197 2629 1417 2697 inconvulsam

217 2729 455 2795 sustentaminis
485 2731 588 2796 innuit
618 2732 810 2797 firmitatem.
840 2734 939 2798 Amici
971 2738 1004 2797 et
1031 2732 1188 2797 zelatores
1218 2731 1318 2801 vani
1347 2747 1416 2795 non

217 2851 329 2913 parum
351 2830 391 2895 de
414 2833 529 2896 vestris
552 2832 680 2914 scriptis
702 2833 888 2909 hilarantur,
911 2833 987 2898 licet
1017 2840 1142 2899 constet
1171 2830 1263 2896 valde
1291 2831 1414 2919 paucis.

220 2932 323 2998 Hodie
347 2931 434 2995 venit
454 2932 628 2997 ambasiato
649 2934 733 3014 regis
757 2933 951 2999 Francorum
973 2933 1199 2998 Constantiam.

328 3047 382 3101 Ed.
400 3048 432 3098 in
448 3047 502 3115 Dp.
520 3049 598 3116 pilea.
618 3048 658 3101 H.
677 3043 723 3101 ‘2⁵2
760 3049 831 3118 Opp.
851 3048 925 3107 Has,
944 3048 968 3111 J,
994 3048 1025 3100 71
1042 3058 1067 3100 et
1084 3043 1131 3100 90.
1168 3045 1268 3113 (Num.
1288 3043 1414 3111 XLV)

782 3413 844 3486 54.

588 3603 748 3688 ‚loanni
781 3605 834 3687 de
866 3602 1032 3688 Chlurn.

218 3819 356 3885 „Ioannes
375 3817 439 3871 Hna
461 3820 619 3888 respondet,
638 3836 776 3888 erponem
793 3837 872 3872 ararem
894 3822 1038 3872 somnium.
1077 3818 1242 3872 Concolotar
1261 3828 1353 3871 cratem
1371 3836 1413 3870 ae·

590 3906 681 3973 iprum
700 3924 731 3958 ar
748 3907 896 3974 scripturis
912 3905 1042 3957 soractis.“

766 4073 803 4131 (S.
822 4071 858 4137 d.)

317 4239 406 4306 Bona
431 4240 605 4309 consolatio
628 4241 711 4305 facta
738 4247 788 4305 est
816 4239 892 4304 milvi
921 4260 958 4305 ex
981 4240 1126 4306 omnibus
1149 4258 1246 4321 supra
1275 4241 1413 4324 scriptis.

218 4342 397 4407 Doctoralis
419 4342 458 4406 de
482 4343 615 4407 Pibraob
644 4340 816 4406 concordat
845 4343 876 4405 in
906 4341 1104 4422 expositione
1136 4360 1205 4406 cum
1235 4342 1413 4408 intentione

218 4461 303 4517 rnea,
333 4443 386 4507 illo
409 4442 538 4507 (laternis
561 4448 733 4524 praecepto
751 4448 872 4507 stame:
895 4442 1022 4507 Souania
1045 4462 1084 4507 ne
1107 4462 1214 4523 cures,
1245 4450 1278 4506 et
1308 4451 1412 4509 stant,

218 4544 365 4608 mandato
388 4542 456 4622 dei,
486 4549 522 4608 ut
543 4544 665 4608 somnia
685 4561 748 4607 non
778 4543 992 4609 observemus.
1020 4547 1168 4611 Attamen
1191 4563 1299 4627 spero,
1330 4545 1414 4627 quod

219 4645 284 4709 vita
299 4644 426 4721 Christi,
449 4663 528 4724 qnae
550 4644 581 4707 in
597 4645 783 4710 Bctblcbem
805 4644 1037 4729 depingebatur
1058 4666 1117 4729 per
1131 4666 1180 4711 me
1203 4647 1303 4728 ipsius
1316 4646 1413 4711 verbo
