2992 5258
158 388 221 455 660
404 387 609 444 conuoremiae
626 386 660 441 de
677 385 808 454 religione
825 387 853 441 in
870 387 1012 444 bohemios
1031 390 1114 468 lll'r'.¹

158 591 362 656 subortorum
395 625 429 635 -
465 587 677 656 serenitatem
709 589 858 657 Nostram
897 592 974 657 satis
1011 591 1203 674 pulsavere,
1236 598 1273 658 ut
1308 589 1345 655 ad

158 711 281 759 sacmm
305 689 471 758 concilium
495 689 740 757 constantiense
762 710 820 776 pro
842 691 991 758 sedandis
1013 697 1062 758 tot
1084 700 1118 759 et
1138 692 1239 759 tantis
1260 692 1346 760 malis

158 792 410 874 contumeliosis,
444 812 524 875 quae
553 793 718 859 occasione
750 793 997 875 praemissorum
1028 792 1147 859 ibidem
1179 792 1345 861 infeliciter

155 894 310 960 seminata
330 898 413 975 sunt,
435 912 547 977 preces
569 900 695 961 nostras
710 892 882 975 adjutrices
896 895 1102 977 interponere
1121 893 1344 976 dignaremur:

156 1014 214 1061 nos
243 1012 318 1062 vero
342 995 439 1062 tantis
460 1001 494 1060 et
523 1003 588 1060 tum
614 994 771 1061 flebilibus
800 993 935 1077 praelati
962 995 1062 1076 regni,
1091 994 1177 1076 quod
1204 993 1344 1061 christia·
1372 1028 1375 1037 ·

155 1096 318 1161 nissimum
346 1098 499 1161 hactenus
528 1102 578 1162 est
602 1102 798 1179 reputatum,
828 1094 1061 1162 calamitatibus
1090 1102 1123 1162 et
1150 1095 1288 1162 infamiis
1309 1113 1343 1160 er

155 1197 275 1263 intimis
296 1197 400 1285 cordis
430 1196 532 1262 nostri
564 1199 677 1264 merito
704 1197 951 1278 compatientes,
979 1203 1103 1262 attento
1125 1196 1292 1279 potissime
1315 1192 1344 1276 ⁴)

156 1298 403 1364 cordialissimae
430 1298 590 1364 fraternae
617 1299 761 1364 caritatis
789 1298 858 1363 zelo
887 1304 920 1362 et
940 1298 1066 1363 lervore
1088 1295 1226 1380 praefati
1248 1296 1343 1363 caris·

155 1398 225 1464 simi
247 1397 356 1464 fratris
377 1399 488 1478 nostri,
511 1416 655 1465 necnon
684 1418 722 1464 ex
744 1398 897 1479 singulari
917 1398 1036 1464 amoris
1057 1397 1223 1480 praecipui
1245 1397 1338 1480 priri-

154 1500 246 1580 legio,
270 1518 362 1581 quem
384 1499 424 1565 ad
444 1500 548 1582 ipsum
569 1517 700 1581 rognum
716 1500 888 1565 Bohemiae
904 1501 1052 1580 gerimus,
1075 1534 1114 1546 -
1129 1497 1170 1564 ad
1185 1498 1248 1564 hoc
1262 1497 1340 1564 enim

154 1618 221 1680 nos,
252 1601 306 1681 qui
335 1620 374 1666 ex
400 1600 470 1683 ipso
499 1600 653 1682 originem
679 1600 842 1681 traximus,
876 1600 962 1666 uelut
989 1599 1138 1666 heredem
1167 1599 1284 1667 inritat
1314 1604 1343 1666 et

154 1700 252 1767 allicit
274 1701 388 1766 natalis
411 1701 470 1767 soli
493 1701 593 1767 dulcis
608 1703 769 1781 memoria,
792 1720 873 1784 quae
888 1701 973 1766 illins
987 1699 1056 1766 fore
1070 1718 1129 1765 nos
1144 1699 1341 1766 immemores

131 1819 217 1883 ,non
245 1801 411 1883 permittit,
436 1837 474 1849 —
507 1803 591 1867 omni
620 1801 725 1867 studio
755 1803 943 1884 sinceraque
968 1799 1124 1866 fidelitate
1152 1805 1187 1866 et
1208 1799 1338 1883 possibi-

153 1901 245 1967 litate
256 1901 342 1985 apud
352 1903 531 1985 praelatum
543 1920 668 1967 sacrum
683 1903 850 1968 concilium
865 1902 991 1968 labores
1005 1907 1133 1967 nostros
1147 1900 1342 1967 adhibuimus

154 2006 188 2067 et
209 2009 357 2068 accurata
378 2003 542 2085 diligentia
563 2002 822 2085 interposuimus,
844 2022 884 2068 ne
906 2001 1075 2085 quidquam
1096 2019 1156 2084 per
1176 2017 1342 2084 processus

153 2103 237 2169 sacri
258 2103 384 2169 concilii
406 2122 445 2170 er
467 2121 562 2170 causa
576 2103 739 2179 praedicta
752 2109 864 2169 contra
878 2103 1034 2186 prefatum
1055 2102 1188 2169 fratrem
1202 2109 1341 2169 nostram

154 2208 187 2268 et
215 2220 349 2285 regnum
377 2204 575 2286 praedictum
604 2203 638 2269 in
667 2205 808 2286 ipsomm
830 2204 915 2286 regis
937 2209 971 2269 et
991 2202 1082 2285 regni
1115 2198 1342 2286 praejudicium

154 2310 322 2386 ageretur;
353 2311 449 2387 prout
476 2306 535 2370 hoc
562 2305 664 2387 ipsum
692 2322 751 2388 per
780 2305 941 2387 praelatos
963 2305 1092 2370 nuntios
1112 2303 1222 2370 fratris
1244 2303 1341 2370 nostri

153 2405 249 2487 regis,
279 2424 372 2487 quam
400 2406 495 2471 etiam
524 2425 582 2488 per
608 2410 735 2471 nostros
764 2406 895 2487 legatos,
932 2404 1034 2471 eidem
1064 2404 1229 2471 carissimo
1251 2404 1340 2471 fratri

152 2510 263 2570 nostro
279 2512 313 2570 et
327 2506 500 2572 baronibus
516 2505 671 2589 praedicti
686 2506 777 2587 regni
788 2505 960 2571 Bohemiae
975 2505 1102 2588 plenius
1116 2511 1149 2571 et
1162 2504 1340 2572 distinctius

153 2603 284 2671 lecimus
307 2606 466 2688 explicari.

250 2705 309 2771 His
337 2706 435 2789 igitur
462 2707 674 2789 legationibus
701 2708 820 2772 nostris
850 2713 884 2772 et
914 2706 1104 2773 tractatibus
1126 2724 1224 2797 super
1247 2723 1336 2791 prae·

152 2808 257 2873 missis
286 2806 508 2892 pendentibus,
536 2807 577 2872 ad
605 2808 751 2874 notitiam
777 2808 858 2874 sacri
887 2807 1012 2873 concilii
1041 2806 1199 2889 praedicti
1231 2825 1340 2889 queru-

152 2908 229 2973 losis
258 2907 394 2989 quidem,
427 2907 595 2972 horrendis
625 2915 660 2974 et
686 2908 903 2991 multiplicatis
936 2907 1143 2990 adauctisque
1175 2925 1339 2991 perperam

152 3007 340 3074 clamoribus
361 3012 411 3074 est
432 3007 601 3074 deductum
623 3014 657 3073 et
678 3008 882 3074 inmoderatis
905 3007 1052 3090 suspiriis
1067 3007 1223 3087 ascendit,
1257 3005 1338 3090 quod

153 3110 249 3174 etiam
278 3109 425 3175 dolenter
453 3110 573 3176 reterre
604 3109 758 3190 cogimur:
781 3109 926 3191 qualiter,
950 3127 1012 3175 non
1034 3107 1237 3174 obstantibus
1258 3107 1339 3175 obla·

152 3209 291 3276 tionibus
318 3209 410 3275 nobis
440 3227 500 3292 per
525 3210 655 3275 nuntios
679 3210 860 3293 praedictos
892 3209 1000 3275 fratris
1033 3208 1136 3274 nostri
1167 3207 1271 3288 lactis,
1302 3207 1339 3273 de

151 3330 216 3377 non
238 3309 426 3376 offendendo
442 3311 562 3376 clerum
584 3310 671 3376 etde
686 3328 749 3375 non
765 3310 909 3376 faciendo
924 3310 1045 3391 aliquas
1060 3315 1174 3375 contra
1188 3314 1339 3376 statutam

152 3412 403 3477 ecclesiasticum
434 3412 613 3492 novitates,
646 3417 814 3494 praeterea
847 3411 950 3476 denuo
983 3410 1132 3476 scandala
1165 3411 1340 3478 crudeliora

152 3512 323 3578 subsecuta
351 3510 450 3592 inere,
475 3511 603 3593 Jamque
631 3512 733 3596 spolia
753 3512 900 3592 graviora
922 3511 1081 3593 prioribus
1104 3529 1203 3595 super
1223 3512 1339 3578 clenrm

150 3613 268 3695 ubique
296 3613 330 3677 in
359 3612 444 3679 dicto
474 3632 572 3697 regno
606 3614 855 3693 committuntur,
889 3631 1002 3679 census
1035 3613 1201 3694 tolluntur,
1234 3612 1337 3678 divina

151 3714 357 3797 profanantur
396 3720 428 3779 et
466 3713 507 3779 ad
546 3713 774 3796 profanandum
807 3714 911 3780 clerus
944 3712 1096 3779 obediens
1129 3714 1337 3797 compellitur,

152 3813 412 3879 excommunicati
429 3820 462 3879 et
483 3813 646 3881 interdicti
667 3816 699 3880 in
722 3820 916 3880 contemtum
937 3815 1070 3880 clavium
1092 3815 1248 3880 ecclesiae
1263 3814 1338 3881 tole·

149 3919 262 3980 rantur
288 3920 322 3978 et
352 3914 516 3994 foventur,
549 3919 691 3980 rectores
724 3914 949 3997 parochialium
983 3915 1188 3982 ecclesiarum
1223 3922 1257 3982 et
1286 3913 1336 3980 alii

150 4013 330 4079 beneficiati
360 4013 400 4079 de
427 4014 492 4078 suis
519 4013 682 4079 beneficiis
711 4014 814 4080 laicali
843 4015 986 4096 potentia
1014 4021 1048 4080 et
1069 4015 1205 4081 saevitia
1226 4031 1337 4099 oppro-

150 4115 256 4180 briose
283 4114 500 4197 expelluntur,
535 4115 678 4180 nonnulli
707 4116 803 4181 etiam
832 4133 871 4179 ex
899 4116 977 4197 ipsis
1006 4115 1083 4180 viris
1112 4114 1335 4182 ecclesiasticis

149 4213 273 4297 injuriis
302 4215 443 4280 lacessiti
473 4216 674 4299 captivantur
700 4235 758 4297 per
779 4215 885 4296 laicos,
909 4217 1152 4282 exactionantur
1173 4222 1207 4283 et
1229 4215 1335 4284 crudo·

149 4313 267 4381 lissima
296 4316 487 4399 cmciantur,
516 4323 548 4383 et
576 4317 661 4398 quod
689 4316 882 4383 horrendum
911 4316 996 4382 dictu
1019 4323 1078 4398 est,
1101 4317 1336 4400 praedicatores

149 4416 294 4482 catholici
324 4423 357 4482 et
387 4418 481 4484 etiam
511 4418 589 4483 certi
612 4417 766 4498 magistri,
789 4415 881 4483 fidem
904 4417 1089 4484 catholicam
1116 4418 1335 4500 praedicantes

206 4636 220 4665 ⁸
246 4636 297 4684 MS.
315 4636 488 4696 potentissime.
