2992 5258
528 421 643 477 oman
660 421 748 491 pem,
766 437 828 476 ann.
849 422 921 475 uos
1022 430 1027 443 ·
1262 420 1321 487 155

231 627 338 690 Tertio
365 625 512 693 similiter
540 624 709 709 exponitur
730 623 829 704 robis,
857 625 958 689 Rev¹11⁰
979 625 1084 704 Pater,
1107 624 1191 705 quod
1213 642 1320 705 quam·

127 747 220 810 quam
242 728 438 812 synodaliter
470 727 615 794 omnibus
645 725 839 809 prohibitum
868 727 912 791 sit
939 725 1124 807 praedicare
1158 724 1320 790 excessivo
1364 740 1368 749 ’

127 836 239 895 contra
253 830 372 897 clerum
387 829 427 895 de
442 846 525 896 anno
540 829 702 911 praesenti
724 829 779 893 die
801 827 948 908 sequenti
969 832 1042 909 post
1065 826 1181 890 festum
1196 826 1225 891 S.
1244 825 1320 905 viu,

127 929 290 1012 praetatus
312 931 355 1018 ld.
377 931 456 1011 Hus‚
486 932 629 997 nescitur
655 951 718 1012 quo
746 931 797 995 vel
819 930 878 994 sub
901 948 962 1010 qua
985 926 1175 993 confidentia
1197 928 1257 992 hoc
1277 926 1321 992 fa·

126 1031 200 1109 ciat
227 1029 312 1113 quod
338 1032 457 1097 clerum
483 1049 607 1096 omnem
636 1030 812 1114 praefatum
840 1029 989 1109 diffamat,
1027 1048 1096 1094 curn
1126 1028 1216 1094 multi
1250 1027 1323 1092 boni

126 1130 368 1215 praedicatores
388 1131 509 1198 fuerint
524 1139 557 1197 et
571 1131 636 1196 sint
658 1131 690 1196 iu
702 1132 760 1198 bac
779 1130 927 1210 civitate,'
940 1131 993 1212 qui
1009 1140 1114 1196 tamen
1135 1147 1199 1195 non
1214 1147 1324 1194 exces-

125 1236 242 1297 serunt
267 1250 327 1298 nec
357 1232 515 1298 excedunt
541 1233 624 1298 sicut
651 1234 730 1315 ipse.
774 1234 836 1298 Per
858 1250 950 1313 quam
980 1230 1106 1312 quidem
1128 1231 1323 1296 excessivam

126 1339 161 1398 et
183 1332 410 1399 detractorium
431 1333 710 1416 praedicationem,
735 1353 828 1414 quam
842 1332 919 1398 facit
934 1338 1045 1397 contra
1066 1331 1194 1409 clerum,
1217 1330 1323 1397 reddit

127 1441 231 1499 totum
258 1434 378 1499 olerum
399 1434 498 1514 magis
521 1433 665 1500 odiosum
692 1433 819 1516 populo,
852 1452 945 1514 quom
973 1432 1033 1498 fnit
1060 1450 1206 1513 umquam
1225 1433 1322 1514 prius.

126 1532 205 1599 ldeo
234 1534 337 1598 Revmo
358 1535 468 1599 Pater!
502 1554 572 1601 cum
601 1535 727 1600 notorie
757 1553 796 1600 ex
825 1532 1005 1615 hujusmodi
1034 1532 1323 1615 praedicationibus

127 1651 187 1700 nos
210 1640 244 1699 et
265 1634 419 1700 ecclesiae
442 1639 579 1713 nostrae,
607 1651 663 1699 vos
679 1642 712 1699 et
734 1633 887 1701 ecclcsiae
909 1639 1036 1699 vestrae
1060 1633 1269 1699 destruuntur
1291 1640 1324 1700 et

126 1753 167 1799 ex
192 1736 339 1817 personis
353 1736 473 1802 nostris
487 1736 689 1814 infamantur,
713 1734 863 1816 dignetur
883 1734 976 1799 nobis
999 1735 1066 1800 Pot.
1091 1733 1146 1798 V¹⁸
1164 1753 1202 1799 ex
1218 1732 1323 1800 officio

126 1835 308 1919 providere.
351 1835 421 1902 Hoc
442 1833 533 1901 valde
557 1852 712 1916 rogamus.

634 2040 699 2047 ,ωη-
719 2038 826 2046 ..—-.-.

337 2232 589 2340 ‘‚‚ltesponsio
614 2234 661 2316 ll.
688 2235 769 2317 Hus
797 2233 848 2316 ad
874 2232 1091 2316 articulos.“

225 2436 307 2518 Quia
328 2443 421 2521 pater
445 2439 547 2504 Resme
567 2456 672 2504 coram
696 2439 782 2505 Pata
804 2438 872 2502 pm
886 2439 992 2519 gratia
1013 2444 1171 2520 tamquam
1193 2439 1324 2505 scanda-

124 2537 223 2619 tosus,
247 2555 401 2604 erroneus
423 2544 457 2605 et
478 2544 607 2605 sanctae
629 2539 725 2605 matri
747 2539 901 2604 ecclesiae
921 2538 1124 2620 praedicator
1146 2541 1325 2606 contrarius

125 2645 159 2704 et
180 2640 228 2705 sic
249 2638 283 2705 in
304 2636 367 2705 fide
389 2639 500 2704 devius
522 2657 591 2705 sum
611 2659 670 2722 per
684 2658 772 2705 meos
791 2639 992 2705 adversarios
1009 2639 1143 2719 delatus,
1166 2639 1224 2705 sed
1237 2639 1326 2706 auxi-

123 2741 224 2807 liante
255 2738 333 2805 milri
373 2739 500 2805 domino
532 2736 644 2807 frivole
677 2745 710 2804 et
735 2739 900 2805 mendose:
936 2739 1008 2806 ideo
1035 2740 1076 2806 ad
1098 2739 1321 2806 confutandam

125 2840 326 2906 inimicorum
346 2841 581 2908 accusationem
603 2840 745 2906 frivolam
769 2840 836 2904 V¹⁸⁰
858 2841 1029 2921 gratiosme
1057 2841 1135 2907 Pat²¹
1152 2840 1325 2907 secuudum

123 2941 269 3022 regulam
291 2940 321 3005 b.
343 2941 431 3007 Petri
453 2940 591 3023 apostoli
613 2941 706 3024 cupio
729 2940 891 3005 humiliter
906 2945 939 3005 et
954 2938 1092 3007 fideliter
1110 2941 1149 3007 de
1171 2940 1233 3007 fide
1254 2960 1326 3009 mea

122 3048 159 3109 et
180 3060 247 3125 spe,
282 3040 375 3108 etde
398 3041 474 3107 mihi
503 3059 609 3108 coram
630 3042 713 3107 Pat²⁰
740 3041 795 3105 V¹⁸
819 3040 955 3123 obiectis
988 3041 1125 3107 reddere
1159 3042 1325 3108 rationem.

123 3142 212 3208 Dicit
224 3141 309 3208 enim
324 3140 443 3209 Christi
466 3141 667 3208 immediatus
682 3141 819 3235 vicarius
844 3145 876 3206 l⁸
903 3143 992 3207 Petri
1014 3148 1049 3206 3⁰
1073 3161 1081 3204 :
1111 3143 1213 3208 Deum
1235 3159 1326 3208 sanc·

123 3241 245 3310 tificete
267 3241 301 3308 in
323 3242 472 3310 cordibus
493 3244 619 3323 restris,
643 3244 747 3325 parati
771 3261 895 3324 semper
917 3241 957 3308 ad
977 3242 1224 3309 satisfactionem
1240 3243 1324 3308 omni

123 3344 272 3427 poscenti
301 3361 358 3410 vos
379 3343 536 3410 rationem
558 3343 598 3409 de
621 3361 658 3408 ca
685 3361 765 3425 quae
787 3345 820 3407 in
842 3343 931 3408 vobis
955 3351 1006 3408 cst
1027 3340 1089 3409 fide
1112 3350 1145 3409 et
1168 3363 1233 3427 spe,
1268 3344 1325 3409 sed

122 3463 196 3516 cum
217 3442 375 3511 modestia
397 3451 431 3510 et
453 3444 578 3522 timore,
603 3443 830 3510 conscientiam
845 3443 1001 3510 habentes
1023 3443 1147 3524 bonam,
1176 3445 1255 3510 utin
1278 3463 1325 3525 eo,

121 3544 210 3628 quod
232 3545 406 3611 detrahunt
427 3544 466 3610 de
488 3545 578 3610 vobis
600 3551 758 3626 tamquam
780 3544 819 3611 de
841 3546 1107 3627 malefactoribus,
1131 3547 1324 3612 confundan-

122 3655 187 3727 tur,
211 3646 266 3728 qui
289 3645 521 3712 calumniantur
542 3645 575 3708 in
597 3646 687 3711 vobis
709 3646 822 3711 bonam
846 3648 878 3711 in
891 3646 1018 3713 Christo
1041 3649 1325 3713 conservationem.

121 3748 174 3815 Ad
203 3745 428 3814 confutandam
460 3762 538 3826 ergo
561 3750 594 3811 et
616 3745 794 3812 elidendam
822 3748 861 3812 de
889 3766 938 3812 me
961 3747 1217 3814 adversariorum
1239 3767 1325 3814 meo-

123 3867 198 3914 rum
220 3845 477 3915 aestimationem
499 3845 659 3910 sinistram
682 3846 784 3928 primo
807 3849 839 3911 ln
861 3847 1034 3914 universali
1056 3848 1219 3928 confiteor,
1243 3851 1327 3931 quod
1388 3916 1390 3920 .

122 3947 281 4032 quidquid
308 3946 377 4014 vult
402 3947 547 4013 dominus
562 3947 658 4012 Jesus
676 3946 822 4013 Christus
845 3956 879 4014 et
900 3966 958 4015 soa
980 3950 1169 4017 universalis
1192 3950 1327 4015 ecclesia

122 4057 161 4118 ut
181 4049 343 4130 credatur,
371 4047 431 4114 hoc
462 4045 596 4114 firmiter
618 4047 723 4128 credo,
758 4055 791 4115 et
812 4049 965 4132 quidquid
995 4050 1190 4116 credendum
1218 4050 1325 4131 singu-

124 4150 239 4218 lariter
253 4148 368 4215 doctus
383 4149 482 4229 fuero,
504 4147 577 4214 rolo
599 4146 732 4213 credere
754 4147 888 4215 firmiter
909 4150 949 4214 de
972 4151 1031 4215 hoc
1054 4156 1087 4216 et
1103 4157 1229 4215 tenere:
1253 4150 1327 4231 quia

124 4268 190 4316 non
211 4251 316 4316 solum
328 4250 397 4317 llm
410 4251 478 4316 Pat.
499 4250 645 4328 neves,
668 4248 726 4315 sed
749 4250 880 4315 cuilibet
902 4253 1047 4333 poscenti
1065 4249 1237 4316 secundum
1260 4250 1325 4316 dic·

125 4359 193 4418 tum
213 4352 244 4418 b.
261 4351 350 4417 Petri
372 4351 509 4435 apostoli
530 4355 661 4434 paratus
682 4369 752 4416 sum
774 4350 911 4417 reddere
933 4352 1098 4433 rationem,
1122 4356 1158 4418 ut
1180 4351 1234 4440 qui
1250 4352 1327 4422 mibi

127 4459 287 4535 umquam
310 4450 505 4519 malefactori
528 4451 712 4533 detrahunt,
736 4451 976 4521 confundantur.
