2992 5258
395 402 436 457 97.
453 399 562 455 Liberae
581 388 685 454 concidi
703 399 738 453 ad
756 397 813 453 bar.
832 397 898 453 Βοὴ.
916 396 1089 454 orthodoxos.
1278 404 1339 469 617

150 602 335 686 plurimum,
359 620 439 685 quae
462 603 523 685 ipsi
545 618 698 683 sequaces
720 600 902 667 eorrrmdem
924 601 952 666 J.
976 601 1090 667 Wiclef
1110 608 1143 666 et
1164 602 1192 668 J.
1215 603 1284 668 Hus
1305 605 1336 668 in

150 702 271 768 eisdem
293 721 390 786 regno
413 709 446 769 et
467 704 684 769 marchionatu
705 704 736 767 in
759 702 981 769 contumeliam
1002 703 1105 767 nostri
1126 705 1279 770 creatoris
1302 715 1352 771 ct·

150 810 331 870 sanctorum
347 803 415 885 ejus
430 805 617 869 inconsultis
632 804 768 869 motibus
791 809 991 869 attentarunt
1005 804 1158 868 hactenus
1182 811 1215 870 et
1236 811 1339 871 atteu-
1359 796 1363 804 '

152 910 232 980 tant,
255 905 295 969 de
309 904 450 970 cordium
466 922 594 970 suorum
610 905 769 970 obstinata
783 903 900 967 duritie
912 921 986 985 spes
1002 904 1093 969 nobis
1108 905 1230 971 modica
1241 909 1339 972 resul-

150 1010 243 1083 taret,
260 1004 343 1087 quod
355 1005 493 1070 dimissis
508 1021 616 1070 eorum
630 1004 792 1069 erroribus
803 1004 864 1086 ipsi
878 1004 989 1070 eadem
1004 1003 1109 1069 facere
1120 1003 1274 1073 deberent
1285 1014 1341 1074 aut
1440 1054 1444 1063 ·

150 1105 289 1171 debeant
320 1107 432 1188 dignos
454 1105 591 1170 fructus:
619 1109 833 1170 verumtamen
862 1105 1075 1171 miserandam
1099 1113 1147 1172 tot
1169 1106 1340 1189 taliumque

149 1211 353 1272 sacrosancto
376 1206 463 1271 fonte
486 1210 668 1270 renatorum
683 1204 894 1287 perditionem
918 1212 950 1270 et
963 1205 1203 1272 fascinationem
1218 1207 1339 1273 Satani·

151 1325 218 1375 cam
239 1315 364 1372 matura
375 1307 504 1388 pietatis
516 1306 639 1371 viscera
653 1306 773 1386 absque
785 1306 981 1371 amarissimo
994 1306 1219 1388 compassionis
1232 1308 1339 1374 dolore

149 1415 313 1490 nequeunt
323 1408 498 1485 sustinere;
522 1414 555 1472 et
567 1405 648 1487 ideo,
672 1412 822 1487 quantum
835 1407 925 1473 nobis
941 1407 1054 1472 exalto
1067 1409 1273 1491 permittitur,
1285 1427 1340 1475 eos

149 1507 190 1575 ad
205 1509 340 1574 salutem
351 1517 446 1590 atque
459 1508 665 1575 salvationem
677 1505 833 1573 reducere
856 1509 915 1573 viis
939 1515 972 1573 et
982 1510 1083 1574 modis
1095 1511 1342 1592 congruentibus

147 1609 211 1692 iam
234 1610 288 1675 diu
309 1609 497 1690 laboramus,
521 1607 599 1673 nihil
622 1608 662 1672 de
684 1608 941 1689 contingentibus
963 1609 1148 1675 omittendo.
1185 1611 1264 1676 Nam
1285 1611 1340 1676 do·

149 1711 260 1791 cende,
283 1710 464 1791 scribendo,
488 1709 678 1787 simulando,
704 1709 908 1791 blandiendo,
931 1711 1166 1793 comminando,
1189 1729 1340 1778 censuras

151 1817 184 1879 et
205 1828 325 1894 poenas
358 1810 590 1877 ecclesiasticas
617 1808 819 1889 fulminando,
854 1810 976 1892 etjam
1009 1809 1116 1876 forsan
1143 1812 1341 1894 ultraquam

150 1930 260 1979 eorum
271 1912 366 1977 saluti
380 1911 517 1994 expedit,
527 1909 707 1976 eorundem
719 1911 957 1976 conversionem
971 1912 1193 1994 exspectando,
1206 1913 1341 1979 solerter

150 2012 289 2079 fideliter
302 2011 512 2095 impendimus
535 2011 622 2093 ipsis,
646 2010 835 2091 minimeque
858 2011 1017 2093 potuimus
1039 2011 1202 2094 proficere,
1225 2012 1341 2078 debere

150 2113 353 2180 crederemus
381 2112 486 2178 officia
514 2113 661 2176 universa
689 2110 768 2192 (sic).
796 2113 988 2177 Praesertim
1018 2131 1094 2192 erga
1118 2114 1249 2179 loannis
1271 2114 1341 2178 llus

150 2214 325 2297 supradicti
341 2231 517 2295 personam,
541 2213 613 2276 dnm
636 2212 768 2291 viveret,
792 2212 831 2275 de
852 2212 1116 2278 manifestissimis
1139 2214 1340 2296 perniciosis·
1394 2216 1397 2225 '

150 2316 301 2396 simisque
331 2322 366 2379 ut
395 2314 575 2396 praefertur
611 2313 798 2377 haeresibus
822 2314 887 2395 jam
914 2314 1031 2377 dudum
1060 2321 1123 2379 tam
1149 2315 1342 2395 judicialiter

150 2434 244 2497 quam
274 2416 462 2481 scholastice
496 2414 527 2478 in
561 2414 694 2478 diversis
729 2414 925 2479 consistoriis
948 2422 980 2480 ct
1003 2415 1204 2496 generalibus
1228 2414 1341 2480 studiis

150 2516 241 2583 valde
263 2522 387 2582 mature
409 2522 503 2596 atque
534 2514 717 2579 solemniter
740 2515 943 2596 reprobatum
966 2520 1061 2595 atque
1083 2516 1276 2595 damnatum,
1299 2518 1340 2580 ir·

150 2618 246 2683 ritum
269 2617 413 2682 frivolum
440 2621 633 2681 assertorem
661 2619 695 2679 et
728 2615 1015 2697 pertinacissimum
1037 2616 1244 2696 defensorem,
1278 2624 1342 2683 tam

151 2736 190 2782 ex
213 2716 412 2783 confessione
445 2717 576 2799 propria
602 2733 696 2779 rnanu
718 2716 907 2797 conscriptis
929 2717 1104 2797 codicibus,
1137 2735 1280 2784 necnon
1303 2737 1341 2782 ex

150 2819 332 2885 testimonio
349 2818 485 2882 omnium
498 2815 719 2898 exceptionum
732 2815 841 2895 majori
857 2816 1058 2882 multitudine
1073 2820 1210 2901 copiosa,
1226 2818 1342 2883 devicit

148 2926 292 2986 maturus
307 2924 418 2984 noster
433 2936 470 2984 ac
485 2917 645 2999 legitimus
667 2920 778 2981 contra
801 2934 871 2980 eum
894 2917 1021 2983 habitus
1043 2937 1222 3000 processus,
1246 2927 1340 2999 prout

149 3038 189 3085 ex
212 3021 281 3100 ejus
303 3020 501 3102 inspectione
524 3019 623 3099 liquet
646 3016 790 3081 omnibus
813 3017 998 3083 luculenter.
1043 3021 1178 3102 Insuper
1200 3037 1263 3084 non
1285 3020 1340 3084 ob·

150 3127 266 3201 stante,
291 3121 373 3202 quod
394 3122 485 3202 juxta
507 3118 681 3183 divinarum
705 3125 736 3181 et
759 3118 964 3182 humanarum
987 3120 1092 3201 legum
1115 3121 1244 3187 decreta
1264 3119 1338 3184 hae-

150 3223 270 3287 reticus
294 3221 410 3287 debeat
432 3241 449 3286 e
471 3237 599 3285 carcere
622 3218 705 3283 etin
729 3218 933 3300 compedibus
949 3222 1161 3304 respondere:
1184 3225 1340 3290 nihilomi-

149 3339 210 3388 nus
244 3323 338 3388 etiam
366 3323 399 3386 in
433 3320 614 3404 praesentia
646 3319 793 3401 copiosae
826 3320 1035 3387 multitudinis
1065 3324 1275 3406 spiritualium
1309 3329 1340 3388 et

149 3423 339 3490 secularium
369 3422 559 3504 aliquotiens
592 3419 753 3485 audientia
779 3419 905 3501 publica
933 3440 991 3504 per
1014 3440 1071 3488 nos
1094 3425 1153 3490 sibi
1176 3426 1338 3507 praestita,

149 3529 184 3589 et
204 3540 268 3588 non
291 3528 413 3588 tantum
445 3521 660 3588 conversionis
694 3520 723 3586 ei
744 3522 833 3586 locus
856 3540 1040 3596 concessus,
1073 3525 1129 3589 sed
1151 3525 1191 3590 ad
1213 3525 1340 3590 convin-

149 3623 281 3689 cendam
303 3624 372 3705 ejus
395 3623 585 3687 obstinatam
601 3621 751 3687 malitiam
768 3623 1144 3704 superabundantissima
1157 3626 1339 3691 instructio·

148 3726 243 3790 nibus
276 3726 449 3790 catholicae
488 3723 646 3803 veritatis,
681 3723 929 3789 exhortamentis
964 3725 1154 3791 dulcissimis
1187 3727 1338 3804 caritatis,

149 3830 187 3891 ut
208 3825 304 3890 saluti
319 3843 395 3890 suae
411 3824 578 3890 cousulens
594 3822 634 3887 ad
655 3823 800 3888 veritatis
816 3823 1007 3890 christianae
1030 3826 1223 3907 religionem,
1245 3832 1340 3909 prout

148 3926 319 3992 tenebatur
341 3924 460 4004 facere,
494 3925 571 4007 ipsis
599 3941 657 4006 per
680 3942 751 3988 eum
774 3924 894 3991 relictis
918 3931 950 3990 et
971 3927 1136 4007 abnegatis
1166 3927 1340 4007 erroribus,

149 4025 272 4092 rediret
292 4026 331 4091 ad
353 4026 507 4106 gremium
530 4024 692 4103 ecclesiae,
716 4022 888 4106 requisitus
912 4024 1021 4091 existit
1043 4034 1076 4092 et
1088 4026 1254 4093 instanter.
1278 4026 1337 4104 Qui

148 4132 256 4192 tamen
288 4125 427 4209 aspideis
450 4124 554 4190 surdis
577 4126 707 4191 auribus
730 4126 848 4191 monita
871 4128 994 4208 respuit
1016 4127 1137 4207 salutis,
1166 4127 1278 4192 nolens
1300 4126 1339 4193 ab

148 4225 269 4293 eisdem
297 4225 433 4291 infamiis
455 4228 521 4291 suis
553 4225 640 4292 falsis
664 4233 696 4291 et
724 4226 826 4308 plenis
848 4225 1004 4291 fermento
1027 4228 1167 4294 malitiae
1189 4227 1339 4310 periculis

148 4328 293 4406 resilire;
316 4327 426 4392 dilexit
459 4327 542 4392 enim
564 4326 817 4392 maledictionem
847 4332 881 4392 et
902 4328 990 4392 venit
1011 4327 1056 4406 ei,
1090 4334 1123 4393 ct
1145 4328 1217 4409 quia
1238 4327 1340 4393 noluit

149 4426 413 4506 benedictionem,
437 4429 644 4510 elongabatur
659 4429 698 4494 ab
721 4429 800 4510 ipso.
823 4427 1010 4509 Abiensque
1032 4429 1155 4493 demum
1178 4430 1339 4495 inlocum

147 4546 250 4608 suum,
282 4526 459 4592 mercedem
480 4528 546 4592 suis
569 4527 742 4593 sceleribus
758 4546 795 4594 ac
817 4528 941 4593 illorum
964 4530 1176 4595 sectatoribus
1195 4531 1267 4612 jure
1283 4530 1336 4596 de·

148 4628 260 4708 bitum,
293 4628 430 4696 omnium
451 4629 637 4696 miserorum
658 4631 728 4712 ipse
759 4630 970 4711 miserrimus,
992 4628 1128 4697 finaliter
1152 4633 1335 4714 reportavit.
