2992 5258
368 419 409 472 25.
443 417 569 472 lustrum.
587 422 674 471 notar.
692 416 767 485 publ.
784 414 819 470 de
836 416 905 471 llnsi
922 416 1113 485 appellatione.
1275 421 1337 486 395

147 621 228 680 rendi
259 621 352 693 patris
385 621 469 680 divae
502 622 659 679 memoriae
682 621 805 680 loannis
827 620 1040 692 archiepiscopi
1062 620 1232 693 Pragensis,
1250 637 1337 693 pruo-

147 722 215 781 dicti
237 721 275 779 D.
299 721 463 794 Sbyuconis
485 721 693 796 antecessoris,
717 721 858 779 dictorum
880 721 980 779 militis
1002 727 1033 778 et
1053 721 1132 790 civis,
1153 736 1188 778 ac
1209 723 1336 779 rectoris

145 821 239 880 dietae
254 821 429 893 paroehialis
446 821 588 880 ecclesiae
604 837 746 879 consensu
762 827 792 879 et
806 820 956 878 voluntate
978 821 1136 891 expressis,
1159 821 1226 893 qnia
1241 823 1338 880 omnia

146 930 173 980 et
195 922 312 995 singula
334 923 505 997 praemissa,
522 921 611 979 divini
633 921 732 993 utique
755 921 847 978 cultus
870 928 1054 992 angmentum
1083 938 1118 979 ac
1146 918 1214 979 fidei
1236 921 1337 978 catho-

144 1020 218 1080 licae
239 1023 481 1095 propagationem
511 1021 727 1090 concernentia,
749 1022 877 1094 gratiose
898 1038 933 1079 ac
955 1021 1114 1080 clementer
1134 1020 1336 1089 fundaverunt,

143 1129 307 1191 erexerunt,
337 1120 561 1192 ratificavernnt,
591 1122 849 1191 auctorisaveruut,
878 1120 1116 1193 approbaverunt
1146 1127 1176 1180 et
1196 1121 1336 1180 canonice

144 1220 396 1294 confirmaverunt,
423 1228 513 1294 prout
537 1222 567 1279 in
594 1222 688 1280 literis
715 1222 886 1294 apostolicis
912 1227 943 1280 et
970 1221 1036 1279 aliis
1063 1220 1236 1280 authenticis
1265 1219 1334 1278 inde

143 1320 293 1391 coniectis,
306 1322 402 1395 sigillo
414 1322 580 1395 Majestatis
591 1321 711 1394 Regiae,
722 1320 760 1377 D.
782 1321 1003 1393 Arcaiapiscopi
1024 1326 1054 1378 et
1068 1321 1168 1379 militis
1183 1321 1334 1394 dictorum,

142 1419 215 1481 haec
237 1423 334 1480 omnia
354 1422 470 1494 plenius
492 1428 522 1480 et
543 1422 711 1493 expressius
734 1423 925 1480 eontinentur.
1336 1435 1339 1439 ·

244 1522 317 1581 Cum
350 1528 446 1581 autem
469 1521 603 1580 Christus
625 1522 712 1580 lesus
743 1521 911 1579 misericors
944 1526 974 1579 et
998 1521 1155 1579 miserator
1186 1521 1340 1579 dominus

145 1623 196 1693 qni
226 1637 322 1681 eseam
351 1624 381 1681 in
410 1622 520 1681 semine
541 1621 624 1680 verbi
647 1622 691 1678 sui
713 1620 880 1679 timentibus
904 1635 936 1678 se
958 1621 1087 1693 reliquit,
1109 1621 1152 1681 sic
1173 1637 1229 1693 per
1251 1637 1336 1679 sanc·

143 1726 236 1779 torum
267 1728 382 1793 patrum
408 1721 544 1780 instituta
571 1721 723 1790 ordinavit,
751 1737 787 1778 ne
816 1719 937 1778 verbum
966 1719 1014 1777 dci
1039 1720 1185 1792 alligetur,
1208 1720 1336 1793 quinimo

143 1820 192 1880 ille
220 1829 304 1880 actus
331 1828 495 1880 ceterorum
524 1821 700 1889 liberrimus,
723 1827 754 1879 et
776 1821 918 1879 ecelesiae
942 1836 1011 1878 suae
1034 1826 1160 1888 sanctae,
1182 1820 1338 1892 ipsiusque

146 1919 283 1978 membris
305 1919 486 1993 utilissimus,
515 1936 599 1990 quem
625 1920 733 1976 veteris
755 1919 879 1990 novique
902 1920 1069 1978 testamenti
1091 1926 1198 1990 patres,
1221 1927 1250 1977 et
1271 1920 1336 1990 ipsa

145 2019 273 2079 salvator
302 2025 405 2078 noster
431 2026 600 2078 constanter
628 2035 717 2090 super
744 2020 841 2076 ornnia
867 2036 959 2092 usque
989 2020 1026 2077 ad
1054 2029 1175 2079 mortem
1197 2021 1226 2078 in
1249 2035 1336 2093 syne-

147 2120 237 2193 gogis,
259 2120 289 2178 in
310 2121 389 2189 vicis,
411 2121 441 2177 in
463 2119 572 2191 platea,
592 2120 622 2177 in
645 2120 701 2192 ria,
723 2120 752 2176 iu
775 2120 854 2189 mari,
876 2121 907 2178 in
929 2127 1036 2196 monte,
1059 2121 1089 2178 in
1112 2121 1335 2194 campestribus,

145 2219 171 2278 ia
194 2220 323 2290 deserto,
344 2221 375 2278 in
397 2219 605 2291 praedicando,
627 2226 860 2292 persequentes
882 2219 944 2277 loro
977 2221 1175 2280 necessarium
1202 2236 1336 2292 compro·

145 2318 230 2381 baril.
274 2321 340 2378 Nisi
369 2321 445 2378 enim
476 2323 540 2391 ipse
570 2322 650 2379 verbi
679 2321 726 2379 dci
760 2328 791 2378 et
823 2329 942 2380 sauctae
976 2323 1202 2394 praedicationis
1236 2338 1336 2380 semen

145 2420 314 2493 reliquisset
334 2421 428 2489 uobis,
451 2421 534 2492 quasi
556 2420 684 2479 Sodoma
706 2428 735 2479 et
758 2421 921 2480 Gomorrha
936 2421 1102 2482 fuissemus.
1142 2424 1210 2494 Ipse
1228 2422 1336 2480 etenim

145 2520 273 2579 salvator
295 2520 448 2592 discipulis
471 2521 531 2579 suis
554 2528 621 2592 post
635 2523 879 2580 resurrectionem
897 2539 978 2580 suam
993 2521 1165 2582 nraaiiestus
1180 2538 1335 2593 apparens,

135 2618 169 2681 in
182 2623 230 2682 sui
243 2638 407 2694 perennem
418 2625 595 2690 memoriam,
609 2626 837 2698 praedicationis
853 2625 980 2685 officium
991 2625 1113 2685 tradidit
1124 2623 1335 2696 exequendum,

139 2719 243 2783 diceus
273 2724 304 2781 in
333 2723 499 2795 evangelio:
522 2729 623 2781 euntes
645 2725 675 2782 in
697 2726 841 2795 mundum,
862 2726 1033 2799 praedicate
1056 2723 1237 2798 evangeHmn
1258 2720 1336 2781 omni

135 2832 304 2882 creaturae.
347 2819 416 2895 Ipso
439 2824 547 2881 etenim
569 2825 698 2882 salvator
720 2825 793 2883 dixit
816 2843 899 2883 servo
923 2841 991 2884 suo:
1012 2827 1071 2884 Exi
1093 2826 1151 2884 cito
1174 2825 1203 2882 in
1218 2823 1334 2895 plateas

131 2932 166 2984 et
187 2925 275 2982 vicos
297 2923 431 2991 civitatis,
454 2931 483 2981 et
504 2940 649 2996 pauperes
671 2941 705 2983 ac
728 2926 851 3002 debiles,
875 2942 979 2985 coecos
1008 2931 1039 2984 et
1060 2925 1178 2985 claudos
1199 2922 1336 2982 introduc

131 3016 204 3083 huc.
251 3024 292 3081 Et
312 3023 399 3080 alteri
421 3039 506 3081 servo
529 3024 617 3083 dixit:
650 3024 705 3081 Exi
726 3026 756 3082 in
771 3025 832 3082 vias
849 3032 879 3083 et
893 3042 990 3102 sepes,
1006 3031 1037 3083 et
1056 3023 1199 3095 compelle
1213 3023 1334 3090 intrare,

131 3132 165 3184 nt
202 3124 311 3182 domus
350 3139 415 3180 ruea
451 3122 616 3195 impleatur.
659 3125 713 3183 Cui
746 3127 881 3183 nimirum
914 3126 1065 3198 cvangelio
1102 3132 1132 3184 et
1167 3129 1333 3182 sanctorum

131 3232 258 3284 >atrum
288 3224 408 3282 decreto
435 3227 608 3284 contradicit
636 3231 795 3298 praetensa
828 3226 975 3284 sententia
995 3225 1030 3283 D.
1054 3223 1216 3298 Sbyuconis
1238 3222 1335 3280 archi-

131 3324 274 3400 ÷piscopi
304 3326 581 3400 praenominatam
609 3342 703 3398 nuper
729 3328 758 3384 in
791 3327 902 3400 synodo
930 3326 1101 3398 praelibata,
1130 3323 1274 3393 inhibens,
1296 3338 1334 3379 me

131 3425 309 3498 »resbytori
341 3430 370 3481 et
399 3426 569 3484 sacerdotes
594 3427 630 3483 ad
661 3424 788 3485 obiciam
815 3427 1043 3498 praedicationis
1071 3425 1127 3483 rite
1154 3429 1185 3480 ct
1205 3422 1334 3494 legitime

131 3525 219 3586 nissi
243 3531 276 3581 et
293 3524 431 3594 deputati,
454 3543 488 3583 ac
509 3541 599 3597 super
621 3526 675 3586 hoc
696 3528 811 3586 indulto
833 3527 913 3586 sedis
935 3527 1115 3598 apostolicae
1144 3531 1175 3584 et
1195 3522 1335 3583 ordinarii

131 3626 251 3695 muniti,
281 3625 402 3682 uerbum
431 3627 479 3684 dei
506 3627 536 3684 in
563 3626 636 3685 loeis
665 3628 790 3699 puhlicis
820 3634 850 3686 et
871 3627 1001 3700 capellis,
1023 3627 1053 3684 in
1074 3626 1218 3685 beneficia
1240 3624 1334 3684 eccle·

131 3728 264 3787 ziasaica
290 3728 430 3785 canonice
459 3729 575 3801 erectis,
601 3727 739 3802 fundatis,
769 3730 884 3800 dotatis,
907 3729 1108 3801 privilegiatis,
1130 3727 1223 3785 libere
1246 3741 1333 3783 erau-

131 3829 282 3900 {elisent

248 3926 310 3985 Sed
338 3927 407 4000 quia
437 3928 492 3985 deo
522 3935 568 3987 est
598 3930 690 4002 magis
719 3930 913 3989 obediendum
935 3946 1020 4004 quam
1040 3928 1205 3987 homiuibus
1227 3927 1258 3984 in
1279 3925 1334 3994 hia,

131 4043 213 4102 qnae
238 4033 309 4084 sunt
329 4031 499 4087 necessaria
520 4031 558 4087 ad
580 4031 714 4087 salutem:
747 4031 905 4103 nosigitur
921 4030 1059 4101 magistri,
1092 4030 1222 4088 loannes
1236 4031 1335 4083 rector

131 4126 273 4200 capellae
299 4129 508 4199 praescriptae,
524 4136 555 4187 et
566 4130 700 4188 Zdislaus
713 4131 749 4188 de
762 4130 947 4189 Zuierzeticz
962 4129 1183 4201 praenominati,
1195 4128 1213 4186 J
1215 4140 1332 4193 oannes,

131 4222 249 4294 Benes,
273 4225 386 4296 Petmis,
415 4229 552 4299 Michael,
574 4230 681 4288 Petrus
708 4235 739 4287 et
760 4232 898 4300 loannes,
920 4229 1104 4289 baccalaurei
1130 4235 1160 4287 et
1182 4225 1332 4285 studentes

131 4325 309 4400 subscripti,
332 4345 396 4385 cum
418 4330 551 4387 omnibus
574 4332 658 4389 uobis
686 4331 913 4391 adhaerentibus
936 4340 965 4389 et
980 4331 1142 4389 adhaerere
1155 4326 1329 4403 volentibus,

131 4427 304 4485 sentientes
337 4444 391 4485 nos
424 4428 625 4502 multipliciter
658 4429 721 4490 fore
751 4437 896 4505 gravatos,
925 4437 955 4490 et
982 4430 1171 4488 vehementer
1196 4428 1332 4486 timentes

131 4522 323 4598 inposterum
346 4527 446 4588 durius
469 4546 558 4601 posse
580 4533 705 4605 gravari,
727 4548 745 4588 a
766 4533 925 4604 praedictis
955 4531 1119 4600 sententiis,
1142 4526 1332 4601 processibus

131 4633 171 4684 et
198 4628 341 4700 causaris,
370 4629 491 4705 frivolis,
518 4631 625 4704 iniquis
655 4639 685 4691 et
712 4632 800 4692 nullis
823 4649 913 4706 super
933 4630 1140 4704 importationo
1161 4635 1193 4688 et
1213 4625 1333 4689 combu-
