2992 5258
150 417 212 481 460
392 410 597 487 Controversiae
614 411 649 465 de
666 397 797 478 religione
814 411 842 465 in
861 410 1003 466 Bohemia:
1023 412 1095 465 1412.

151 636 210 682 uec
232 634 295 680 non
317 616 464 681 similiter
479 634 589 681 omnes
612 616 690 681 alios
706 617 753 680 eis
769 616 977 697 pertinaciter
993 615 1162 683 credentes
1178 622 1212 680 et
1232 615 1347 682 adhae-

150 725 259 782 rentes
292 724 348 782 aut
380 718 521 782 fautores
556 726 588 782 et
621 724 850 799 receptatores,
885 735 1004 799 eosque
1037 718 1166 800 privare
1202 717 1348 784 omnibns

151 817 273 895 officiis,
301 816 473 896 beneficiis,
505 819 713 899 dignitatibus
743 839 780 883 ac
808 819 910 883 feodis
938 827 970 884 et
1004 817 1247 901 quibuscunque
1280 819 1348 884 aliis

150 919 251 997 bonis,
268 937 400 984 necnon
416 919 566 985 marrdare
583 920 641 983 sub
658 918 909 985 formidabilibus
925 921 1037 1002 poenis
1054 919 1200 985 omnibus
1216 918 1349 1000 regibus

151 1028 184 1086 et
211 1020 408 1103 principibus
435 1026 469 1084 et
498 1021 739 1103 quibuscunque
761 1021 831 1085 aliis
854 1021 1068 1102 cujuscunque
1092 1020 1232 1085 existant
1254 1038 1347 1103 prae·

151 1122 351 1199 eminentiae,
368 1141 408 1186 ne
422 1139 477 1186 eos
490 1130 522 1187 et
538 1141 647 1188 eorum
663 1122 808 1204 aliquem,
825 1140 885 1185 nec
901 1120 947 1184 eis
963 1121 1131 1186 credentes
1147 1129 1180 1186 et
1194 1121 1348 1201 inventes,

151 1223 184 1287 in
200 1241 309 1287 eorum
327 1223 422 1287 terris
438 1229 616 1304 receptent,
631 1241 735 1303 neque
752 1242 821 1287 cum
837 1222 883 1287 eis
895 1221 1095 1301 aliquomodo
1107 1224 1349 1293 communicent

151 1325 213 1388 imo
237 1341 293 1389 eos
315 1325 479 1407 expellant
501 1332 534 1389 et
557 1324 673 1406 expelli
695 1325 822 1402 iaciant,
845 1324 872 1388 si
887 1323 998 1389 haberi
1014 1341 1077 1388 non
1092 1332 1243 1407 possunt3
1266 1323 1352 1406 quod

151 1425 177 1489 si
191 1425 261 1508 capi
273 1425 424 1506 poterint,
441 1426 607 1506 capiantur
622 1432 655 1490 et
671 1431 706 1491 ut
721 1426 874 1491 haeretici
897 1425 1079 1507 puniantur,
1094 1442 1153 1490 nec
1168 1442 1230 1490 non
1248 1432 1352 1491 terras

151 1534 185 1590 et
207 1527 283 1601 loca,
307 1526 347 1590 ad
370 1545 450 1607 qnae
466 1526 706 1603 declinaverint,
731 1544 789 1607 per
812 1526 949 1591 triduum
973 1532 1046 1607 post
1068 1543 1231 1590 recessum
1249 1527 1351 1592 ecole-

151 1626 279 1690 siastico
302 1643 482 1706 supponere
505 1625 684 1701 interdicto,
708 1642 842 1689 necnon
860 1626 1041 1708 praedictos
1058 1626 1224 1691 damnatos
1241 1626 1351 1702 libros,

149 1727 175 1791 si
199 1726 249 1790 hic
272 1727 302 1790 in
325 1726 413 1790 ouria
435 1726 575 1790 Romana
590 1726 801 1806 reperiantur,
825 1733 982 1807 tamquam
1002 1745 1130 1791 errores
1146 1727 1350 1793 continentes

150 1828 276 1910 publice
300 1829 331 1891 in
354 1828 460 1909 platea
482 1827 512 1892 S.
536 1824 623 1889 l'etri
640 1826 789 1891 mandere
806 1829 956 1907 comburi,
973 1848 1009 1893 ac
1025 1830 1120 1894 etiam
1136 1827 1280 1906 ubilibet
1296 1828 1350 1892 ubi

151 1929 380 2010 reperirentur,
405 1929 530 2009 publice
547 1926 784 1992 comburantur.
813 1928 881 1992 Nec
903 1945 964 1993 non
987 1947 1096 1993 omnes
1112 1929 1151 1993 de
1167 1946 1269 2010 regno
1291 1928 1350 1992 Bo·

152 2029 275 2094 hemiae
298 2031 365 2093 suis
388 2028 551 2094 beneficiis
573 2030 613 2092 ab
636 2029 682 2092 eis
704 2047 813 2093 eorum
829 2031 998 2095 occasione
1014 2030 1167 2113 spoliatos
1184 2029 1224 2094 ad
1241 2046 1352 2093 eorum

151 2129 307 2194 beneficia
331 2149 399 2194 cum
422 2130 578 2194 fructibus
607 2128 680 2194 indo
703 2132 864 2210 perceptis
886 2131 1037 2195 mandare
1059 2130 1195 2207 restitui,
1220 2134 1254 2194 et
1275 2129 1352 2194 alias

153 2231 237 2295 cirea
259 2230 422 2311 praedicta
445 2249 502 2311 pro
519 2231 690 2312 praedictis
709 2231 871 2294 erroribus
888 2231 1101 2312 exstirpandis
1123 2230 1232 2295 taliter
1247 2229 1351 2310 prori-

151 2331 236 2407 dere,
263 2329 346 2411 quod
369 2330 514 2394 omnibns
525 2329 645 2395 Christi
668 2330 813 2394 fidelibus
829 2330 869 2395 ad
892 2349 1001 2412 pacem
1017 2340 1050 2397 et
1065 2330 1223 2395 unitatem
1239 2338 1273 2395 et
1286 2331 1351 2395 ani·

152 2448 273 2494 marum
297 2429 474 2511 profectum
498 2431 600 2509 cedat,
623 2448 683 2495 nec
705 2448 767 2495 non
791 2438 919 2495 sanctae
942 2431 1094 2496 trinitatis
1115 2431 1155 2496 ad
1170 2432 1304 2513 gloriam
1320 2436 1351 2494 et

152 2529 314 2594 honorem.
339 2530 449 2595 Amen.

250 2629 356 2713 („Fiat
379 2650 437 2712 per
459 2632 565 2696 omnia
588 2639 623 2698 nt
646 2630 814 2711 petitur.“)

731 2966 765 3031 B.

279 3149 475 3219 „snpplicatio
494 3152 560 3203 cleri
573 3149 657 3218 jacta
674 3167 769 3218 popae
788 3159 886 3202 contra
907 3149 945 3202 M.
964 3150 1103 3201 Jounnem
1126 3149 1214 3202 ΗΜ·

282 3419 326 3481 (E
341 3418 425 3471 MSS.
444 3420 584 3472 teniversit.
604 3418 693 3486 Pray.
711 3419 771 3480 ΙΙΙ,
792 3418 824 3470 G.
844 3417 864 3470 (i
875 3417 901 3487 j.
918 3413 945 3471 9.
964 3446 996 3456 —
1015 3417 1074 3479 ΙΙΙ,
1096 3417 1129 3470 G.
1152 3417 1212 3473 16.)

251 3737 441 3802 Beatissime
464 3740 573 3819 pater!
605 3738 715 3820 Nuper
731 3739 889 3803 Sanctitas
907 3738 1023 3802 Vestra
1045 3744 1158 3803 courtra
1172 3738 1346 3804 Ladlslaun

153 3856 261 3918 regom
286 3840 420 3921 Apuliae
452 3846 485 3904 et
519 3847 631 3904 contra
662 3840 816 3919 Angelum
841 3838 1001 3929 Corrario,
1034 3840 1087 3920 qui
1120 3856 1156 3904 se
1178 3839 1348 3920 Gregorius

154 3939 214 4003 xll
236 3958 315 4004 arusu
339 3939 497 4021 sacrilego
525 3941 675 4020 nominet,
709 3939 933 4020 indulgentias,
968 3940 1188 4006 remissionem
1218 3940 1350 4005 omniun

152 4047 354 4122 peccatorum
384 4041 538 4105 confessis
571 4049 604 4105 et
632 4041 789 4107 contritis.
823 4042 876 4121 qui
905 4059 1016 4106 mannus
1039 4042 1246 4123 porrexerint
1268 4040 1349 4121 adju·

153 4141 259 4220 trices,
290 4141 451 4208 direxerat
479 4143 520 4206 ad
554 4161 661 4221 regern
686 4141 866 4221 Bnhemiac,
898 4160 978 4222 quae
1009 4161 1027 4206 a
1056 4136 1179 4206 Christi
1210 4140 1351 4205 fidelibus

153 4248 244 4322 grate
284 4250 317 4307 et
356 4262 426 4307 enm
459 4262 572 4321 magna
605 4243 776 4308 devotione
811 4243 879 4322 spel
913 4250 946 4306 et
977 4240 1051 4306 fidei
1086 4251 1163 4308 sunt
1195 4250 1349 4324 receptae

153 4342 285 4419 Quidam
314 4349 420 4407 tamen
450 4343 628 4423 iniquitatis
661 4342 752 4418 filins,
779 4344 823 4407 lllr
854 4342 945 4407 loon.
978 4343 1046 4407 Hus
1079 4342 1255 4409 Wiclefista
1286 4356 1350 4407 enm

154 4442 220 4505 suis
242 4443 456 4524 corrrplicibus,
487 4450 665 4508 contemtor
692 4444 834 4522 clavium,
865 4452 956 4509 stans
992 4443 1051 4507 snb
1073 4443 1209 4508 vinculis
1232 4460 1350 4509 excom·

153 4542 374 4608 inculcationis
398 4543 481 4608 ultra
504 4544 583 4609 diros
605 4563 715 4624 nuncios,
739 4553 773 4610 et
795 4544 949 4609 articulos
975 4544 1091 4609 Wiclel
1110 4544 1349 4610 haeresiarchae

103 4686 107 4694 ·
154 4640 318 4713 damnatos
341 4643 466 4728 publice
489 4643 672 4726 defendens
695 4646 727 4709 in
750 4645 933 4711 scandalum
970 4646 1146 4710 animarum
1167 4653 1233 4711 tam
1254 4658 1352 4711 coram
