2992 5258
454 421 500 477 IV.
518 422 559 476 De
575 421 616 475 M.
632 420 657 475 J.
677 420 736 474 llus
753 420 891 475 audientia
909 421 953 476 clio
969 423 987 477 8
1003 422 1087 478 Junii.
1304 427 1366 494 307

273 632 340 693 Ista
369 628 412 688 sia
437 630 496 685 stat
519 627 553 685 ia
578 626 654 685 libro
675 625 708 684 ia
733 627 833 698 forma
854 622 925 698 cap⁰
957 623 992 685 5⁰
1013 624 1063 689 fol.
1092 626 1141 685 1⁰:
1172 627 1212 688 Et
1238 631 1367 702 quamvis

164 737 279 797 ‹loctor
300 734 392 799 dicat,
415 727 492 801 qnod
514 743 621 797 corpus
643 726 795 784 militantis
822 726 968 785 ecclesiae
995 728 1152 800 aliquando
1175 735 1221 788 est
1242 731 1368 802 acepha-

156 838 244 903 lum,
267 850 323 891 nos
344 837 441 889 tamen
462 843 534 886 vere
558 828 716 895 credimus,
739 827 817 898 qnod
839 827 972 886 Christus
994 830 1082 886 Jcsus
1105 834 1149 887 est
1171 835 1259 900 capnt
1280 847 1370 903 snper

156 951 291 994 omnem
313 930 480 996 ecclesiam,
518 927 614 998 ipsam
635 942 744 998 regens
766 925 1023 997 indefectibiliter,
1059 933 1168 987 motuni
1196 935 1226 988 et
1252 946 1370 989 sensum

153 1034 271 1094 eidem
299 1028 481 1102 spiritualem
506 1025 646 1096 influens,
680 1026 765 1095 dato,
796 1026 874 1099 qnod
903 1026 1013 1087 nullum
1041 1045 1133 1101 usque
1163 1029 1240 1088 diem
1266 1031 1370 1105 judicii

153 1135 281 1193 ‹loctor
311 1129 418 1202 probet
447 1143 514 1186 esse
547 1127 626 1186 eliud
673 1132 761 1197 caput
791 1127 885 1200 ipsius
927 1127 1080 1198 ecclesiae,
1113 1146 1198 1202 quam
1225 1130 1372 1190 dominnm

149 1235 277 1295 Jesum
300 1230 454 1290 Christum.
496 1228 561 1285 lieo
582 1233 680 1299 potest
703 1227 774 1284 clare
808 1226 914 1286 doctor
944 1228 1103 1298 rationem,
1134 1245 1222 1302 qnam
1244 1231 1373 1290 ecclesia

146 1342 310 1404 tempore
331 1330 455 1402 Agnetis
484 1344 537 1399 pcr
558 1327 632 1385 dnos
662 1343 756 1385 annos
778 1331 810 1385 et
831 1343 886 1398 per
915 1328 1040 1400 quinque
1069 1345 1185 1387 menses
1219 1329 1274 1391 suit
1305 1348 1372 1392 acc·

151 1433 273 1507 jahala,
295 1430 395 1488 vivens
411 1429 569 1487 secundum
591 1428 681 1485 multa
697 1428 829 1487 membra
839 1429 868 1485 in
883 1428 993 1487 Christi
1014 1432 1117 1501 gratia,
1140 1432 1207 1504 quin
1220 1448 1274 1503 per
1295 1433 1373 1492 idem

154 1537 281 1606 Jrosset
310 1545 377 1588 esse
405 1526 546 1599 acephala
573 1543 628 1599 por
660 1527 761 1598 plures
791 1544 897 1596 annos,
929 1545 991 1585 cnm
1022 1529 1155 1588 Christus
1178 1531 1241 1589 sine
1264 1531 1373 1592 talibus

154 1630 374 1691 monstruosis
396 1628 542 1700 capitibus
565 1644 620 1699 per
643 1644 712 1686 suos
735 1644 855 1685 veraces
869 1629 1030 1699 discipulos
1053 1645 1174 1700 sparsos
1195 1647 1250 1702 per
1272 1632 1374 1691 orbem

156 1740 323 1791 {erramus
344 1729 449 1787 molius
471 1744 553 1785 suain
575 1728 730 1785 ecclesiam
753 1727 917 1799 regularct;
940 1734 970 1785 et
991 1734 1090 1786 cetera
1110 1731 1141 1788 in
1162 1729 1247 1788 libro.

276 1828 344 1890 His
357 1826 465 1908 finitis
480 1825 643 1887 dicerunt:
667 1825 750 1889 Ecce
770 1824 835 1905 jam
863 1825 1043 1906 prophetat.
1086 1827 1135 1888 Er
1163 1827 1211 1888 M.
1233 1828 1376 1892 Ioannes

153 1929 254 1994 Jlas
278 1922 376 1988 dicit:
398 1926 441 1990 Et
455 1943 514 2005 ego
530 1925 608 2005 dico,
631 1925 715 2006 quod
730 1932 874 2006 ternpore
890 1925 1105 2006 apostolorum
1120 1916 1232 1993 melius
1253 1927 1376 1995 infinite

155 2030 362 2110 regebatur,
385 2044 478 2107 quam
499 2044 584 2089 nunc
605 2025 739 2105 regitur.
781 2025 824 2089 Et
846 2026 921 2106 quid
950 2032 1108 2107 repugnat
1130 2026 1267 2106 Christo,
1286 2030 1376 2110 'epuod

157 2147 245 2197 non
269 2127 402 2192 eandem
425 2124 493 2190 sine
516 2125 634 2190 talibus
648 2126 859 2190 monstruosis
875 2126 1041 2207 capitibus,
1064 2145 1145 2207 quae
1159 2146 1219 2191 nec
1239 2129 1377 2210 fuerunt,

157 2228 296 2296 1nelius
323 2226 487 2306 regularet
509 2244 568 2306 pcr
590 2243 665 2289 suos
689 2243 821 2289 veraces
841 2225 1037 2307 discipulos?
1058 2227 1226 2309 (quiajam
1236 2230 1379 2292 Joanaee

156 2327 394 2407 JXlllfuic
415 2325 583 2405 depositas,
608 2332 636 2385 et
652 2325 826 2405 Gregorius
847 2325 932 2387 XII
951 2334 1084 2388 cesserat
1112 2328 1176 2388 sive
1196 2330 1377 2393 condescen-

159 2427 274 2493 derat
303 2426 467 2506 papatui.)
511 2425 553 2489 Et
580 2442 654 2489 ecoe
682 2443 766 2490 nuno
795 2425 914 2489 nullum
942 2426 1006 2491 tale
1035 2433 1131 2507 caput
1161 2427 1324 2506 habemus,
1346 2438 1380 2497 et

164 2534 290 2593 tamen
312 2528 459 2593 Christus
481 2543 545 2590 non
577 2526 697 2590 desinit
730 2543 818 2590 suam
852 2527 1019 2591 eeclesiam
1051 2526 1210 2607 regulare.
1254 2529 1296 2595 Et
1330 2530 1378 2596 illi

166 2627 374 2699 deridebant
396 2645 478 2691 eum.
1034 2632 1038 2641 '

281 2780 310 2842 5.
336 2776 473 2857 ,Petras
501 2796 565 2837 aare
586 2774 655 2857 fait
683 2775 875 2839 craiaersalis
895 2784 1011 2858 pastor
1041 2778 1145 2840 auitam
1167 2777 1297 2860 Christi,
1327 2800 1382 2842 aec

173 2874 355 2940 Mancia
371 2877 546 2958 pontefea.“

286 2976 352 3037 Ista
370 2978 535 3053 propositio
557 2995 617 3036 non
639 2979 681 3036 cst
700 2977 734 3035 ira
755 2976 846 3051 libro,
867 2977 920 3035 sed
940 2977 983 3036 sic
1004 2981 1064 3036 slat
1083 2980 1224 3051 cereptum
1245 2984 1326 3055 cap.⁰
1347 2980 1383 3042 5⁰

182 3072 260 3138 folio
283 3074 333 3138 3⁰:
366 3079 455 3137 Patet
476 3079 603 3139 secundo
627 3094 663 3134 cx
684 3076 783 3134 verbis
805 3076 930 3147 Christi,
958 3078 1036 3150 quod
1058 3096 1116 3138 non
1138 3080 1272 3140 limitavit
1292 3083 1383 3140 Petro

178 3191 242 3247 Pro
260 3181 466 3259 jurisdictione
489 3187 580 3239 toturn
603 3178 749 3247 mundum,
772 3194 827 3236 nec
849 3184 962 3236 tanturn
983 3196 1069 3237 urnam
1090 3181 1278 3253 provinciam,
1302 3184 1382 3240 sinri-

176 3272 257 3341 liter
275 3299 332 3341 nec
355 3280 422 3339 aliis
444 3280 598 3352 apostolis.
643 3278 766 3350 Quidam
787 3283 883 3336 tamen
907 3293 1007 3336 corum
1028 3279 1129 3351 plures
1144 3282 1296 3358 regiones,
1320 3283 1382 3355 qui-

176 3372 255 3442 dam
277 3381 432 3455 pauciores
464 3388 673 3453 peragrarunt,
706 3378 939 3452 evangelisautes
972 3395 1093 3452 regnum
1125 3380 1183 3450 dei,
1213 3387 1245 3438 nt
1265 3381 1382 3453 Paulus,

175 3481 236 3544 (lui
260 3484 327 3557 plus
350 3482 484 3540 omnibus
506 3480 666 3549 laboravit,
695 3480 823 3538 visitavit
845 3480 1039 3551 corporaliter
1069 3485 1099 3538 ct
1120 3481 1264 3539 convertit
1283 3480 1384 3554 plures

171 3582 364 3642 Provincias.
406 3581 491 3641 Unde
523 3580 647 3639 cuilibet
668 3579 803 3651 apostolo
826 3579 873 3638 vol
895 3581 961 3652 ojus
983 3580 1092 3638 vicario
1114 3578 1169 3638 luit
1190 3579 1300 3640 licitum
1322 3587 1385 3641 tan·

172 3674 249 3739 lum
271 3683 308 3742 de
330 3682 441 3758 populo
470 3681 620 3739 volterra
647 3685 821 3739 convertere
849 3679 895 3738 vol
924 3679 1096 3738 confirmare
1121 3680 1153 3738 in
1179 3678 1237 3740 fide
1266 3682 1385 3759 Christi,

173 3783 328 3842 quantum
348 3780 505 3850 sufficeret,
528 3786 558 3840 et
578 3798 636 3839 non
658 3779 714 3839 suit
734 3780 882 3838 restrictio
902 3780 1133 3853 jurisdictionis,
1155 3782 1211 3841 nisi
1236 3799 1272 3839 cx
1294 3781 1386 3840 insul·

175 3864 321 3943 ficientia
342 3899 379 3942 ac.
1110 3893 1113 3897 ’

286 4033 317 4096 6.
341 4026 507 4110 „Apostoli
535 4035 563 4089 et
588 4028 693 4101 fideles
720 4027 897 4090 sacerdotes
925 4026 1049 4089 domiai
1074 4033 1199 4090 strenae
1223 4029 1259 4089 ia
1284 4045 1387 4088 neces-

176 4130 289 4191 ⁸ariis
316 4130 362 4192 ad
390 4128 525 4191 salutem
545 4127 733 4210 repedarunt
754 4127 924 4206 cerasiam,
945 4136 1112 4207 antequam
1127 4122 1235 4208 papae
1256 4128 1390 4208 officiam

180 4213 299 4291 fuera
324 4230 558 4292 introductum:
586 4231 631 4291 sie
650 4231 805 4311 facerent,
833 4228 989 4310 dejiciente
1010 4248 1070 4308 per
1099 4249 1219 4289 semme
1240 4225 1390 4308 possibile

175 4328 288 4403 espa,
308 4351 403 4410 rapace
423 4330 506 4390 diem
520 4329 667 4412 judieii.“
693 4329 827 4406 (Quarto
849 4336 1009 4406 sexterno,
1031 4327 1132 4408 primo
1155 4325 1254 4408 folio.)

295 4430 370 4495 Cum
402 4431 503 4496 lectus
535 4431 656 4510 fnisset,
690 4431 838 4494 dixerunt
862 4430 993 4493 iterum:
1017 4428 1099 4492 llaec
1122 4429 1302 4509 prophetat.
1346 4427 1389 4492 Et

186 4507 239 4584 M·
253 4528 391 4596 lomnes
402 4531 497 4596 dixit:
510 4532 576 4596 lino
588 4548 697 4594 verum
710 4536 768 4610 est,
781 4528 865 4612 quocl
877 4530 1012 4612 apostoli
1025 4528 1189 4594 ecelesiam
1200 4535 1274 4593 ante
1289 4527 1390 4592 intro·

189 4609 375 4697 ductionem
384 4631 564 4714 hujusmodi
573 4628 810 4714 officiipapatus
822 4630 1055 4696 inneccsseriis
1068 4628 1389 4695 adsalutemstrenne

1191 4745 1240 4799 20⁸
