2992 5258
199 394 258 460 156
440 394 633 449 decusationes
650 394 688 448 Μ.
706 394 732 448 J.
749 393 810 447 Hus
827 393 940 461 ejusque
958 407 1097 460 responsa.
1132 395 1155 446 1.

528 595 696 664 „Responsio
714 595 749 650 ad
766 594 881 664 primum
899 593 1067 679 articulum.“

298 731 347 796 Ad
359 732 494 813 primum
506 750 582 813 erge
601 730 779 809 articulum,
801 731 855 812 qui
877 729 970 795 dicit:
996 731 1056 805 „M.
1078 731 1170 796 Joan.
1193 730 1263 796 Hos
1285 748 1395 796 coram

198 834 282 897 omni
303 832 507 898 multitudine
529 833 638 915 populi
660 832 824 912 utriusque
840 849 936 896 sexus
950 830 1030 896 dixit
1052 837 1085 896 et
1106 830 1214 896 dicere
1236 849 1301 896 non
1322 848 1396 894 eru·

197 932 267 997 buit
288 938 399 997 contra
420 930 717 997 determinationem
740 936 868 995 sanctae
890 929 1001 995 matris
1023 930 1178 996 ecclesiae
1199 936 1232 996 et
1254 931 1394 995 sanctie-

196 1050 253 1096 nes
265 1033 409 1115 patrum“
430 1048 468 1096 sc.
494 1032 593 1098 reddo
609 1033 774 1111 rationem,
789 1033 934 1114 negando
955 1033 1059 1114 ipsum
1083 1038 1116 1097 ct
1137 1032 1272 1098 dicende
1287 1033 1393 1114 ipsum

195 1133 264 1199 tore
286 1133 412 1198 i'alsum:
441 1133 544 1216 prime
576 1152 615 1198 ex
635 1134 704 1209 hoc,
739 1133 811 1214 quia
842 1132 921 1197 nihil
953 1151 1059 1198 coram
1081 1134 1166 1198 omni
1191 1133 1398 1198 multitudine

196 1234 306 1316 populi
334 1232 413 1312 dixi,
450 1251 520 1297 cum
549 1251 613 1298 nen
640 1233 741 1298 omnis
763 1233 933 1299 multitudo
959 1234 1120 1299 hominum
1148 1233 1208 1299 tuit
1236 1233 1307 1316 ipso
1333 1231 1396 1309 die,

197 1351 259 1414 que
280 1333 470 1415 praedicavi,
492 1333 525 1397 in
547 1335 658 1414 Praga.
681 1332 752 1398 Non
775 1333 859 1398 enim
881 1352 987 1399 coram
1009 1334 1210 1400 multitudine
1226 1333 1397 1415 utriusque

197 1452 302 1513 sexus,
326 1452 406 1514 quae
429 1440 504 1499 tunc
525 1432 729 1513 interminae,
752 1433 871 1514 aliquid
886 1433 960 1513 dixi,
983 1452 1044 1499 nec
1060 1452 1166 1500 eoram
1180 1432 1397 1512 multitudine,

198 1550 279 1614 quae
300 1533 362 1599 fuit
384 1534 417 1598 in
439 1533 626 1612 Jerusalem,
650 1533 768 1615 aliquid
790 1532 871 1597 dixi:
894 1552 971 1614 erge
992 1551 1031 1599 sc.

458 1733 599 1801 „Secunda
616 1734 757 1803 responsio
779 1734 816 1788 ad
834 1734 949 1802 primum
966 1733 1135 1789 articulum.“

297 1868 442 1935 Secundo
464 1868 534 1934 dico
557 1869 625 1933 t'ore
655 1869 751 1935 istum
778 1870 946 1935 articulum
967 1869 1095 1949 salsum,
1128 1870 1202 1949 quia
1227 1869 1307 1934 nihil
1329 1870 1398 1935 dixi

198 1975 311 2036 contra
337 1968 634 2034 determinationem
662 1976 791 2034 sauctae
807 1970 917 2034 matris
940 1970 1103 2048 ecclesiae,
1126 1969 1183 2034 sed
1204 1970 1311 2051 potius
1331 1969 1400 2034 dixi

197 2075 325 2135 sanctae
348 2070 458 2134 matris
481 2070 633 2135 ecclesiae
669 2069 981 2147 determinationem,
1014 2070 1108 2135 istam
1140 2070 1399 2135 informationem

197 2168 363 2251 allegando
379 2188 418 2233 ex
433 2170 565 2235 coneilio
581 2169 788 2249 Triburiensi,
812 2189 892 2250 quae
907 2172 1037 2252 ponitur
1060 2177 1093 2235 1⁸
1118 2190 1168 2252 qu.
1184 2177 1219 2235 2⁸
1245 2191 1251 2234 :
1275 2171 1400 2235 dietum

198 2277 247 2335 est
277 2269 381 2336 solere
409 2271 441 2334 in
463 2270 651 2351 quibusdam
674 2271 751 2335 locis
773 2289 831 2352 pro
859 2272 1065 2354 perceptione
1095 2272 1253 2337 crismatis
1283 2289 1399 2357 numos

197 2371 275 2450 dari,
309 2370 457 2435 similiter
485 2390 542 2452 pro
575 2372 733 2454 baptismo
762 2380 795 2437 et
821 2373 1056 2436 communione:
1094 2373 1172 2437 haec
1201 2372 1398 2438 simoniacae

197 2472 340 2538 haeresis
360 2489 430 2536 esse
453 2471 611 2537 detestata
634 2479 685 2538 est
706 2479 817 2537 sancta
838 2472 975 2554 synodus
999 2479 1033 2538 et
1047 2472 1336 2552 anathematisavit,
1360 2480 1399 2538 ut

199 2572 240 2637 de
264 2577 372 2637 cetero
394 2590 453 2637 nec
475 2590 533 2653 pro
556 2571 766 2651 ordinatione,
799 2590 857 2637 nec
884 2591 942 2654 pro
972 2572 1120 2637 crismate
1152 2572 1202 2636 vel
1234 2571 1397 2654 baptismo

196 2672 248 2736 vel
271 2671 437 2753 sepultura
458 2673 508 2737 vel
530 2673 748 2737 communione
776 2672 896 2752 aliquid
918 2673 1073 2753 exigatur,
1107 2671 1165 2737 sed
1189 2673 1290 2753 gratis
1312 2672 1398 2738 dona

197 2770 315 2835 Christi
359 2770 499 2851 gratuita
531 2769 769 2851 dispensatione
806 2770 974 2835 donentur.
1019 2770 1060 2836 Et
1093 2777 1168 2836 tune
1203 2771 1278 2849 dixi,
1312 2773 1399 2855 qued

197 2872 374 2952 quicunque
408 2888 467 2953 pre
497 2871 705 2935 sacramentis
737 2871 902 2952 pecuniam
938 2871 1036 2951 exigit
1059 2877 1092 2936 et
1113 2871 1152 2936 ab
1175 2872 1397 2939 exactionibus

196 2970 354 3036 desistere
376 2990 439 3037 nen
462 2969 608 3048 intendit,
647 2979 680 3036 et
713 2973 902 3052 praesertim
924 2973 950 3036 si
974 2972 1072 3052 exigit
1094 2979 1127 3036 et
1148 2972 1333 3054 importune
1355 2972 1396 3039 ad

198 3069 336 3135 dandum
350 3090 509 3153 pauperes
524 3072 669 3152 impellit,
692 3072 825 3152 quilibet
848 3072 920 3137 talis
943 3078 976 3136 et
998 3091 1107 3137 omnes
1129 3074 1182 3153 qui
1206 3074 1287 3139 tales
1310 3080 1395 3152 sunt,

198 3177 255 3237 unt
277 3171 346 3237 falsi
369 3174 546 3255 prophetae
568 3173 732 3237 simoniaci
754 3178 788 3237 et
809 3178 1043 3252 consequenter
1064 3171 1230 3238 haeretici.

474 3371 582 3438 „Tertia
598 3372 738 3439 responsio
756 3371 791 3425 ad
811 3370 926 3424 eundem
943 3371 1113 3424 articulum.“
1166 3419 1170 3425 .

298 3506 407 3572 Tertio
434 3505 505 3571 dico
537 3507 634 3571 istum
662 3507 831 3571 articulum
866 3513 977 3571 contra
1011 3523 1061 3569 me
1096 3509 1295 3588 propositum
1325 3508 1395 3572 fere

198 3607 320 3687 laisum,
353 3607 427 3687 quia
458 3606 545 3683 dicit
579 3607 663 3688 quod
695 3608 728 3672 in
760 3608 819 3670 hoc
852 3606 916 3670 dixi
949 3612 1061 3671 contra
1092 3607 1396 3675 determinationem

199 3707 624 3787 sanctaematrisecclesiaa
648 3708 721 3788 quia
742 3707 805 3772 dixi
827 3726 889 3772 nen
906 3707 1087 3788 exprimens
1103 3715 1178 3772 tune
1200 3726 1260 3773 nec
1281 3709 1397 3776 distin·

199 3827 310 3890 gerens,
322 3815 429 3873 utrum
443 3815 517 3873 ante
527 3808 577 3873 vel
593 3816 666 3890 pest
680 3808 945 3873 ministrationem
960 3810 1397 3890 sacramentorumpecunias

199 3907 355 3989 exigendo
388 3916 422 3974 et
443 3909 484 3974 ab
507 3910 725 3974 exactionibus
748 3908 926 3990 lruJusmodi
957 3907 1114 3972 desistere
1136 3926 1200 3972 non
1223 3909 1397 3976 intendens

200 4015 286 4074 essct
314 4009 496 4075 haereticus
523 4027 561 4073 rc.
604 4010 687 4075 Ecce
716 4009 797 4088 dico,
829 4008 913 4090 quod
935 4008 1069 4074 dicendo
1095 4009 1397 4077 determinationem

199 4115 327 4175 sanctae
359 4109 471 4175 matris
504 4110 657 4175 ecclesiae
691 4109 919 4192 supradictam,
953 4127 1016 4173 nen
1044 4110 1225 4190 exprimens
1246 4116 1324 4176 ante
1347 4112 1398 4178 vei

199 4216 282 4291 post,
311 4228 375 4275 nen
397 4211 462 4275 dixi
484 4216 596 4275 eontra
618 4210 916 4275 determinationem
938 4214 1067 4274 sunctae
1097 4210 1207 4273 matris
1229 4211 1398 4287 ecelesiae,

200 4313 273 4392 quia
295 4320 371 4376 tunc
393 4311 609 4377 'triburiensis
631 4318 741 4376 saneta
772 4310 911 4392 synodus
944 4310 1078 4375 dixisset
1105 4316 1217 4375 eontra
1244 4308 1399 4377 oeterni-

199 4411 360 4477 natienem
382 4420 511 4478 sanctae
533 4414 644 4477 matris
667 4411 830 4491 ccclesiae,
854 4429 892 4476 ee
915 4411 998 4491 qued
1021 4417 1096 4475 tunc
1111 4408 1193 4475 dixit
1208 4428 1272 4475 non
1288 4411 1400 4495 expri-

200 4529 288 4577 mens
310 4531 368 4577 nec
390 4513 600 4593 distinguens
633 4520 739 4577 utrum
760 4520 835 4577 ante
858 4512 907 4577 vel
929 4519 1011 4593 post,
1046 4519 1079 4577 et
1108 4530 1167 4594 per
1196 4530 1400 4595 consequens

200 4613 284 4678 toret
306 4613 477 4679 haeretica
504 4613 547 4678 Et
569 4612 596 4676 si
619 4612 680 4677 ista
703 4613 783 4678 ratio
800 4612 1016 4677 accusantium
1027 4611 1226 4694 precederet,
1249 4612 1400 4679 dominus
