2992 5258
294 426 435 465 eearcere
453 411 525 479 apud
544 411 642 466 iratres
661 411 873 469 Praedicatores.
909 411 949 462 48.
971 411 1011 462 49.
1029 387 1068 461 50.
1238 410 1280 473 89

184 611 278 677 item:
300 612 423 689 Sciatis
447 614 532 695 quod
556 633 618 681 nou
639 613 768 690 habeut,
792 618 826 678 ut
848 615 990 692 aestimo,
1023 629 1192 691 gravamen
1206 628 1279 674 con-

81 722 208 792 trame,
232 731 324 794 quam
347 715 430 795 quod
443 715 559 780 bullam
581 714 620 780 de
633 717 795 780 erectione
812 716 914 779 crucis
927 711 1086 794 impedivi.
1109 710 1278 774 Ethabent

81 814 237 895 scriptum
265 816 377 894 metm,
401 815 485 899 quod
512 814 629 880 lectum
659 822 708 880 est
736 822 846 880 eontra
868 833 934 891 me3
959 820 992 876 ct
1014 829 1073 891 ego
1099 811 1277 891 recognovi.

182 914 326 981 &cundo
341 914 460 980 habeut
483 921 680 993 contrane,
703 916 787 997 quod
810 921 873 980 tam
896 914 949 979 din
964 914 995 977 in
1030 910 1279 977 excommnnica-

81 1015 166 1082 tioue
189 1015 244 1096 ini,
267 1022 300 1081 et
321 1015 456 1081 officiavi
477 1031 513 1079 st.
1063 1055 1066 1063 ι

179 1115 303 1196 Tertio,
327 1116 411 1197 quod
433 1116 590 1199 appellavi
612 1137 631 1182 a
653 1137 742 1198 papa.
766 1117 845 1181 Nam
863 1116 1010 1197 legerunt
1033 1111 1277 1195 appellationem

80 1234 186 1281 coram
214 1235 281 1295 me,
314 1235 406 1298 quam
437 1217 521 1282 laeto
550 1217 653 1282 animo
682 1223 715 1283 et
744 1217 877 1281 ridendo
906 1234 1010 1280 coram
1039 1213 1184 1278 omnibus
1213 1211 1277 1275 dixi

82 1317 148 1381 iore
171 1335 282 1382 meam.

179 1417 316 1497 Quarto,
347 1417 431 1498 quod
457 1418 571 1499 reliqui
602 1425 675 1499 post
702 1436 751 1482 me
774 1418 916 1496 literam,
947 1435 1027 1497 quae
1055 1416 1139 1480 lecta
1168 1415 1277 1478 estin

81 1517 276 1596 Bethlehem,
299 1537 391 1600 quarn
413 1516 504 1584 valde
527 1517 608 1582 male
630 1517 748 1582 inimici
770 1517 1004 1583 transtulerunt
1022 1524 1055 1580 et
1073 1513 1275 1596 interpretati

82 1624 163 1695 sunt,
188 1618 219 1682 in
242 1638 305 1700 qvia
327 1619 427 1701 posui,
450 1618 534 1700 quod
557 1637 635 1684 exeo
659 1619 727 1683 sine
750 1618 836 1684 salvo
859 1618 1024 1682 conductu.

178 1717 229 1784 Ad
251 1718 310 1784 hoc
334 1739 389 1783 vos
411 1720 532 1800 dicetis
555 1721 629 1801 quia
651 1738 710 1800 ego
733 1738 796 1784 uon
819 1719 923 1797 habui,
949 1736 1018 1783 cnm
1040 1716 1132 1796 exivi,
1154 1715 1273 1780 salvum

82 1818 268 1884 conductum
291 1839 402 1902 planiae.
430 1821 558 1900 lterum,
582 1821 656 1902 qnia
678 1820 806 1901 nescivi,
830 1838 870 1885 an
897 1837 953 1883 vos
975 1838 1097 1884 mecum
1120 1816 1275 1881 debuera-

81 1919 121 1982 tis
142 1920 240 1999 exire,
263 1920 388 2002 (iurando
411 1920 524 2003 scripsi
546 1920 632 1986 illam
653 1921 787 1987 literam.

176 2020 268 2099 Item,
293 2022 319 2085 si
341 2039 469 2103 possem
492 2021 608 2086 lraberc
631 2022 904 2103 protestationem,
927 2039 1007 2101 qnae
1040 2019 1169 2101 ponitur
1192 2020 1277 2085 circa

84 2121 317 2201 quaestionem,
340 2121 540 2202 qnamvolui
563 2121 792 2202 determinare3
815 2129 847 2187 et
876 2122 1065 2204 petitionem
1095 2119 1274 2185 audientiae

84 2219 194 2285 Petrus
217 2221 356 2303 scriptor
377 2227 485 2287 vester
506 2227 613 2304 potest
635 2221 815 2303 disponere.

176 2319 272 2399 item,
296 2321 322 2384 si
346 2320 474 2387 dabitur
495 2323 571 2386 milri
593 2321 764 2399 audientia,
789 2329 822 2386 ut
846 2327 918 2403 post
940 2322 1039 2404 ipsam
1063 2321 1099 2384 ll.
1123 2321 1190 2386 Rex
1215 2340 1277 2385 non

84 2420 244 2501 permittat
265 2440 316 2485 me
339 2422 461 2487 retrudi
484 2425 516 2487 in
539 2441 708 2501 carcerem,
738 2427 773 2487 ut
795 2423 913 2505 possim
936 2422 1077 2486 consiliis
1100 2421 1214 2485 vestris
1243 2429 1276 2485 et

84 2527 249 2592 amicorum
273 2529 319 2595 uti
347 2537 389 2608 et,
413 2531 440 2595 si
462 2530 523 2596 deo
546 2531 696 2613 placeret,
724 2531 842 2611 aliquid
858 2531 983 2596 domino
1006 2531 1074 2611 regi
1097 2530 1203 2593 dicore
1216 2547 1274 2610 pro

84 2627 160 2693 bono
183 2628 434 2696 Christianitatis
457 2638 490 2697 et
512 2649 578 2696 suo.

176 2743 230 2798 Ed.
249 2744 279 2797 in
296 2744 352 2815 lap
369 2745 449 2815 piiss.
469 2745 508 2799 H.
528 2743 573 2799 6¹⁶.
599 2747 667 2816 Opp.
687 2747 760 2813 Has,
778 2749 802 2809 Ι,
824 2745 858 2802 72
875 2757 900 2799 et
916 2743 962 2800 92.
982 2745 1082 2815 (Naue.
1101 2745 1236 2811 XLIX.)

579 2923 775 2932 -—--

638 3110 700 3184 50.

519 3301 840 3386 Eidem.

87 3511 141 3566 Hoc
168 3516 266 3567 literae
282 3518 386 3569 multas
409 3520 557 3583 variusque
584 3535 628 3568 res
651 3520 806 3569 continent:
834 3520 964 3586 inprimis
988 3519 1120 3570 declarat
1138 3517 1274 3584 M.2Hus,

86 3613 165 3665 repent
182 3603 274 3669 ipsum
298 3616 353 3651 esce
377 3601 558 3661 haereticum,
584 3603 609 3651 ci
632 3603 769 3653 articulos
792 3602 844 3662 „dc
867 3602 1026 3653 oblationc“
1045 3603 1200 3655 decutiens
1227 3603 1273 3661 sit,

88 3683 205 3744 miratur,
224 3700 315 3752 repom
332 3684 386 3735 sibi
403 3685 544 3736 auxilium
563 3703 618 3736 non
630 3685 723 3754 serre,
749 3695 838 3754 repat,
862 3695 891 3738 ut
908 3686 949 3739 M.
967 3687 1092 3739 loannes
1111 3686 1274 3739 Cordinalis

521 3772 630 3822 cautius
647 3787 675 3821 se
692 3779 772 3839 perot
790 3784 825 3825 ac.

55 4103 58 4109 ,
173 4038 335 4103 Hesterna
357 4043 450 4103 nocte
472 4040 562 4119 quasi
586 4045 654 4104 tota
677 4041 790 4122 scripsi
804 4041 1028 4122 responsiones
1051 4041 1090 4106 ad
1111 4040 1271 4118 articulos

84 4139 279 4217 quosPalecz
301 4138 457 4218 formavit,
480 4146 514 4204 et
535 4139 656 4205 directe
670 4140 793 4206 laborat
804 4140 843 4206 ad
856 4142 1150 4207 condemnationem
1162 4158 1270 4206 meam.

83 4235 161 4304 Deus
182 4239 244 4304 sibi
267 4247 386 4321 parcat
411 4245 443 4304 et
465 4259 514 4305 me
538 4241 703 4306 confortet.

172 4340 253 4404 Item
289 4340 456 4405 articulum
479 4341 518 4404 de
548 4341 707 4407 ablatione
738 4343 848 4408 dicunt
877 4362 949 4409 esse
979 4343 1183 4408 haereticum.
1221 4344 1272 4408 In·

81 4439 209 4505 sinuatis
232 4441 270 4504 D.
294 4441 381 4521 Regi,
406 4441 499 4523 quod,
523 4444 549 4506 si
567 4443 623 4507 ille
646 4444 798 4509 articulus
821 4463 879 4526 pro
901 4444 1026 4510 haeresi
1049 4444 1270 4510 condemnabi-

82 4544 139 4617 tur,
160 4548 235 4606 tnnc
257 4546 290 4606 et
310 4541 441 4622 ipsoex
463 4560 511 4623 eo,
534 4544 617 4623 quod
639 4544 808 4610 abstulerit
830 4545 989 4626 episcopis
1010 4545 1093 4609 bona
1113 4554 1271 4626 tempora·

80 4637 127 4720 lia„
149 4640 210 4706 imo
233 4648 266 4705 et
289 4647 383 4723 puter
403 4661 494 4724 snus,
517 4645 690 4727 imperator
712 4651 745 4710 et
762 4665 819 4711 rex
840 4645 1028 4726 Bohemiae,
1059 4644 1270 4711 condemnan-
