2992 5258
155 414 218 480 546
401 410 605 496 Controversiae
622 409 657 464 de
674 410 850 479 religionem
866 409 1010 465 Bohemia:
1028 411 1103 464 1415.

155 634 238 697 papa
259 615 307 679 ire
329 613 438 695 voluit,
465 612 568 677 eidem
583 612 704 678 salvum
718 613 909 678 conductum
923 612 1000 678 dare
1022 614 1192 680 recusavit
1213 612 1354 700 Insuper

157 715 325 782 cardinalis
361 715 462 779 sancti
496 713 622 794 iuguli,
656 732 715 795 per
736 732 849 796 papam
878 713 918 778 ad
939 713 1103 779 Franciam
1126 714 1285 795 directus,
1319 717 1353 782 in

157 818 306 883 comitatu
340 815 516 881 Sabaudiac
539 820 589 879 est
621 833 691 879 cum
714 815 859 896 pluribus
892 814 962 879 aliis
994 814 1153 879 detentus.
1198 816 1271 882 Alia
1292 834 1353 899 pro

155 936 239 989 nunc
259 916 426 982 scribenda
447 934 512 981 non
534 922 715 981 occurrunt.
754 915 871 980 Datum
893 915 1108 997 constantiae,
1131 915 1208 983 XIX
1231 917 1353 982 mensis

154 1017 282 1100 Aprilis.

650 1154 849 1165 m

624 1343 784 1417 n.

155 1539 335 1624 Kunczo
375 1539 428 1621 de
464 1536 612 1622 Zwola
653 1535 830 1621 decano
848 1548 891 1619 et
922 1537 1109 1646 capitulo
1141 1535 1351 1651 Pragensi

231 1677 368 1758 resin
395 1670 715 1772 Constantiensi
743 1672 922 1756 concilio
949 1683 1095 1783 gestas
1120 1673 1267 1757 refert.

549 1886 732 1953 constantiae,
753 1887 826 1952 1415,
844 1888 860 1938 2
878 1885 952 1939 Maii.

432 2157 476 2218 (E
492 2155 554 2209 MS.
572 2157 657 2223 cupit.
676 2153 765 2221 Pro-p.
786 2154 823 2206 D.
841 2153 886 2214 51,
900 2153 952 2223 foi.
971 2152 1070 2217 ms.)

792 2280 852 2289 ...—

154 2440 240 2509 „Alsa
257 2443 340 2495 litera
356 2441 464 2494 directa
474 2455 526 2507 per
539 2440 575 2494 l).
586 2437 765 2491 Kunczonem
782 2438 816 2490 dc
834 2436 941 2497 Zereia,
960 2438 1064 2491 decano
1082 2447 1108 2489 et
1126 2440 1253 2507 capitulo
1263 2426 1342 2494 aeolo

625 2524 684 2575 siae
703 2520 880 2589 remanens

252 2725 461 2790 venerabiles
483 2723 601 2788 domini
614 2731 647 2789 et
669 2724 845 2788 confratres
868 2723 1037 2789 carissimi!
1062 2723 1140 2789 Cum
1150 2722 1240 2805 alias,
1252 2725 1341 2806 juxta

154 2826 451 2893 determinationem
467 2824 607 2898 concilii,
630 2824 858 2889 ambasiatores
877 2825 1002 2890 concilii
1016 2824 1150 2890 ivissent
1163 2824 1207 2890 ad
1220 2844 1341 2907 papam,

151 2928 254 3010 ipsum
286 2927 319 2990 in
340 2925 472 3006 Frisago
505 2925 634 2990 civitate
665 2924 753 2988 ducis
785 2925 939 2990 Friderici
972 2925 1174 3003 invenerunt
1211 2932 1246 2992 et·
1277 2945 1343 2991 cum

152 3026 255 3091 eidem
276 3026 445 3091 commissa
466 3025 584 3090 eisdem
611 3043 669 3106 per
691 3025 857 3089 concilium
890 3025 1141 3106 proposuissent
1165 3027 1236 3107 ipse
1257 3026 1343 3104 dixit

152 3144 186 3190 se
219 3127 300 3191 velle
322 3146 419 3207 super
448 3126 621 3208 propositis
655 3124 833 3190 deliberare
857 3126 944 3190 etin
976 3127 1115 3191 crastino
1148 3126 1343 3209 respondere

151 3224 355 3291 sufficienter.
379 3227 446 3291 Isto
468 3227 695 3290 nonobstante
718 3227 750 3288 in
766 3227 904 3290 crastino
928 3227 959 3289 in
982 3226 1120 3291 diluculo
1142 3226 1208 3291 diei
1229 3227 1342 3292 abinde

151 3324 293 3404 recessit,
317 3332 350 3389 ct
365 3325 424 3389 ivit
445 3325 478 3389 in
493 3325 643 3407 oppidum
660 3327 843 3407 Niiemburg
870 3325 1011 3407 ejusdem
1025 3325 1125 3407 ducis,
1148 3345 1343 3410 consequen-

152 3432 202 3489 ter
223 3425 333 3490 volens
355 3425 402 3489 ire
425 3425 457 3488 in
479 3426 703 3505 Burgundiam,
728 3432 761 3491 et
783 3427 828 3491 sic
849 3428 1011 3508 aufugere.
1034 3427 1175 3493 Tandem
1196 3428 1262 3494 dux
1283 3429 1346 3493 Lu·

151 3525 280 3589 dovicus
316 3524 356 3588 de
379 3526 531 3604 Bavaria,
561 3527 660 3591 irater
687 3526 817 3607 reginae
846 3527 1018 3596 Francine.
1055 3528 1201 3608 pluribus
1235 3528 1345 3594 diebus

151 3624 291 3690 instabat
306 3644 382 3706 erga
395 3625 632 3689 serenissimum
650 3627 824 3707 principem
840 3645 948 3706 regem
963 3627 1131 3706 Ungariae,
1159 3635 1195 3693 ut
1209 3629 1345 3694 eundem

150 3724 262 3789 ducem
284 3725 433 3789 Austriae
466 3725 562 3789 vellet
584 3725 728 3806 recipere
761 3726 799 3790 ad
822 3727 973 3805 gratiam,
1011 3746 1080 3792 cnm
1112 3728 1290 3811 eodemque
1310 3738 1345 3795 ut

151 3831 344 3889 tractaretur
366 3824 405 3889 de
428 3826 613 3904 concordia;
636 3833 669 3890 et
694 3845 764 3890 cum
786 3828 819 3890 iu
841 3828 901 3892 hoc
921 3828 1116 3893 voluntatem
1137 3828 1240 3910 ipsius
1262 3829 1344 3910 regis

150 3924 355 3995 obtinuisset,
380 3926 515 3990 accessit
536 3925 576 3990 ad
598 3927 701 4007 ipsum
724 3926 835 3991 <lucem
858 3928 1005 3992 nustriae
1028 3935 1155 3995 etcum
1177 3930 1343 3997 code-min

150 4023 265 4089 effectu
287 4024 460 4107 disposuit,
493 4026 577 4106 quod
599 4045 712 4108 papam
734 4027 861 4091 reduxit
890 4028 1051 4093 viceversa
1071 4028 1105 4093 in
1126 4028 1279 4111 Friberg‚
1312 4036 1344 4094 at

149 4125 253 4207 ipsum
285 4124 401 4190 ibidem
424 4133 513 4191 tenet
545 4129 603 4191 snb
625 4128 709 4193 bona
741 4130 898 4207 custodia,
931 4131 993 4203 sic,
1027 4131 1111 4210 qrrod
1142 4130 1343 4198 nullomodo

149 4233 257 4307 potest
278 4226 448 4307 aufugere3
471 4231 594 4310 etipse
616 4231 679 4294 dux
701 4231 760 4295 snb
782 4232 868 4296 salvo
892 4232 1049 4296 conductu
1071 4231 1160 4313 regis
1182 4230 1337 4314 praedicti

150 4334 182 4391 et
215 4327 337 4391 concilii
360 4328 447 4392 venit
470 4329 530 4393 huc
552 4329 592 4394 ad
613 4330 775 4396 civitatem
798 4330 1013 4410 Constantine,
1036 4336 1069 4395 et
1090 4335 1158 4396 stat
1176 4331 1232 4397 die
1252 4330 1340 4397 hodi·

150 4443 228 4490 orna
241 4427 282 4490 ad
296 4427 471 4492 faciendam
496 4450 603 4510 pacem
626 4438 659 4494 et
674 4432 881 4496 concordiam.
908 4431 950 4498 nt
971 4432 1045 4512 quia
1061 4431 1146 4496 idem
1167 4450 1227 4498 rex
1240 4431 1340 4497 eidem

149 4525 287 4605 denegat
308 4528 459 4607 gratiam,
481 4530 544 4594 uisi
565 4537 639 4594 ante
662 4532 768 4595 omnia
789 4532 921 4598 reducat
941 4551 1064 4615 papam,
1088 4540 1239 4614 speratur
1258 4532 1339 4616 quod

149 4625 209 4689 hoc
240 4625 337 4690 faciet
358 4635 390 4692 et
421 4628 516 4694 laesis
542 4629 688 4711 iujuriam
721 4632 823 4712 passis
851 4632 1026 4699 satisfaciet
1054 4639 1087 4698 et
1107 4634 1246 4712 gratiam
1265 4633 1337 4700 dicti
