2992 5258
149 428 211 491 244
362 423 433 477 Petri
452 423 486 477 de
504 424 680 481 llladenonic
700 425 796 480 relatio
813 423 847 478 de
865 424 902 479 ll.
920 423 945 478 J.
964 423 1022 479 Has
1039 438 1135 478 eausa:

149 627 347 687 univcrsitatis
389 629 479 687 stadii
502 630 669 703 Propensis,
705 647 739 688 ac
775 629 897 687 aliorum
933 630 1096 702 principum
1133 636 1163 688 et
1198 628 1339 688 baronum

149 732 218 784 tanc
246 728 275 784 in
304 728 419 785 civitate
442 729 583 800 Pragensi
607 729 801 804 existentiam,
824 745 892 786 snas
915 734 1050 800 patentes
1072 730 1174 788 literas
1197 728 1226 787 in
1250 729 1341 788 latina

150 833 180 884 et
205 828 316 900 vulgari
342 828 479 885 idiomate
509 830 692 900 conscriptas
719 830 858 887 annexuit
890 830 1105 888 sententialiter
1136 836 1166 889 et
1187 830 1216 888 in
1239 828 1344 888 ellectu

149 928 341 996 continentes,
363 928 488 999 qualiter
508 929 572 999 ipse
594 928 639 986 iilr
670 930 696 990 J.
709 930 771 986 Hus
793 930 960 999 praedictus
974 930 1037 987 vult
1051 946 1222 1004 comparere
1238 945 1336 988 coram

149 1027 393 1085 reverendissimo
436 1035 519 1099 patro
564 1029 600 1087 D.
639 1031 774 1088 Conrado
817 1029 1038 1100 archiepiscopo
1071 1030 1215 1101 Pragensi
1257 1044 1343 1101 praa·

150 1125 227 1183 dieto
243 1133 273 1183 et
294 1128 427 1185 omnibns
449 1129 589 1198 praelatis
613 1146 647 1186 ao
669 1131 749 1187 clero
771 1129 854 1201 regni
875 1129 1033 1186 Bclrenriae
1049 1136 1117 1187 tune
1131 1129 1166 1187 ad
1183 1127 1344 1200 praelatam

150 1224 227 1281 diem
275 1228 304 1284 in
344 1228 422 1285 dicta
454 1230 570 1288 civitate
604 1229 747 1300 Pragensi
781 1246 835 1299 per
871 1229 977 1287 dictam
1010 1228 1047 1290 D.
1082 1229 1346 1301 Arclriepiscopam

150 1328 317 1385 commeatis
340 1334 370 1385 et
391 1329 586 1404 cougregatis,
609 1335 729 1399 paratam
747 1345 862 1399 semper
883 1329 920 1387 ad
936 1328 1166 1387 satisfactionem
1181 1329 1259 1387 omrai
1274 1344 1345 1400 pos·

150 1427 226 1484 renti
254 1442 318 1484 eum
345 1428 471 1486 reddere
498 1430 641 1486 rationem
671 1429 708 1487 de
738 1445 786 1498 ea,
815 1445 888 1501 qnae
915 1430 945 1487 in
971 1428 1037 1501 ipso
1070 1435 1124 1498 ost,
1146 1425 1204 1486 fide
1226 1434 1258 1486 et
1279 1444 1344 1505 spe,

149 1532 181 1583 et
208 1532 238 1583 at
261 1528 416 1585 videndum
443 1535 472 1586 et
509 1529 685 1587 audiendum
708 1545 807 1587 omnes
833 1535 863 1586 et
885 1527 1023 1600 singulos,
1046 1529 1095 1600 qui
1117 1527 1229 1585 erroris
1250 1529 1346 1599 perti·

151 1628 263 1684 naciam
285 1628 332 1685 vel
353 1627 498 1686 haeresim
521 1645 727 1701 ‹paamcumque
757 1629 903 1687 voluerint
931 1628 987 1687 sibi
1008 1628 1168 1700 imponere,
1190 1632 1225 1686 nt
1245 1643 1280 1687 se
1301 1628 1348 1686 in·

153 1727 284 1785 serilmnt
310 1728 418 1786 ibidem
446 1730 531 1801 juxta
558 1728 632 1799 lepis
660 1729 707 1787 dei
735 1736 764 1787 et
789 1730 863 1802 juris
894 1729 1077 1801 exigentiam,
1100 1730 1125 1786 si
1150 1744 1210 1786 non
1232 1728 1349 1787 erroris

152 1828 346 1897 pertinaciam
373 1829 419 1887 ael
446 1829 590 1887 haeresim
620 1829 649 1886 in
680 1845 744 1886 eum
772 1829 900 1900 legitime
929 1829 1125 1900 probaverint,
1154 1828 1193 1885 ad
1216 1844 1346 1899 poenam

149 1926 276 1997 talionis,
317 1929 422 2001 quibus
455 1929 589 1987 omnilms
628 1945 724 2013 coram
758 1930 835 1987 dicto
864 1929 899 1986 D.
932 1928 1164 1999 Archiepiscopo
1197 1935 1229 1987 ct
1260 1927 1348 1986 nobis

150 2042 184 2084 ac
200 2028 286 2087 etiam
308 2030 449 2100 praelatis
470 2029 500 2086 in
529 2030 662 2101 proximo
683 2030 814 2103 generali
837 2028 960 2088 coneilio
973 2028 1189 2087 Constantiensi
1212 2045 1278 2088 cum
1300 2027 1347 2087 dei

149 2127 257 2185 anxilio
279 2128 341 2188 vult
361 2130 549 2200 respondere,
568 2130 628 2201 jnri
647 2134 727 2189 stara
749 2135 779 2187 et
797 2130 881 2201 jnxta
897 2134 1062 2186 sanctorum
1084 2132 1200 2199 patrum
1223 2126 1342 2187 decreta

151 2236 183 2285 et
208 2244 335 2287 canones
365 2247 445 2288 snam
468 2230 662 2289 innocentiam
691 2230 720 2288 iu
745 2229 853 2288 Christi
881 2230 997 2287 nomino
1026 2228 1241 2286 demonstrare.
1275 2225 1343 2290 Post

151 2344 222 2399 quas
244 2327 359 2397 literas,
382 2330 457 2388 sicat
477 2330 685 2401 praemittitur,
708 2345 762 2400 per
784 2329 890 2387 dietum
919 2327 1087 2399 magistrum
1116 2327 1263 2385 Joannem
1285 2319 1341 2385 lius

150 2428 267 2498 publico
294 2427 358 2487 loco
387 2435 416 2487 et
446 2429 493 2487 die
521 2429 625 2501 quibus
648 2446 738 2500 snpra
762 2429 920 2504 intimatus,
952 2426 1050 2485 nullus
1071 2429 1220 2485 homiuum
1248 2440 1341 2486 eoram

148 2526 233 2585 nobis
246 2528 414 2599 comparuit,
426 2529 473 2599 qui
489 2528 651 2600 praelatum
667 2528 835 2601 iringistrum
846 2528 990 2585 Joannem
1002 2527 1064 2584 llus
1083 2526 1282 2597 denuntiaret,
1293 2524 1339 2583 vel

150 2627 244 2697 ipsum
258 2628 294 2685 de
306 2628 404 2700 aliquo
417 2645 517 2687 errore
529 2628 576 2686 sel
591 2628 709 2686 haeresi
721 2633 881 2690 accusaret,
900 2628 933 2684 ln
948 2642 1068 2700 quorum
1084 2626 1212 2684 omnium
1225 2626 1341 2685 evidens

151 2727 347 2785 testimonium
359 2735 531 2800 praesentes
547 2729 647 2787 literas
664 2727 726 2793 lieri
739 2728 879 2799 Jussimns
896 2733 926 2785 et
940 2726 1029 2799 sigilli
1044 2726 1138 2784 nostri
1152 2726 1341 2797 appressianc

152 2824 272 2884 serimus
306 2829 483 2887 communiri.
527 2828 633 2887 Datum
649 2829 762 2899 Pragae
795 2844 871 2885 anno
894 2827 1001 2885 domini
1024 2822 1279 2884 Miccccxlw
1299 2825 1342 2883 dic

152 2927 310 2997 penultima
331 2929 439 2986 mensis
462 2929 594 3001 Augtrsti.

250 3073 316 3138 Illis
338 3076 482 3140 omnibus
504 3076 550 3139 sic
573 3081 607 3140 ut
629 3074 810 3157 praefertur
832 3074 1035 3155 praehibitiS,
1059 3072 1163 3137 dictas
1186 3072 1232 3137 Μ.
1254 3072 1343 3138 Joau.

150 3172 220 3238 llus
255 3175 288 3237 in
320 3176 468 3240 comitiva
496 3175 648 3240 nobilium
680 3174 878 3239 dorniuorum
913 3173 1092 3237 Wenceslai
1121 3171 1161 3237 de
1194 3171 1289 3237 Duba
1313 3180 1346 3237 ct

150 3273 240 3338 Juarr.
264 3275 303 3339 de
323 3275 436 3339 Chlum
462 3274 609 3340 verricudi
631 3272 849 3339 Constantiam
882 3273 945 3338 iter
966 3272 1111 3354 arripuit,
1134 3279 1168 3338 ct
1188 3272 1252 3339 hoc
1268 3272 1346 3338 ieris

151 3374 263 3454 quinta
280 3380 355 3438 aute
377 3374 492 3439 festum
511 3374 541 3440 S.
554 3374 637 3439 Galli
657 3374 709 3457 (ll
725 3372 809 3457 Oct.)
832 3391 914 3438 anno
934 3372 1052 3437 domiui
1067 3370 1341 3437 medeamur.

251 3472 400 3552 Sequitur
426 3476 517 3556 copia
542 3474 667 3553 literae,
691 3491 784 3554 quam
805 3480 879 3538 ante
903 3490 1064 3537 recessum
1086 3490 1178 3536 suum
1199 3470 1244 3537 Μ.
1260 3470 1343 3537 llar-

151 3570 219 3635 tino
248 3571 417 3651 sigillatam
439 3573 619 3652 dimiserat,
653 3574 817 3637 insinuans
841 3573 961 3652 eidem,
990 3590 1032 3635 ue
1055 3570 1188 3636 eandem
1209 3570 1344 3653 aperiat,

152 3671 213 3734 nisi
243 3678 348 3736 certus
374 3672 472 3738 feeerit
492 3674 531 3738 de
554 3674 629 3751 hoc,
654 3675 737 3753 qnod
765 3674 807 3738 sit
828 3678 931 3737 morte
953 3690 1148 3753 quacumque
1171 3688 1345 3754 praeoccu-

152 3778 255 3852 patus
278 3790 358 3853 qaae
380 3775 524 3854 sequitur
545 3774 578 3837 ia
600 3774 680 3838 lraec
700 3775 815 3839 verba:

252 3874 397 3947 Magister
413 3875 549 3946 Martiae,
566 3874 658 3934 irater
675 3875 706 3933 in
719 3875 834 3935 Christo
849 3891 885 3935 sc.
901 3873 989 3950 (Vade
1000 3874 1078 3932 irater
1085 3872 1243 3946 Εριὶςίοῐαε
1253 3890 1284 3933 a.
1295 3872 1345 3949 38,

145 3989 220 4047 pap.
244 3970 310 4054 74.)

250 4137 372 4217 Litora,
400 4156 493 4220 quam
515 4138 632 4221 populo
655 4137 785 4220 reliquit
806 4144 879 4220 post
901 4136 1075 4202 discessum
1097 4153 1190 4200 suum
1211 4134 1347 4201 adilon-

152 4239 302 4303 stautiam
330 4238 569 4318 transmeando,
596 4257 676 4319 quae
703 4237 891 4302 mirabiliter
919 4236 979 4301 luit
1006 4234 1203 4317 transposita
1225 4236 1259 4301 ia
1272 4254 1346 4301 cou-

153 4337 225 4402 cilia
247 4337 280 4401 iu
301 4337 433 4403 latinum
454 4356 513 4420 per
533 4339 696 4403 sinistrum
719 4335 861 4415 modam,
885 4336 959 4416 quia
980 4334 1257 4416 dixerant‚·quod
1278 4336 1347 4417 ipse

153 4437 336 4519 reliquisset
367 4437 492 4502 lituram
524 4437 582 4502 sub
615 4437 671 4502 tali
693 4436 806 4517 torma,
839 4435 987 4500 videlicet
1009 4433 1092 4515 quod
1114 4434 1142 4497 si
1174 4434 1349 4513 contigerit

153 4556 203 4601 me
225 4536 388 4618 abjurare,
411 4538 542 4618 scitote,
565 4538 637 4619 quia
660 4537 720 4602 hoc
743 4535 931 4601 arefaciam
953 4542 988 4600 et
1008 4551 1071 4599 aon
1093 4533 1191 4599 corde
1213 4552 1350 4601 consen·

154 4637 237 4702 tiam.
261 4636 415 4702 Videatur
436 4637 542 4717 igitur,
565 4637 592 4702 si
614 4655 722 4702 eonrm
744 4635 941 4700 mendacium
963 4634 1171 4700 frustrabitur
1192 4652 1253 4717 per
1268 4634 1351 4703 douc
