2992 5258
154 409 216 474 684
395 409 600 467 controversiae
617 410 651 466 de
668 411 801 481 religione
815 413 845 469 in
861 413 1007 471 Bolseuda:
1026 418 1099 473 1418.

155 607 228 672 eike
250 610 328 693 ieby
351 611 479 677 wsicbni
510 614 666 694 menone,
694 615 833 698 poddani
858 637 878 684 a
903 619 1045 702 pilseinl
1067 618 1174 702 swy'ch
1196 619 1338 705 piisabs

148 703 249 791 ‘wiery
271 711 401 794 prizdni
428 715 625 797 propnstcui,
646 735 666 781 a
687 716 727 781 od
749 716 812 783 was
834 719 844 783 i
866 719 908 784 od
929 720 1024 785 wadio
1046 720 1170 804 koruny
1193 720 1335 786 odls'rteoi

154 810 228 875 sneli
250 811 333 895 by‘ti,
367 835 387 881 a
407 815 485 898 ieby
516 816 591 883 take
620 818 706 899 proti
728 818 806 884 naim
836 840 856 886 a
876 821 961 902 proti
984 823 1065 900 tem,
1098 821 1246 905 lsteiiiby
1269 820 1339 886 uam

154 911 230 976 tobo
259 912 430 994 pomihali‚
460 918 599 985 swetsks
621 919 706 984 rulra
726 919 737 983 i
769 919 838 985 liii
871 921 980 1004 wydin
1002 921 1068 1005 byl:
1091 921 1190 1005 tehdy
1212 921 1339 1005 byobom

155 1012 292 1077 nemohli
321 1017 447 1083 necbaii
477 1019 529 1083 ani
558 1020 657 1102 tilieti
685 1021 740 1086 sak
768 1020 880 1086 welike
911 1022 1016 1105 banby
1042 1022 1276 1100 eobowuosti3
1297 1022 1341 1087 ale

155 1111 307 1193 obychom
329 1116 435 1198 ncbyli
456 1119 582 1185 widieni
600 1119 695 1201 jakol
723 1122 837 1204 piietel
861 1120 1038 1191 sobrince
1058 1121 1230 1205 bludny'cb,
1252 1123 1340 1187 musi

118 1274 122 1285 ,
155 1212 311 1294 libychom
340 1218 482 1300 poslubni
514 1218 581 1302 by‘ti
622 1220 805 1302 pliksizanio
835 1221 962 1286 oierkwi
991 1221 1097 1288 swate.
1141 1220 1245 1305 (Tale
1272 1220 1339 1303 mili

156 1313 264 1379 bratie
292 1316 400 1398 slyiali
427 1338 509 1401 sme,
537 1323 574 1386 ie
597 1323 633 1385 se
655 1320 819 1404 osty'chsii,
854 1321 936 1404 bych
958 1320 1060 1404 twy'cb
1082 1319 1271 1388 diednllsdw
1292 1340 1339 1386 ne·

156 1415 266 1494 roduik
290 1421 364 1497 nez,
387 1422 424 1485 ie
437 1421 497 1486 bez
519 1422 580 1486 ind
606 1423 681 1505 rady
699 1424 750 1488 nic
765 1425 934 1489 nemienlm
949 1423 1084 1505 utiniti.)
1105 1422 1192 1489 ltals
1208 1423 1341 1506 proslmc

156 1515 166 1578 i
199 1519 418 1598 napomine'sme
448 1522 530 1588 distri
562 1522 716 1588 bratrslrd
742 1523 844 1603 liskr'r,
874 1524 934 1605 aby
965 1521 1190 1606 swrchupsane
1221 1522 1340 1604 nsocky

34 1664 38 1672 .
157 1616 233 1680 wdci
255 1618 309 1682 tals
331 1620 449 1700 zjewnb
480 1642 499 1688 a
530 1624 661 1690 oblasne
687 1643 856 1708 opraweny
880 1627 969 1708 byly,
1000 1625 1154 1707 abyehom
1176 1644 1227 1708 my
1250 1624 1343 1707 ijiui

156 1717 304 1784 knieiatn
333 1720 523 1789 kiesianslsi
544 1727 698 1792 nemosilo
728 1727 829 1792 wzieti
858 1728 926 1792 med
957 1726 1040 1808 proti
1070 1723 1271 1808 nepidteldm
1290 1724 1329 1790 lio

158 1818 239 1883 stela
261 1820 400 1887 swatdho
427 1823 659 1891 kiestanskelso
692 1846 711 1892 a
740 1826 865 1892 nabebo
887 1826 1116 1892 krdlowstwie.·

256 1918 326 1985 Diu
349 1942 373 1987 w
397 1923 535 2006 l’asowd,
562 1925 624 1991 den
645 1927 675 1992 S.
697 1926 852 2009 Barbory.

654 2113 845 2121 .---..-

256 2272 343 2338 sane
365 2275 434 2340 nro
456 2275 608 2356 Signum
630 2298 731 2344 were:
762 2279 858 2360 ,wel
880 2277 980 2361 scon
1003 2263 1097 2357 doen,
1117 2276 1238 2341 Nemee
1258 2275 1270 2340 i
1290 2274 1344 2340 ss-

158 2370 254 2451 cinit,
287 2377 323 2437 le
347 2373 446 2453 jedna
467 2376 498 2441 te
520 2379 642 2445 radosti
663 2399 682 2444 a
703 2382 778 2445 dasu
801 2378 967 2459 doceln'sm,
988 2377 1070 2459 lsdyi
1092 2375 1180 2442 budu
1202 2374 1343 2456 Wilslciy,

158 2469 247 2553 Husy
271 2475 392 2556 sopiti.“
437 2479 496 2542 Ale
527 2478 642 2561 biskup
675 2480 844 2563 Pasowslsy'
877 2481 959 2562 stojc
990 2478 1069 2562 pied
1090 2477 1228 2557 kralem,
1251 2494 1341 2542 nece:

161 2569 282 2650 ,llime
301 2574 335 2656 je
357 2578 462 2658 priliti,
481 2579 557 2660 jako
579 2579 735 2645 kacieie.“
759 2580 868 2664 Tehdy
890 2580 961 2647 krsl
983 2574 1136 2662 Sigmund
1157 2574 1339 2659 odpowede:

161 2669 236 2751 ,Ne
260 2692 299 2737 ne
322 2677 389 2754 tak3
414 2678 496 2745 nebo
525 2665 678 2746 Cechowe
705 2681 797 2764 nejsd
817 2680 901 2762 iesse
923 2682 1021 2764 praui
1043 2677 1174 2758 kacieii,
1192 2676 1290 2761 jedne
1310 2679 1344 2741 ie

158 2770 195 2834 ssi
218 2791 259 2838 na
280 2776 375 2840 wieie
397 2779 565 2860 pochybili.
587 2782 685 2847 Proto
714 2781 827 2846 kndiie
849 2781 978 2846 Wilsleii
1000 2799 1020 2846 a
1040 2778 1122 2845 Husi
1142 2778 1218 2861 maj(
1240 2778 1344 2861 topeui

157 2871 239 2954 by'ti,
272 2875 322 2939 ale
343 2878 513 2962 swetslrp‘m
535 2879 649 2962 pdndm
671 2882 681 2948 i
703 2879 879 2948 mesconem
902 2882 912 2946 i
934 2879 1097 2947 sedldlsdm
1126 2875 1179 2944 md
1204 2878 1241 2944 sd
1262 2878 1344 2945 milo

71 2992 75 3001 ·
158 2973 248 3038 scine
270 2974 358 3057 stati3
382 2978 444 3046 neb
463 2978 515 3061 jss'r
537 2981 643 3063 mndli,
665 2981 706 3065 by
725 2981 759 3064 je
781 2980 882 3048 Husie
903 2981 1003 3047 dobie
1025 2978 1147 3048 wedli.“

686 3181 703 3220 ²l¹
809 3183 826 3222 ²l¹

748 3227 765 3266 *

259 3393 436 3451 Serenissimo
462 3399 576 3469 principi
599 3403 627 3451 et
649 3399 774 3462 domiuo,
798 3398 824 3455 d.
842 3400 1004 3454 wenceslao
1027 3398 1085 3467 regi
1102 3410 1132 3452 st.
1156 3396 1237 3452 fratri
1260 3401 1346 3451 nostro

160 3476 266 3547 dilecto,
284 3496 333 3535 uos
345 3480 531 3549 Sigismundus
544 3485 587 3540 dei
604 3486 691 3556 gratia
704 3496 796 3540 reuse.
814 3485 929 3539 salutem
946 3488 1105 3539 nostramet
1121 3480 1222 3537 amoris
1240 3478 1347 3535 fraterni

159 3567 320 3630 perpetuum
336 3564 538 3621 incrementum.

260 3645 436 3704 Serenissims
453 3652 587 3721 princeps,
605 3651 690 3708 irater
701 3651 813 3707 dilecte!
831 3652 991 3721 Accepimus
1009 3649 1152 3721 epistolam
1168 3654 1287 3705 vestram
1298 3663 1347 3703 non

161 3729 337 3803 obsignatam,
355 3734 395 3789 sic
411 3734 447 3789 ad
464 3737 574 3791 verbum
598 3737 739 3804 scriptam:

260 3817 454 3884 ,Serenissimo
477 3821 591 3889 principi
608 3827 636 3874 et
653 3819 773 3888 domino,
800 3819 826 3876 d.
845 3818 1015 3888 sigismundo
1036 3818 1094 3886 regi
1110 3831 1142 3871 st.
1164 3816 1246 3872 insui
1262 3821 1348 3871 nostro

160 3901 306 3958 carissimo.
342 3903 520 3960 wenceslaus
543 3904 586 3958 dei
604 3905 692 3973 gratie
714 3921 764 3959 rex
781 3918 811 3958 oe.
830 3904 945 3959 salutem
962 3909 991 3958 et
1007 3901 1121 3958 fraterni
1138 3901 1241 3957 amoris
1258 3914 1348 3971 perpe

161 3991 236 4040 tuum
256 3986 458 4042 incrementum.

262 4071 438 4127 Sereuissime
455 4074 589 4142 princeps,
606 4072 693 4128 irater
710 4072 820 4127 dilectet
850 4072 925 4127 Sicut
941 4087 989 4126 vos
1006 4069 1041 4126 ad
1057 4085 1115 4137 nos,
1133 4084 1238 4139 uosque
1255 4068 1291 4124 sd
1306 4082 1350 4123 sos

162 4152 312 4222 legationes
329 4155 472 4224 aliquoties
489 4157 619 4219 misimus,
637 4164 665 4212 et
681 4158 813 4210 internos
829 4157 1004 4210 constitutum
1021 4160 1072 4222 est,
1089 4159 1120 4207 us
1137 4152 1350 4208 conveniremus:

162 4236 189 4291 id
207 4239 315 4306 quidem
333 4241 400 4295 satis
417 4241 464 4295 din
482 4242 706 4310 exspectabamus
733 4256 765 4294 eo
782 4240 894 4294 consilio
913 4254 999 4308 eaque
1017 4238 1136 4304 ratione,
1161 4242 1194 4292 ut
1211 4236 1246 4292 de
1263 4243 1352 4292 nostes

163 4322 292 4391 dignitate
316 4329 343 4378 et
360 4324 394 4380 de
411 4325 551 4382 commodo
573 4326 678 4395 imperii
701 4331 729 4379 et
745 4324 821 4391 regni
846 4323 930 4378 nostri
949 4322 1027 4378 etde
1046 4321 1183 4383 omnibus,
1209 4320 1351 4390 inquibus

162 4412 252 4461 vestro
269 4407 370 4462 auxilio
388 4409 465 4463 nobis
482 4425 550 4478 opus
568 4416 655 4477 esset,
684 4408 909 4475 deliberaremus,
936 4407 1051 4461 maxime
1074 4410 1165 4459 autem
1189 4409 1221 4459 ut
1237 4420 1351 4460 amorem

165 4489 312 4544 fraternum
330 4491 402 4547 inter
418 4510 467 4547 nos
485 4492 594 4547 undem
612 4492 802 4547 stabiliremus.
823 4490 900 4561 Quod
918 4498 1009 4545 autem
1026 4489 1062 4544 ad
1079 4504 1128 4544 nos
1146 4488 1308 4544 scribebatis
1320 4487 1351 4543 de

163 4574 234 4628 bouo
251 4581 341 4630 terrae
359 4582 387 4631 et
404 4577 480 4645 regni
492 4578 586 4644 nostri,
604 4577 638 4632 de
649 4575 802 4643 concordia,
820 4575 854 4630 de
871 4575 1029 4632 clericorum
1047 4573 1227 4642 dissensione,
1245 4587 1279 4628 ea
1295 4587 1352 4627 suu

164 4665 253 4715 vestro
270 4661 395 4729 consilio,
422 4663 445 4718 si
462 4663 527 4732 quid
544 4678 611 4732 opus
629 4662 695 4730 erit,
711 4661 830 4717 libenter
846 4660 981 4729 corrigere
997 4656 1137 4728 volumus,
1153 4657 1194 4715 ita
1210 4666 1242 4715 ot
1258 4672 1351 4730 sogam
