2992 5258
305 406 347 460 28.
381 402 503 460 Oddonis
520 403 555 460 de
573 405 704 460 Columna
722 405 819 460 literae
839 403 875 459 ad
891 405 1062 475 Zbyneoucm
1079 403 1170 460 datae.
1272 408 1334 476 407

132 610 261 695 juribus
276 615 320 701 ,et
341 610 545 675 munimentis
559 608 732 693 praedictis
753 608 940 691 reperimus
964 612 1114 674 contenta
1134 607 1167 672 in
1190 610 1334 675 commis·

136 714 226 780 sione
255 711 391 778 veritate
422 710 541 775 fulciri:
570 710 642 775 ideo
668 710 860 776 auctoritate
886 708 1070 790 apostolica,
1100 706 1191 775 uobis
1221 710 1254 774 in
1275 710 1335 777 hac

136 819 229 898 parte
251 812 425 892 commissa
448 810 622 894 praefatam
647 809 739 876 nobis
760 810 875 877 iactam
896 808 1150 876 commissionem
1171 828 1208 875 ae
1230 811 1335 876 omnia

137 921 170 980 et
185 913 310 994 singula
331 914 363 978 in
386 932 424 978 ea
445 917 597 978 contenta
619 910 709 976 vobis
731 909 907 976 reverendo
930 911 1015 993 patri
1030 909 1068 975 D.
1084 910 1333 993 archiepiscopo

137 1015 327 1097 intimamus,
359 1012 556 1079 insinuamus
598 1018 631 1077 et
663 1010 861 1077 notificamus
890 1010 994 1077 acad
1024 1017 1161 1075 vestram
1189 1010 1334 1077 notitiam

137 1113 321 1181 deducimus
354 1118 388 1180 et
419 1113 532 1179 deduci
572 1113 715 1179 volumus
748 1129 806 1193 per
838 1116 1035 1193 praesentes,
1067 1128 1187 1193 vosque
1222 1115 1333 1177 tenore

137 1214 356 1299 praesentium
388 1213 578 1295 requirimus
608 1220 641 1278 et
671 1230 835 1278 monemus
864 1213 975 1295 primo,
1004 1212 1153 1294 secundo,
1180 1211 1277 1278 tertio
1299 1218 1333 1277 et

137 1317 341 1399 peremtorie,
371 1314 523 1396 vobisque
551 1314 753 1379 nihilominus
783 1313 816 1377 in
838 1313 956 1378 virtute
978 1319 1107 1379 sanctae
1130 1313 1332 1379 obedientiae

138 1423 172 1484 et
199 1416 259 1482 sub
289 1414 499 1497 infrascriptis
530 1413 760 1480 sententiarum
787 1413 899 1495 poeuis
932 1408 1078 1479 districte
1107 1413 1332 1497 praecipiendo

138 1518 333 1597 mandamus,
363 1521 519 1598 quatenus
542 1515 573 1579 in
602 1515 731 1596 negotio
759 1514 849 1579 vobis
876 1533 934 1596 per
964 1514 1064 1580 ielicis
1103 1513 1332 1581 recordationis

138 1619 176 1685 D.
199 1616 413 1684 Alexandrum
435 1634 548 1699 papam
572 1615 598 1680 V
622 1615 798 1695 commisso,
829 1615 952 1696 dequo
975 1617 1007 1680 in
1030 1617 1229 1698 praescripta
1249 1632 1332 1682 com·

137 1719 288 1785 missione
309 1716 345 1783 lit
366 1717 494 1797 mentio,
513 1717 606 1799 juxta
627 1716 728 1798 ipsius
749 1715 787 1779 l).
810 1715 981 1781 Alexandri
1003 1736 1104 1798 papae
1136 1717 1165 1782 V
1187 1717 1332 1782 commis·

138 1819 237 1886 sionIs
260 1818 350 1884 vobis
372 1818 511 1900 desuper
531 1815 633 1882 iactae
656 1816 727 1895 vim,
750 1816 881 1881 formam
904 1823 938 1881 et
959 1823 1102 1882 tenorem
1124 1816 1334 1885 adulteriora

139 1920 329 2005 procedatis,
357 1935 591 2001 processusque
620 1936 678 2000 per
707 1934 764 1982 vos
791 1916 918 1983 habitos
947 1924 981 1982 et
1002 1917 1175 1998 habendos,
1197 1918 1334 1984 servatis

140 2011 315 2100 servandis,
340 2018 464 2100 quoties
487 2017 674 2101 expedierit,
696 2035 872 2098 aggravare
888 2019 1016 2098 curetis,
1038 2019 1223 2088 invocantes
1238 2019 1334 2085 etiam

138 2122 178 2188 ad
208 2121 277 2201 hoc,
306 2121 333 2185 si
363 2134 443 2201 opus
471 2120 577 2199 luerit,
607 2119 758 2189 auxilium
781 2118 901 2184 brachii
924 2119 1088 2200 secularis,
1110 2119 1334 2203 appellatione,

138 2222 178 2288 de
207 2239 270 2303 qua
298 2221 332 2284 in
354 2219 440 2286 dicta
461 2220 682 2285 commissione
703 2218 739 2284 tit
761 2221 890 2300 mentio,
913 2226 947 2285 et
968 2220 1030 2286 alia
1052 2237 1248 2303 quacumque
1269 2238 1334 2286 nou

139 2323 297 2389 obstante.
341 2321 489 2402 Alioquin
519 2321 608 2386 vobis
630 2321 667 2385 D.
689 2320 948 2404 Arcaiapiscopo,
979 2321 1029 2386 cui
1058 2321 1099 2386 ob
1122 2321 1334 2387 reverentiam

140 2432 267 2490 vestrae
288 2419 478 2505 pontificalis
500 2421 666 2502 dignitatis
695 2421 840 2486 duximus
869 2421 1090 2502 deferendum,
1123 2440 1180 2488 sex
1211 2422 1334 2490 dierum

138 2525 312 2590 monitione
334 2524 487 2589 canonica
508 2523 689 2605 praemissa,
712 2524 892 2603 ingressuro
914 2523 1067 2588 ecclesiae
1099 2523 1333 2605 interdicimus,

139 2625 166 2690 si
196 2642 273 2689 vero
302 2608 505 2690 interdictum
533 2622 712 2706 hujusmodi
734 2642 794 2708 per
815 2624 895 2689 alios
917 2642 973 2690 sex
996 2623 1080 2705 dies,
1102 2625 1263 2708 praelatos
1278 2642 1334 2690 sex

140 2727 321 2794 immediate
349 2732 530 2808 sequentes,
553 2726 780 2806 sustinueritis,
807 2743 864 2791 vos
897 2725 1120 2807 suspendimus
1151 2745 1171 2791 a
1201 2725 1333 2806 diviuis3

144 2847 254 2894 verum
276 2828 303 2893 si
325 2825 484 2910 praelatas
506 2826 670 2891 interdicti
692 2833 725 2891 et
746 2827 964 2909 suspensionis
985 2827 1160 2892 sententias
1182 2845 1241 2908 per
1254 2826 1333 2892 alios

141 2947 199 2995 sex
230 2928 308 3007 dies
329 2926 491 3010 praefatos
523 2925 689 2991 duodecim
712 2925 892 2991 immediate
915 2931 1095 3008 sequentes,
1118 2927 1334 2993 sustinueritis

139 3029 258 3108 aalma,
289 3027 374 3109 quod
405 3026 497 3106 absit,
528 3026 685 3106 indurato,
708 3044 764 3092 vos
786 3044 826 3089 ex
848 3044 932 3090 nune
953 3035 1049 3108 prout
1071 3045 1110 3091 ex
1133 3031 1216 3106 tunc,
1240 3035 1273 3093 et
1295 3046 1333 3093 ex

141 3136 219 3197 tunc
252 3135 349 3211 prout
381 3147 420 3193 ex
452 3146 537 3192 nnnc
569 3127 901 3192 excommunicationis
934 3129 1095 3193 sententia
1127 3129 1330 3208 innodamus;

140 3230 374 3299 absolutionem
404 3247 479 3294 vero
509 3229 647 3293 omnium
670 3234 703 3292 et
724 3228 929 3309 singulorum,
951 3228 1004 3310 qui
1026 3228 1186 3311 praefatas
1207 3237 1334 3296 nostras

138 3331 316 3398 sententias
337 3331 387 3395 vel
409 3348 518 3395 earum
539 3329 676 3411 aliquam
697 3329 892 3394 incurrerint
913 3346 970 3395 seu
991 3330 1170 3410 incurrerit,
1194 3348 1334 3413 quoquo·

139 3431 234 3499 modo
257 3431 349 3497 nobis
370 3431 421 3495 vel
443 3430 602 3512 superiori
624 3435 735 3497 nostro
757 3430 974 3496 tantummodo
996 3447 1205 3496 reservamus.

239 3532 276 3597 ln
309 3549 443 3612 quorum
477 3529 616 3595 omnium
649 3536 682 3594 et
707 3528 904 3611 singulorum
935 3528 1028 3596 lidern
1057 3537 1091 3597 et
1118 3532 1334 3598 testimonium

137 3633 387 3718 praemissorum
408 3635 596 3715 praesentes
618 3635 744 3695 nostras
767 3631 886 3712 literas,
920 3651 977 3697 sen
999 3649 1152 3714 praesens
1174 3632 1334 3716 publicum

138 3737 395 3812 instrumentum,
418 3730 599 3813 hujusmodi
621 3735 762 3796 nostram
784 3732 1036 3798 commissionem
1058 3732 1089 3797 in
1112 3750 1147 3797 se
1167 3733 1334 3799 continens

139 3842 196 3903 ant
227 3833 446 3914 continentes,
480 3832 594 3897 exinde
627 3830 709 3913 fieri,
743 3841 776 3898 et
806 3851 866 3916 per
887 3834 1042 3899 ioannem
1063 3835 1143 3914 iux,
1176 3835 1334 3901 notarium

138 3937 301 4022 publicum
325 3941 531 4016 nostrumque
563 3941 596 4000 et
628 3933 807 4016 hujusmodi
830 3953 943 4001 causae
966 3953 1073 4001 coram
1087 3934 1179 4000 nobis
1199 3935 1334 4000 scribam

138 4037 377 4119 infrascriptum
400 4035 557 4102 subscribi
580 4041 613 4101 et
624 4036 779 4118 publicari
801 4035 1027 4117 mandavimus,
1050 4036 1216 4118 uosnique
1238 4035 1334 4117 sigilli

135 4137 292 4221 jussimus
321 4136 523 4219 appensione·
543 4136 738 4202 communiri.
781 4136 914 4202 Datum·
927 4144 960 4203 et
981 4142 1085 4203 actum
1107 4136 1279 4215 Bononiae,
1301 4137 1334 4202 in

137 4238 233 4306 domo
255 4243 385 4303 nostrae
398 4236 614 4316 habitationis,
638 4237 697 4302 sub
712 4255 795 4303 auno
810 4257 829 4304 a
843 4238 1010 4304 nativitate
1025 4237 1144 4303 dornini
1155 4234 1333 4316 MCOCCX,

137 4337 314 4406 indictione
328 4337 385 4420 III,
407 4338 459 4403 dis
481 4356 557 4404 vero
579 4340 696 4419 Lunae,
720 4338 808 4405 XXV
829 4339 949 4405 mensis
963 4339 1108 4420 Augusti,
1130 4339 1209 4404 hora
1223 4354 1334 4420 vespe·

137 4458 249 4507 rorum
278 4440 329 4505 vel
354 4440 460 4522 quasi,
490 4438 692 4523 pontificatus
719 4440 910 4506 sanctissimi
944 4439 977 4504 in
1007 4438 1135 4506 Christo
1167 4439 1269 4522 patris
1301 4443 1335 4505 et

137 4541 259 4611 domini
292 4544 394 4608 nostri
416 4543 454 4607 D.
477 4541 612 4608 Ioannis
633 4540 740 4606 divina
761 4540 961 4625 providentia
988 4559 1090 4624 papae
1112 4540 1220 4606 XXIII
1242 4558 1334 4622 pras·

137 4643 215 4712 dleti
252 4661 336 4709 anno
372 4643 488 4727 primm
524 4643 747 4725 praesentibus
783 4642 900 4709 ibidem
938 4639 1114 4708 reverendo
1147 4642 1180 4705 in
1206 4639 1333 4707 Christe
