2992 5258
149 394 191 463 42
606 391 745 463 Epistulae
764 393 881 463 scriptas

150 597 181 657 Si
202 597 292 672 igitur
313 614 386 657 nune
409 597 534 671 capillus
557 613 615 657 non
637 598 754 670 peribit,
777 599 923 673 quomodo
944 599 1034 674 igitur
1056 597 1160 661 fideles
1183 600 1340 674 peribunt?

151 699 255 771 Quare,
278 699 436 770 carissimi,
469 698 555 760 fidem
577 714 687 770 veram,
721 715 803 772 spem
825 705 935 760 certam
957 699 1074 760 studeto
1096 718 1232 774 servare,
1264 708 1340 798 state

150 798 300 859 firmiter
291 818 321 859 uu
344 800 501 861 dilectione
524 800 606 860 verbi
634 800 696 871 dei,
730 807 761 860 ot
748 801 831 860 tilli
860 818 970 860 summo
1001 801 1151 862 desiderio
1173 803 1341 875 adhaerete,

149 902 302 960 audientes
326 916 392 971 eos,
423 918 495 975 quos
519 901 653 961 Salvator
674 900 757 961 vohis
778 901 872 973 misit,
905 907 937 961 ut
957 902 1169 977 evangelium
1160 903 1253 977 ipsius
1276 904 1341 963 siue

89 1012 92 1019 ’
148 1010 227 1062 metu
248 1009 418 1063 constanter
439 1003 516 1075 lupis
538 1002 694 1076 rapacibus
717 1010 747 1062 et
767 999 850 1063 salsis
881 1002 1034 1077 prophetis
1056 1006 1231 1064 resistentes
1254 1019 1341 1076 prae-

150 1102 254 1163 dicent
298 1102 344 1163 De
367 1103 473 1177 quihus
488 1102 621 1164 Christus
643 1104 681 1162 ad
704 1120 773 1164 suos
796 1102 898 1165 fideles
921 1105 1007 1166 dicit:
1030 1105 1124 1176 Multi,
1146 1105 1249 1178 iuquit,
1273 1103 1341 1164 falsi

149 1202 311 1276 prophetae
334 1203 452 1263 venient
484 1210 515 1263 et
547 1204 691 1264 seducent
719 1204 834 1264 multos.
878 1204 925 1264 Ab
951 1206 1011 1265 illis
1039 1205 1184 1279 praecipit
1205 1204 1340 1265 Christus

155 1301 292 1364 fidelihus
323 1321 427 1365 cavero
460 1312 490 1365 et
522 1305 621 1375 docet,
655 1305 799 1379 quomodo
822 1306 943 1380 agnosci
964 1306 1094 1378 possint,
1126 1304 1266 1366 videlieet
1287 1322 1341 1379 per

151 1404 268 1476 fructus,
291 1405 339 1478 qni
354 1412 423 1466 sunt
436 1406 584 1479 superbie,
598 1405 761 1477 fornicatio,
781 1407 910 1478 aventis,
928 1407 1058 1477 simonia,
1078 1390 1240 1467 contemtus
1254 1406 1338 1466 verbi

155 1505 203 1565 dei
232 1515 262 1566 et
283 1506 449 1579 persecutio
471 1503 608 1577 fidelium,
636 1506 789 1577 detractio,
812 1507 944 1578 ambitio,
975 1506 1055 1567 zelus
1077 1507 1264 1568 traditionum
1285 1507 1338 1568 hu·

156 1622 304 1666 manarum
324 1621 361 1671 at.

249 1707 322 1768 Nam
347 1708 422 1769 tales
444 1708 555 1769 hebent
581 1708 786 1769 vestimentum
816 1711 926 1781 ovium,
963 1710 1010 1783 qui
1040 1709 1163 1769 induunt
1184 1724 1290 1768 nomen
1312 1715 1344 1770 et

150 1807 277 1869 officium
299 1804 460 1870 Christiani
481 1809 621 1881 hominis,
650 1810 833 1870 ricitacum
855 1812 913 1871 sint
934 1811 1012 1871 intus
1034 1810 1095 1884 lupi
1117 1825 1249 1884 rapaces,
1272 1825 1342 1869 oves

151 1909 259 1969 Christi
279 1910 393 1969 laniant
414 1916 443 1970 et
458 1910 597 1971 lacerant.
619 1909 665 1970 De
687 1910 753 1970 istis
775 1909 851 1983 lupis
875 1910 1007 1970 Christus
1028 1910 1066 1969 ad
1090 1927 1158 1969 snos
1181 1909 1341 1981 discipulos

149 2009 262 2069 locutus
278 2016 338 2070 est:
359 2010 446 2081 Ecce,
467 2011 568 2085 iuquit,
591 2027 645 2084 ego
661 2027 713 2069 vos
739 2011 821 2072 mitto
844 2011 927 2084 quasi
942 2026 1011 2070 oves
1026 2011 1103 2070 inter
1118 2007 1213 2083 lupos.
1236 2011 1341 2069 Estote

150 2127 221 2185 erge
242 2111 402 2184 prudentes
425 2113 500 2172 sieut
522 2119 689 2186 serpentes,
726 2118 756 2172 et
777 2111 924 2185 simplices
958 2112 1033 2172 sicut
1062 2111 1221 2172 culumbae.
1266 2110 1341 2170 Pru·

150 2212 254 2272 dentes
276 2217 308 2270 ut
329 2213 395 2284 siut,
416 2212 484 2272 ideo
506 2213 589 2284 dicit,
621 2229 659 2272 ue
687 2213 744 2273 sibi
765 2214 914 2286 patiantur
938 2212 1048 2284 imponi
1077 2213 1153 2272 sicut
1175 2218 1339 2284 serpentes,

150 2313 231 2373 et‘iu
254 2329 285 2372 se
306 2319 394 2386 caput
416 2313 525 2374 Christi
547 2313 690 2373 occidere.
734 2313 888 2387 Simplices
909 2313 985 2375 sicut
1005 2313 1164 2384 columbae,
1186 2319 1218 2373 ut
1238 2313 1341 2373 crude·

150 2413 263 2472 litatem
284 2413 418 2485 luporum
440 2415 590 2487 patienter
609 2413 767 2487 perierant.
811 2416 874 2485 En,
906 2414 1067 2485 carissimi,
1096 2417 1157 2489 jam
1179 2413 1343 2474 evidentem

150 2515 285 2586 luporum
308 2514 587 2574 demonstrationem
609 2514 762 2586 hahemus,
794 2516 918 2587 iusuper
938 2519 970 2573 et
990 2514 1160 2585 doctrinam,
1187 2529 1224 2573 ns
1246 2515 1343 2587 patia-

149 2632 214 2674 mur
234 2631 288 2675 nos
311 2614 430 2675 abillis
453 2615 488 2675 de
510 2617 566 2693 viu¹
580 2615 690 2676 Christi
713 2616 821 2691 seduci,
847 2632 903 2689 qua
917 2616 1120 2676 contendimus
1142 2616 1179 2676 ad
1201 2615 1344 2676 eoelestia
1397 2650 1400 2655 ·

150 2717 250 2776 venire
272 2716 387 2789 gaudia.
432 2715 552 2777 Servate
577 2722 607 2776 et
628 2716 772 2776 custodite
796 2715 890 2786 iidem,
917 2733 1014 2789 spem,
1043 2718 1202 2787 caritatem,
1228 2714 1343 2775 humili·

149 2822 248 2888 tatem,
263 2800 520 2891 mansuetudinem,
532 2819 683 2894 justitiam,
698 2817 877 2888 modestiam,
901 2817 1129 2890 temperantiam,
1145 2816 1343 2887 sobrietatem,

150 2918 321 2991 patientiam
357 2925 388 2978 et
408 2919 482 2979 alias
504 2919 625 2980 mantes
658 2917 743 2977 bouis
778 2918 907 2978 moribus
935 2923 966 2978 et
988 2918 1126 2991 operibus
1159 2919 1233 2978 vitas
1255 2932 1343 2977 exor-

38 3042 40 3046 ⁴
150 3023 263 3079 nautes.
308 3018 441 3080 Gaudete
465 3021 495 3080 iu
517 3019 581 3090 hoc,
616 3018 692 3093 quod
716 3018 949 3090 persecutionem
977 3019 1134 3092 patiamini.
1177 3018 1251 3078 Nam
1273 3018 1346 3078 dicit

117 3184 121 3191 ,
151 3120 300 3179 Christus:
332 3119 429 3191 Beati,
463 3122 512 3194 qui
534 3120 621 3180 modo
645 3119 754 3197 lugent,
779 3135 846 3179 nam
860 3104 913 3179 'illi
934 3120 1163 3180 consolationem
1185 3118 1343 3178 habebunt

151 3221 243 3291 Beati,
275 3238 339 3281 cum
371 3237 422 3281 vos
455 3220 589 3282 homines
621 3220 750 3291 oderint,
784 3219 1074 3280 excommunicabunt
1106 3227 1192 3294 atque
1225 3221 1345 3294 ejicient

151 3328 274 3395 propter
294 3323 411 3383 verbum
435 3323 482 3382 dei
504 3322 791 3383 anathematizantes.
815 3319 948 3393 Gaudete
970 3320 1000 3379 in
1020 3319 1074 3378 illo
1097 3319 1152 3388 die,
1177 3318 1245 3392 qnia
1265 3335 1341 3378 mer·

151 3438 201 3482 ees
222 3428 321 3482 vestre
342 3424 466 3495 copiosa
486 3424 515 3481 iu
539 3423 632 3481 coelis
655 3427 710 3481 est.
753 3420 824 3493 Quis
845 3402 935 3495 igitur
955 3419 1070 3480 habeus
1093 3417 1187 3488 fidem,
1209 3434 1291 3491 spem
1315 3426 1346 3481 et

151 3524 318 3594 caritatem,
351 3540 440 3583 eausa
461 3525 506 3582 sui
536 3522 697 3583 salvatoris
720 3538 778 3581 uon
808 3527 918 3582 tautam
941 3522 1147 3582 coutumeliam
1169 3526 1200 3579 et
1220 3520 1347 3594 ignomi-

151 3620 229 3686 niam
251 3624 392 3696 patiatur,
422 3640 486 3682 oum
508 3624 547 3683 sit
569 3628 666 3682 cortus
688 3623 853 3696 centuplum
875 3624 905 3682 in
927 3623 986 3682 rita
1007 3630 1128 3682 aeterua
1149 3622 1345 3694 accepturus?

252 3724 335 3785 Haeo
348 3725 437 3799 igitur
452 3730 658 3797 exspectantes
673 3725 872 3794 memineritis,
895 3724 964 3798 quid
980 3724 1114 3784 Christus
1130 3723 1243 3792 dixerit,
1259 3724 1345 3797 quod,

150 3826 252 3898 inquit,
275 3826 332 3885 erit
353 3823 482 3895 afflietio,
505 3842 579 3900 quae
601 3840 658 3885 uon
682 3830 746 3885 erat
766 3825 803 3883 ab
825 3825 910 3884 initio
933 3825 1039 3895 muudi,
1061 3840 1156 3898 neque
1172 3824 1268 3884 futura
1289 3832 1345 3884 est

152 3926 211 3985 Cur
233 3925 283 3985 id'l
306 3924 429 3985 Causam
451 3926 516 3998 ipse
539 3926 692 3998 apostolus
714 3925 797 3985 dicit:
832 3924 916 3997 Quod
938 3925 1049 3994 reniet,
1080 3924 1188 3999 iuquit,
1221 3931 1344 3998 tempus,

152 4025 219 4085 dum
241 4041 341 4085 sanam
363 4026 525 4086 doctrinam
546 4027 678 4086 homiues
700 4043 759 4085 nou
779 4026 936 4098 recipient,
969 4024 1023 4084 sed
1052 4024 1089 4084 ad
1119 4042 1172 4085 sua
1193 4026 1343 4087 desideria

152 4127 367 4186 coacervabunt
387 4127 444 4188 sihi
466 4128 621 4201 magistros
645 4126 810 4200 prurientes
833 4141 927 4195 aures,
953 4125 1115 4186 aventato
1137 4131 1235 4186 autem
1256 4127 1345 4187 audi-

152 4231 212 4285 tum
233 4232 376 4297 evoment,
398 4233 428 4287 et
449 4227 487 4286 ad
510 4225 625 4287 fabulas
647 4232 834 4288 connectent.

252 4326 336 4386 Hauc
357 4327 541 4399 prophetiam
563 4328 656 4388 saneti
672 4327 755 4386 Pauli
778 4329 884 4387 vestris
906 4327 999 4387 oculis
1014 4327 1122 4387 videtis
1142 4329 1203 4400 jam
1216 4328 1344 4400 implori.

153 4427 228 4486 Num
249 4426 320 4486 alibi
341 4427 427 4487 dicit:
462 4427 577 4498 Omnes,
606 4428 655 4501 qui
676 4429 725 4499 pie
747 4429 844 4488 vivere
866 4431 967 4489 volunt
986 4429 1016 4488 in
1039 4429 1174 4505 Christo,
1206 4446 1344 4501 persecu·

153 4529 262 4588 tionem
285 4528 441 4600 patientur.
484 4529 570 4601 Impii
591 4534 688 4588 autem
710 4534 741 4588 et
761 4530 932 4590 seductores
953 4531 984 4589 iu
1007 4531 1091 4605 peius
1113 4527 1276 4601 proficient

253 4629 445 4703 Quapropter,
480 4629 638 4701 carissimi,
671 4629 911 4704 quemadmodum
933 4631 1066 4692 hortatur
1088 4635 1207 4691 sanetus
1229 4631 1343 4703 Petrus,
