2992 5258
611 407 750 477 Epistolae
770 409 886 478 scriptae

598 668 605 679 '
720 657 776 733 21.

494 847 989 961 Pragensibua

195 1061 341 1115 Discessere
358 1064 402 1115 sai
419 1080 480 1115 eom
492 1062 582 1133 faisse
600 1081 715 1118 caucam
733 1071 852 1135 exponit,
870 1067 944 1135 quod
963 1067 1064 1120 elasa
1080 1074 1261 1137 praeceptam
1279 1076 1305 1120 et

558 1150 709 1219 coemptam
727 1151 837 1204 imitari
853 1153 940 1205 vallet.

632 1318 863 1387 mmmmm

349 1483 490 1555 „Epistola
506 1485 609 1539 sexta.“

251 1620 293 1685 M.
314 1620 365 1686 Jo.
387 1617 465 1700 llus,
502 1620 535 1685 in
557 1639 613 1702 spe
645 1638 757 1685 servus
789 1621 905 1688 domini
926 1623 1004 1689 Jesu
1028 1622 1155 1704 Christi,
1189 1625 1345 1690 universis

150 1719 342 1786 amatoribus
354 1719 438 1802 ejus:
460 1727 662 1802 peccatorum
677 1722 903 1801 remissionem,
917 1723 948 1787 in
966 1723 1050 1788 bono
1065 1722 1345 1807 confirmationem,

151 1826 280 1903 etpost
306 1821 439 1888 salntem
462 1827 624 1888 aeternam
661 1822 810 1903 dignetur
842 1824 930 1889 vobis
958 1825 1099 1890 tribuere
1132 1834 1224 1908 pater
1255 1826 1345 1899 deus,

151 1920 338 1988 benedictus
361 1923 392 1988 in
414 1924 530 1989 secula.
1332 1978 1338 1991 .

251 2024 425 2090 Carissimi!
449 2023 711 2092 Commemoratio
733 2027 907 2092 nativitatis
928 2027 1044 2092 domini
1067 2028 1147 2107 adit3
1169 2046 1268 2109 quare
1290 2029 1346 2094 do-

151 2142 233 2189 mum
255 2131 393 2192 vestram
415 2126 600 2195 interiorem
633 2132 768 2210 purgate
797 2146 816 2193 a
847 2128 995 2210 peccatis,
1029 2133 1179 2210 quantum
1208 2128 1343 2210 amplius

151 2224 304 2306 sufficitis,
328 2227 459 2294 verbum
480 2227 531 2293 dei
554 2228 723 2309 diligenter
745 2247 781 2294 ac
803 2235 968 2311 gratanter
1002 2229 1183 2301 attendatis,
1220 2228 1344 2297 detrac-

151 2331 237 2391 tores
260 2345 384 2409 quoque
405 2329 533 2394 minime
554 2329 738 2410 advertatis,
760 2330 813 2410 qui
836 2335 955 2410 vetant,
977 2349 1017 2395 ne
1038 2348 1136 2413 super
1150 2347 1296 2396 sermone
1311 2330 1343 2394 in

152 2425 368 2511 B(ethlehem)
390 2429 567 2496 ambuletis.
590 2430 682 2495 Prius
704 2432 822 2498 etenim
833 2449 890 2497 vos
911 2437 1044 2513 propter
1064 2449 1115 2496 me
1128 2430 1344 2510 abducebant3

147 2529 212 2610 J‘am
226 2549 322 2596 cansa
336 2537 455 2612 carent,
478 2531 535 2596 sed
548 2538 697 2598 asserunt
717 2551 767 2598 me
787 2531 891 2614 lugam
912 2532 1010 2611 dare;
1030 2531 1114 2613 quod
1126 2531 1263 2597 libenter
1273 2529 1343 2610 leci,

149 2635 186 2693 ut
206 2648 383 2697 sermonem
405 2632 644 2715 exemplumque
665 2630 785 2698 Christi
807 2631 1033 2699 confirmarem.
1056 2632 1248 2712 Sermonem,
1271 2631 1345 2712 qnia

149 2731 244 2797 dixit:
267 2733 299 2798 Si
321 2750 498 2799 sermonem
519 2738 660 2798 vestrum
682 2733 714 2797 in
736 2724 870 2799 civitate
887 2753 950 2800 uua
970 2752 1034 2800 non
1055 2733 1264 2816 susceperint,
1297 2731 1344 2797 su·

150 2835 216 2914 gite
238 2833 271 2899 in
292 2834 395 2914 aliam,
418 2839 531 2899 euntes
553 2851 678 2916 quoque
699 2839 792 2900 extra
812 2835 970 2901 civitatem
1008 2835 1147 2900 excutite
1180 2834 1342 2915 pulverem

150 2933 188 3000 de
210 2934 344 3017 pedibus
365 2935 482 3000 vestris
503 2935 535 3000 in
557 2935 772 3001 testimonium
793 2935 865 3001 illis.
908 2935 950 2999 Et
971 2935 1047 3001 alibi
1069 2934 1160 3001 dicit:
1184 2933 1262 2999 Cum
1285 2951 1341 2999 vos

149 3037 309 3117 persecuti
331 3035 451 3100 fuerint
473 3035 503 3099 in
526 3054 590 3101 una
610 3035 748 3115 civitate,
771 3034 871 3117 fugite
893 3036 925 3101 in
947 3036 1049 3102 aliam.
1071 3035 1114 3102 Et
1135 3054 1205 3100 cum
1218 3052 1341 3100 excom-

149 3137 350 3202 municabant
371 3155 443 3202 eum
464 3142 499 3203 ct
512 3136 657 3202 occidere
679 3135 871 3218 nitebantur,
892 3136 1061 3218 aliquoties
1084 3135 1166 3218 fugit
1194 3141 1227 3201 et
1250 3153 1343 3218 prae·

149 3237 250 3319 cipue,
273 3237 355 3302 sicut
367 3236 477 3303 scribit
492 3238 542 3304 Jo.
567 3238 661 3321 capit.
676 3232 734 3302 102'
754 3256 824 3303 cum
839 3237 988 3303 volebant
1003 3256 1074 3302 cum
1089 3233 1344 3318 apprehendere,

149 3337 305 3417 quomodo
327 3338 425 3403 exivit
447 3337 486 3403 de
508 3339 653 3404 manibus
675 3356 783 3404 eorum
805 3343 839 3404 et
860 3338 994 3404 secessit
1016 3334 1288 3404 transdordanem
1312 3335 1344 3400 in

149 3437 233 3505 hunc
264 3439 378 3518 locum,
414 3437 467 3503 ubi
504 3441 593 3521 prius
623 3439 764 3505 loannes
796 3438 980 3521 baptizabat
1013 3443 1046 3503 et
1077 3437 1121 3503 ibi
1150 3435 1343 3503 morabatur.

148 3539 229 3604 ltem
251 3540 345 3622 capit
370 3539 424 3604 13⁰
445 3540 558 3605 scribit
579 3539 662 3604 idem
684 3540 834 3620 loannes,
858 3539 951 3620 quod,
973 3537 1047 3602 dum
1074 3538 1218 3604 occidere
1241 3537 1344 3620 ipsum

149 3633 412 3721 praetendebant,
431 3639 497 3721 jam
517 3658 582 3706 non
603 3639 788 3706 ambulabat
820 3640 852 3705 in
874 3640 978 3722 palam
999 3639 1084 3706 inter
1104 3638 1254 3718 ludaeos,
1287 3636 1345 3703 aed

149 3742 283 3819 secessit
304 3742 337 3806 in
359 3740 553 3823 provinciam
575 3743 666 3824 Juxta
688 3740 848 3807 desertum
880 3741 913 3806 in
946 3740 1115 3820 civitatem,
1151 3758 1232 3821 quae
1254 3757 1345 3806 voca·

102 3897 108 3908 .
148 3844 244 3910 batur
264 3840 392 3922 Effrem,
422 3847 456 3908 et
477 3841 520 3908 ibi
541 3841 724 3908 morabatur
746 3860 816 3907 cnm
838 3840 1000 3924 discipulis
1022 3840 1097 3905 suis.
1129 3838 1243 3906 Judaci
1265 3857 1343 3922 quo·

149 3962 211 4026 qne
233 3941 428 4026 quaerebant
449 3941 537 4009 illum
560 3949 593 4009 et
614 3942 824 4025 loquebantur
847 3942 969 4024 pariter
994 3943 1028 4006 in
1063 3939 1181 4024 templo
1217 3947 1342 4007 stantes

150 4052 184 4111 et
204 4043 361 4111 dicentes:
396 4043 477 4122 Quid
498 4050 549 4110 est
570 4043 638 4125 hoc,
661 4041 745 4125 quod
767 4061 831 4109 non
853 4043 942 4108 venit
972 4040 1012 4107 ad
1043 4040 1182 4107 festum?
1224 4039 1344 4106 Summi

150 4146 234 4211 enim
247 4145 408 4228 principes
430 4143 633 4211 sacerdotnm
645 4150 678 4210 et
689 4143 852 4210 Pharisaei
871 4144 1044 4226 jusserant,
1066 4148 1102 4208 ut
1122 4141 1264 4224 quisquis
1283 4141 1344 4207 sci·

149 4245 240 4326 verit,
264 4246 317 4313 ubi
339 4244 430 4326 foret,
453 4249 489 4310 ut
510 4243 696 4311 ostenderet
718 4261 797 4324 eum,
820 4248 854 4309 et
874 4242 1026 4326 capiatur.
1059 4241 1142 4308 Ecce
1162 4242 1209 4307 sic
1230 4241 1344 4308 scribit

148 4345 198 4411 Jo.
232 4347 302 4423 Non
335 4348 433 4429 igitur
453 4347 567 4410 mirum
590 4352 648 4424 est,
672 4342 756 4427 quod
777 4361 836 4424 ego
859 4343 1002 4427 exemplo
1025 4342 1094 4425 ejus
1115 4341 1190 4423 iugi,
1217 4346 1250 4407 et
1270 4341 1345 4424 quia

150 4448 373 4527 quaerit-tutet
384 4447 608 4527 colloquuntur
619 4444 812 4525 sacerdotes,
826 4443 1034 4525 similiterque
1049 4443 1112 4523 alii,
1126 4441 1179 4508 ubi
1198 4442 1258 4507 sim
1274 4459 1343 4525 ego.

151 4547 295 4629 Insuper,
319 4547 482 4626 carissimi,
506 4547 579 4628 quia
600 4544 822 4625 fugidoctrina
844 4534 972 4623 Christi,
1001 4548 1121 4608 utnon
1144 4542 1202 4606 sim
1226 4542 1344 4624 iniquis

150 4649 273 4714 occasio
306 4654 455 4714 aeternae
489 4646 716 4725 damnationis,
749 4645 845 4726 justis
868 4660 993 4725 quoquc
1015 4660 1110 4709 causa
1129 4642 1288 4723 passionis
1310 4647 1344 4708 et
