<?xml version="1.0" encoding="UTF-8"?>
<!DOCTYPE html PUBLIC "-//W3C//DTD XHTML 1.0 Transitional//EN"
    "http://www.w3.org/TR/xhtml1/DTD/xhtml1-transitional.dtd">
<html xmlns="http://www.w3.org/1999/xhtml" xml:lang="en" lang="en">
 <head>
  <title>
</title>
<meta http-equiv="Content-Type" content="text/html;charset=utf-8" />
  <meta name='ocr-system' content='tesseract 3.04.00' />
  <meta name='ocr-capabilities' content='ocr_page ocr_carea ocr_par ocr_line ocrx_word'/>
</head>
<body>
  <div class='ocr_page' id='page_1' title='image "./documentamagjoa00palagoog_0752.png"; bbox 0 0 2992 5258; ppageno 0'>
   <div class='ocr_carea' id='block_1_1' title="bbox 609 430 893 486">
    <p class='ocr_par' dir='ltr' id='par_1_1' title="bbox 609 430 893 486">
     <span class='ocr_line' id='line_1_1' title="bbox 609 430 893 486; baseline -0.004 0"><span class='ocrx_word' id='word_1_1' title='bbox 609 431 828 486; x_wconf 69' lang='lat' dir='ltr'><strong>additamentum</strong></span> <span class='ocrx_word' id='word_1_2' title='bbox 847 430 893 486; x_wconf 91' lang='lat' dir='ltr'><strong>lll.</strong></span> 
     </span>
    </p>
   </div>
   <div class='ocr_carea' id='block_1_2' title="bbox 732 688 762 750">
    <p class='ocr_par' dir='ltr' id='par_1_2' title="bbox 732 688 762 750">
     <span class='ocr_line' id='line_1_2' title="bbox 732 688 762 750; baseline 0 0"><span class='ocrx_word' id='word_1_3' title='bbox 732 688 762 750; x_wconf 88' lang='grc'><strong>8.</strong></span> 
     </span>
    </p>
   </div>
   <div class='ocr_carea' id='block_1_3' title="bbox 151 866 1341 1357">
    <p class='ocr_par' dir='ltr' id='par_1_3' title="bbox 151 866 1341 1357">
     <span class='ocr_line' id='line_1_3' title="bbox 251 866 1337 936; baseline -0.005 -11"><span class='ocrx_word' id='word_1_4' title='bbox 251 868 382 925; x_wconf 87' lang='lat' dir='ltr'><strong>Profiteor</strong></span> <span class='ocrx_word' id='word_1_5' title='bbox 409 885 442 925; x_wconf 73' lang='lat' dir='ltr'><strong>ex</strong></span> <span class='ocrx_word' id='word_1_6' title='bbox 466 868 547 923; x_wconf 85' lang='lat' dir='ltr'><strong>animi</strong></span> <span class='ocrx_word' id='word_1_7' title='bbox 572 868 714 935; x_wconf 86' lang='lat' dir='ltr'><strong>sententia,</strong></span> <span class='ocrx_word' id='word_1_8' title='bbox 736 883 788 934; x_wconf 90' lang='lat' dir='ltr'><strong>me,</strong></span> <span class='ocrx_word' id='word_1_9' title='bbox 814 868 939 935; x_wconf 91' lang='lat' dir='ltr'><strong>siquem</strong></span> <span class='ocrx_word' id='word_1_10' title='bbox 961 867 1134 936; x_wconf 83' lang='lat' dir='ltr'><strong>peregrinum</strong></span> <span class='ocrx_word' id='word_1_11' title='bbox 1156 866 1337 934; x_wconf 82' lang='lat' dir='ltr'>undecumque</span> 
     </span>
     <span class='ocr_line' id='line_1_4' title="bbox 152 950 1339 1021; baseline -0.004 -13"><span class='ocrx_word' id='word_1_12' title='bbox 152 953 293 1008; x_wconf 90' lang='lat' dir='ltr'><strong>oriundum</strong></span> <span class='ocrx_word' id='word_1_13' title='bbox 311 956 396 1009; x_wconf 91' lang='lat' dir='ltr'><strong>norim</strong></span> <span class='ocrx_word' id='word_1_14' title='bbox 423 955 520 1008; x_wconf 85' lang='lat' dir='ltr'><strong>virtute</strong></span> <span class='ocrx_word' id='word_1_15' title='bbox 538 951 698 1021; x_wconf 84' lang='lat' dir='ltr'><strong>praeditum,</strong></span> <span class='ocrx_word' id='word_1_16' title='bbox 726 952 772 1019; x_wconf 91' lang='lat' dir='ltr'><strong>qui</strong></span> <span class='ocrx_word' id='word_1_17' title='bbox 789 951 868 1006; x_wconf 90' lang='lat' dir='ltr'><strong>deum</strong></span> <span class='ocrx_word' id='word_1_18' title='bbox 895 952 980 1020; x_wconf 75' lang='lat' dir='ltr'><strong>magis</strong></span> <span class='ocrx_word' id='word_1_19' title='bbox 1006 951 1102 1020; x_wconf 81' lang='lat' dir='ltr'><strong>diligat</strong></span> <span class='ocrx_word' id='word_1_20' title='bbox 1124 959 1206 1020; x_wconf 87' lang='lat' dir='ltr'><strong>atque</strong></span> <span class='ocrx_word' id='word_1_21' title='bbox 1233 950 1339 1019; x_wconf 78' lang='lat' dir='ltr'><strong>diligen·</strong></span> 
     </span>
     <span class='ocr_line' id='line_1_5' title="bbox 151 1035 1339 1105; baseline -0.003 -13"><span class='ocrx_word' id='word_1_22' title='bbox 151 1039 204 1092; x_wconf 89' lang='lat' dir='ltr'><strong>tius</strong></span> <span class='ocrx_word' id='word_1_23' title='bbox 220 1039 356 1092; x_wconf 88' lang='lat' dir='ltr'><strong>honestati</strong></span> <span class='ocrx_word' id='word_1_24' title='bbox 374 1037 489 1103; x_wconf 71' lang='lat' dir='ltr'><strong>studeat</strong></span> <span class='ocrx_word' id='word_1_25' title='bbox 508 1052 588 1105; x_wconf 90' lang='lat' dir='ltr'><strong>quam</strong></span> <span class='ocrx_word' id='word_1_26' title='bbox 607 1035 691 1090; x_wconf 88' lang='lat' dir='ltr'><strong>irater</strong></span> <span class='ocrx_word' id='word_1_27' title='bbox 708 1051 792 1101; x_wconf 88' lang='lat' dir='ltr'><strong>meus,</strong></span> <span class='ocrx_word' id='word_1_28' title='bbox 808 1036 891 1101; x_wconf 81' lang='lat' dir='ltr'><strong>magis</strong></span> <span class='ocrx_word' id='word_1_29' title='bbox 910 1035 974 1089; x_wconf 89' lang='lat' dir='ltr'><strong>mihi</strong></span> <span class='ocrx_word' id='word_1_30' title='bbox 987 1051 1047 1089; x_wconf 91' lang='lat' dir='ltr'><strong>eum</strong></span> <span class='ocrx_word' id='word_1_31' title='bbox 1064 1037 1093 1089; x_wconf 88' lang='lat' dir='ltr'><strong>in</strong></span> <span class='ocrx_word' id='word_1_32' title='bbox 1110 1051 1201 1090; x_wconf 89' lang='lat' dir='ltr'><strong>amore</strong></span> <span class='ocrx_word' id='word_1_33' title='bbox 1220 1035 1339 1089; x_wconf 79' lang='lat' dir='ltr'><strong>intutum</strong></span> 
     </span>
     <span class='ocr_line' id='line_1_6' title="bbox 152 1118 1339 1190; baseline -0.005 -13"><span class='ocrx_word' id='word_1_34' title='bbox 152 1137 310 1190; x_wconf 86' lang='lat' dir='ltr'><strong>essequam</strong></span> <span class='ocrx_word' id='word_1_35' title='bbox 338 1120 457 1175; x_wconf 79' lang='lat' dir='ltr'><strong>fratrem.</strong></span> <span class='ocrx_word' id='word_1_36' title='bbox 491 1120 585 1188; x_wconf 88' lang='lat' dir='ltr'><strong>ltaque</strong></span> <span class='ocrx_word' id='word_1_37' title='bbox 603 1120 680 1187; x_wconf 91' lang='lat' dir='ltr'><strong>probi</strong></span> <span class='ocrx_word' id='word_1_38' title='bbox 698 1118 854 1174; x_wconf 77' lang='lat' dir='ltr'><strong>sacerdotes</strong></span> <span class='ocrx_word' id='word_1_39' title='bbox 879 1118 984 1187; x_wconf 74' lang='lat' dir='ltr'><strong>anglici</strong></span> <span class='ocrx_word' id='word_1_40' title='bbox 1002 1119 1087 1187; x_wconf 67' lang='lat' dir='ltr'><strong>mam&#39;s</strong></span> <span class='ocrx_word' id='word_1_41' title='bbox 1104 1120 1170 1173; x_wconf 89' lang='lat' dir='ltr'><strong>mihi</strong></span> <span class='ocrx_word' id='word_1_42' title='bbox 1187 1118 1263 1175; x_wconf 89' lang='lat' dir='ltr'><strong>cordi</strong></span> <span class='ocrx_word' id='word_1_43' title='bbox 1279 1128 1339 1172; x_wconf 87' lang='lat' dir='ltr'><strong>snut</strong></span> 
     </span>
     <span class='ocr_line' id='line_1_7' title="bbox 152 1202 1341 1274; baseline -0.002 -15"><span class='ocrx_word' id='word_1_44' title='bbox 152 1221 232 1273; x_wconf 88' lang='lat' dir='ltr'><strong>quam</strong></span> <span class='ocrx_word' id='word_1_45' title='bbox 264 1206 352 1274; x_wconf 81' lang='lat' dir='ltr'><strong>ignari</strong></span> <span class='ocrx_word' id='word_1_46' title='bbox 376 1203 530 1259; x_wconf 80' lang='lat' dir='ltr'><strong>sacerdotes</strong></span> <span class='ocrx_word' id='word_1_47' title='bbox 553 1203 679 1272; x_wconf 89' lang='lat' dir='ltr'><strong>Bohemi,</strong></span> <span class='ocrx_word' id='word_1_48' title='bbox 705 1210 733 1256; x_wconf 93' lang='lat' dir='ltr'><strong>et</strong></span> <span class='ocrx_word' id='word_1_49' title='bbox 750 1203 899 1258; x_wconf 83' lang='lat' dir='ltr'><strong>Germanus</strong></span> <span class='ocrx_word' id='word_1_50' title='bbox 923 1202 1022 1271; x_wconf 89' lang='lat' dir='ltr'><strong>probus</strong></span> <span class='ocrx_word' id='word_1_51' title='bbox 1045 1203 1133 1256; x_wconf 89' lang='lat' dir='ltr'><strong>carior</strong></span> <span class='ocrx_word' id='word_1_52' title='bbox 1159 1218 1239 1272; x_wconf 89' lang='lat' dir='ltr'><strong>quam</strong></span> <span class='ocrx_word' id='word_1_53' title='bbox 1261 1203 1341 1257; x_wconf 77' lang='lat' dir='ltr'><strong>statu</strong></span> 
     </span>
     <span class='ocr_line' id='line_1_8' title="bbox 152 1287 814 1357; baseline -0.005 -15"><span class='ocrx_word' id='word_1_54' title='bbox 152 1289 297 1357; x_wconf 88' lang='lat' dir='ltr'><strong>improbus.</strong></span> <span class='ocrx_word' id='word_1_55' title='bbox 334 1289 486 1354; x_wconf 78' lang='lat' dir='ltr'><strong>(fractatue</strong></span> <span class='ocrx_word' id='word_1_56' title='bbox 505 1287 537 1341; x_wconf 93' lang='lat' dir='ltr'><strong>de</strong></span> <span class='ocrx_word' id='word_1_57' title='bbox 555 1287 683 1354; x_wconf 81' lang='lat' dir='ltr'>decalogo</span> <span class='ocrx_word' id='word_1_58' title='bbox 700 1287 722 1354; x_wconf 87' lang='lat'><strong>1,</strong></span> <span class='ocrx_word' id='word_1_59' title='bbox 747 1289 814 1354; x_wconf 72' lang='lat' dir='ltr'><strong>lau.)</strong></span> 
     </span>
    </p>
   </div>
   <div class='ocr_carea' id='block_1_4' title="bbox 732 1485 825 1555">
    <p class='ocr_par' dir='ltr' id='par_1_4' title="bbox 732 1485 825 1555">
     <span class='ocr_line' id='line_1_9' title="bbox 732 1485 825 1555; baseline 0 -64"><span class='ocrx_word' id='word_1_60' title='bbox 732 1485 825 1555; x_wconf 26' lang='grc'><strong>9.,</strong></span> 
     </span>
    </p>
   </div>
   <div class='ocr_carea' id='block_1_5' title="bbox 150 1673 1339 2665">
    <p class='ocr_par' dir='ltr' id='par_1_5' title="bbox 151 1673 1339 1994">
     <span class='ocr_line' id='line_1_10' title="bbox 249 1673 1339 1743; baseline -0.005 -13"><span class='ocrx_word' id='word_1_61' title='bbox 249 1676 369 1730; x_wconf 88' lang='lat' dir='ltr'><strong>Tertium</strong></span> <span class='ocrx_word' id='word_1_62' title='bbox 387 1690 472 1743; x_wconf 80' lang='lat' dir='ltr'><strong>genus</strong></span> <span class='ocrx_word' id='word_1_63' title='bbox 495 1675 624 1729; x_wconf 76' lang='lat' dir='ltr'><strong>simoniae</strong></span> <span class='ocrx_word' id='word_1_64' title='bbox 647 1687 734 1741; x_wconf 88' lang='lat' dir='ltr'><strong>papae</strong></span> <span class='ocrx_word' id='word_1_65' title='bbox 753 1679 803 1734; x_wconf 86' lang='lat' dir='ltr'><strong>ost,</strong></span> <span class='ocrx_word' id='word_1_66' title='bbox 826 1673 849 1726; x_wconf 87' lang='lat' dir='ltr'><strong>si</strong></span> <span class='ocrx_word' id='word_1_67' title='bbox 868 1674 1007 1741; x_wconf 86' lang='lat' dir='ltr'><strong>episcopos</strong></span> <span class='ocrx_word' id='word_1_68' title='bbox 1030 1680 1060 1726; x_wconf 82' lang='lat' dir='ltr'><strong>et</strong></span> <span class='ocrx_word' id='word_1_69' title='bbox 1076 1673 1207 1740; x_wconf 89' lang='lat' dir='ltr'><strong>plebanos</strong></span> <span class='ocrx_word' id='word_1_70' title='bbox 1231 1675 1339 1742; x_wconf 86' lang='lat' dir='ltr'><strong>pecunia</strong></span> 
     </span>
     <span class='ocr_line' id='line_1_11' title="bbox 154 1755 1339 1828; baseline -0.003 -14"><span class='ocrx_word' id='word_1_71' title='bbox 154 1765 296 1828; x_wconf 88' lang='lat' dir='ltr'><strong>corruptus</strong></span> <span class='ocrx_word' id='word_1_72' title='bbox 319 1759 451 1813; x_wconf 75' lang='lat' dir='ltr'><strong>instituat,</strong></span> <span class='ocrx_word' id='word_1_73' title='bbox 495 1757 580 1826; x_wconf 83' lang='lat' dir='ltr'><strong>Cujus</strong></span> <span class='ocrx_word' id='word_1_74' title='bbox 597 1757 636 1810; x_wconf 91' lang='lat' dir='ltr'><strong>rei</strong></span> <span class='ocrx_word' id='word_1_75' title='bbox 665 1755 817 1824; x_wconf 83' lang='lat' dir='ltr'><strong>exemplum</strong></span> <span class='ocrx_word' id='word_1_76' title='bbox 850 1755 927 1811; x_wconf 88' lang='lat' dir='ltr'><strong>nohis</strong></span> <span class='ocrx_word' id='word_1_77' title='bbox 954 1757 1006 1810; x_wconf 90' lang='lat' dir='ltr'><strong>hac</strong></span> <span class='ocrx_word' id='word_1_78' title='bbox 1034 1762 1126 1810; x_wconf 82' lang='lat' dir='ltr'><strong>aetate</strong></span> <span class='ocrx_word' id='word_1_79' title='bbox 1149 1756 1293 1812; x_wconf 73' lang='lat' dir='ltr'><strong>manifesto</strong></span> <span class='ocrx_word' id='word_1_80' title='bbox 1313 1773 1339 1811; x_wconf 81' lang='lat' dir='ltr'><strong>aa</strong></span> 
     </span>
     <span class='ocr_line' id='line_1_12' title="bbox 151 1839 1337 1912; baseline -0.003 -15"><span class='ocrx_word' id='word_1_81' title='bbox 151 1842 257 1912; x_wconf 87' lang='lat' dir='ltr'><strong>obtulit,</strong></span> <span class='ocrx_word' id='word_1_82' title='bbox 274 1844 339 1911; x_wconf 90' lang='lat' dir='ltr'><strong>quia</strong></span> <span class='ocrx_word' id='word_1_83' title='bbox 349 1843 435 1898; x_wconf 87' lang='lat' dir='ltr'><strong>multa</strong></span> <span class='ocrx_word' id='word_1_84' title='bbox 452 1841 617 1896; x_wconf 80' lang='lat' dir='ltr'><strong>florenorum</strong></span> <span class='ocrx_word' id='word_1_85' title='bbox 634 1840 718 1894; x_wconf 89' lang='lat' dir='ltr'><strong>millia</strong></span> <span class='ocrx_word' id='word_1_86' title='bbox 736 1852 785 1908; x_wconf 87' lang='lat' dir='ltr'><strong>pro</strong></span> <span class='ocrx_word' id='word_1_87' title='bbox 797 1839 1030 1908; x_wconf 75' lang='lat' dir='ltr'><strong>archiepiscopatu</strong></span> <span class='ocrx_word' id='word_1_88' title='bbox 1048 1841 1178 1909; x_wconf 72' lang='lat' dir='ltr'><strong>Prageusi</strong></span> <span class='ocrx_word' id='word_1_89' title='bbox 1197 1840 1337 1896; x_wconf 88' lang='lat' dir='ltr'><strong>obtinendo</strong></span> 
     </span>
     <span class='ocr_line' id='line_1_13' title="bbox 151 1925 701 1994; baseline 0 -12"><span class='ocrx_word' id='word_1_90' title='bbox 151 1926 215 1982; x_wconf 86' lang='lat' dir='ltr'><strong>data</strong></span> <span class='ocrx_word' id='word_1_91' title='bbox 232 1926 353 1981; x_wconf 82' lang='lat' dir='ltr'><strong>vidimus.</strong></span> <span class='ocrx_word' id='word_1_92' title='bbox 389 1927 441 1993; x_wconf 84' lang='lat' dir='ltr'><strong>(De</strong></span> <span class='ocrx_word' id='word_1_93' title='bbox 458 1928 572 1982; x_wconf 89' lang='lat' dir='ltr'><strong>simonia</strong></span> <span class='ocrx_word' id='word_1_94' title='bbox 590 1926 612 1994; x_wconf 89' lang='lat' dir='ltr'><strong>l,</strong></span> <span class='ocrx_word' id='word_1_95' title='bbox 631 1925 701 1992; x_wconf 80' lang='lat' dir='ltr'><strong>tot.)</strong></span> 
     </span>
    </p>

    <p class='ocr_par' dir='ltr' id='par_1_6' title="bbox 150 2008 1337 2413">
     <span class='ocr_line' id='line_1_14' title="bbox 251 2008 1337 2079; baseline 0 -15"><span class='ocrx_word' id='word_1_96' title='bbox 251 2010 322 2065; x_wconf 85' lang='lat' dir='ltr'><strong>Num</strong></span> <span class='ocrx_word' id='word_1_97' title='bbox 339 2024 410 2078; x_wconf 89' lang='lat' dir='ltr'><strong>papa</strong></span> <span class='ocrx_word' id='word_1_98' title='bbox 433 2011 555 2078; x_wconf 89' lang='lat' dir='ltr'><strong>cuiquam</strong></span> <span class='ocrx_word' id='word_1_99' title='bbox 579 2010 637 2063; x_wconf 87' lang='lat' dir='ltr'><strong>sine</strong></span> <span class='ocrx_word' id='word_1_100' title='bbox 658 2016 737 2077; x_wconf 86' lang='lat' dir='ltr'><strong>pacto</strong></span> <span class='ocrx_word' id='word_1_101' title='bbox 760 2008 880 2077; x_wconf 78' lang='lat' dir='ltr'><strong>episcopi</strong></span> <span class='ocrx_word' id='word_1_102' title='bbox 898 2024 995 2063; x_wconf 89' lang='lat' dir='ltr'><strong>munus</strong></span> <span class='ocrx_word' id='word_1_103' title='bbox 1017 2008 1139 2076; x_wconf 84' lang='lat' dir='ltr'><strong>deleret,</strong></span> <span class='ocrx_word' id='word_1_104' title='bbox 1162 2011 1215 2064; x_wconf 91' lang='lat' dir='ltr'><strong>nisi</strong></span> <span class='ocrx_word' id='word_1_105' title='bbox 1231 2011 1337 2079; x_wconf 83' lang='lat' dir='ltr'><strong>pallium</strong></span> 
     </span>
     <span class='ocr_line' id='line_1_15' title="bbox 152 2091 1337 2163; baseline 0 -15"><span class='ocrx_word' id='word_1_106' title='bbox 152 2095 305 2162; x_wconf 87' lang='lat' dir='ltr'><strong>episcopale</strong></span> <span class='ocrx_word' id='word_1_107' title='bbox 323 2094 442 2147; x_wconf 81' lang='lat' dir='ltr'><strong>emerit?</strong></span> <span class='ocrx_word' id='word_1_108' title='bbox 458 2093 511 2149; x_wconf 91' lang='lat' dir='ltr'><strong>Pro</strong></span> <span class='ocrx_word' id='word_1_109' title='bbox 529 2093 684 2159; x_wconf 83' lang='lat' dir='ltr'><strong>Puchnllro‚</strong></span> <span class='ocrx_word' id='word_1_110' title='bbox 708 2092 753 2160; x_wconf 91' lang='lat' dir='ltr'><strong>qui</strong></span> <span class='ocrx_word' id='word_1_111' title='bbox 771 2091 933 2160; x_wconf 80' lang='lat' dir='ltr'><strong>Prageusem</strong></span> <span class='ocrx_word' id='word_1_112' title='bbox 956 2093 1219 2161; x_wconf 87' lang='lat' dir='ltr'><strong>archiepiscopatum</strong></span> <span class='ocrx_word' id='word_1_113' title='bbox 1236 2096 1337 2163; x_wconf 83' lang='lat' dir='ltr'><strong>assequi</strong></span> 
     </span>
     <span class='ocr_line' id='line_1_16' title="bbox 150 2176 1337 2246; baseline 0 -15"><span class='ocrx_word' id='word_1_114' title='bbox 150 2177 261 2245; x_wconf 88' lang='lat' dir='ltr'><strong>studuit,</strong></span> <span class='ocrx_word' id='word_1_115' title='bbox 280 2177 395 2246; x_wconf 88' lang='lat' dir='ltr'><strong>praedes</strong></span> <span class='ocrx_word' id='word_1_116' title='bbox 412 2184 498 2244; x_wconf 89' lang='lat' dir='ltr'><strong>erant,</strong></span> <span class='ocrx_word' id='word_1_117' title='bbox 511 2177 591 2231; x_wconf 88' lang='lat' dir='ltr'><strong>etiarn</strong></span> <span class='ocrx_word' id='word_1_118' title='bbox 609 2194 691 2246; x_wconf 89' lang='lat' dir='ltr'><strong>quum</strong></span> <span class='ocrx_word' id='word_1_119' title='bbox 709 2178 764 2231; x_wconf 89' lang='lat' dir='ltr'><strong>vita</strong></span> <span class='ocrx_word' id='word_1_120' title='bbox 780 2176 950 2242; x_wconf 85' lang='lat' dir='ltr'><strong>decessisset,</strong></span> <span class='ocrx_word' id='word_1_121' title='bbox 968 2176 1038 2230; x_wconf 86' lang='lat' dir='ltr'><strong>Khel</strong></span> <span class='ocrx_word' id='word_1_122' title='bbox 1056 2183 1085 2230; x_wconf 91' lang='lat' dir='ltr'><strong>et</strong></span> <span class='ocrx_word' id='word_1_123' title='bbox 1101 2177 1217 2233; x_wconf 80' lang='lat' dir='ltr'><strong>Maleiic</strong></span> <span class='ocrx_word' id='word_1_124' title='bbox 1233 2179 1337 2246; x_wconf 77' lang='lat' dir='ltr'><strong>aliique,</strong></span> 
     </span>
     <span class='ocr_line' id='line_1_17' title="bbox 150 2259 1337 2330; baseline -0.002 -16"><span class='ocrx_word' id='word_1_125' title='bbox 150 2266 179 2314; x_wconf 93' lang='lat' dir='ltr'><strong>et</strong></span> <span class='ocrx_word' id='word_1_126' title='bbox 195 2260 298 2314; x_wconf 82' lang='lat' dir='ltr'><strong>solvere</strong></span> <span class='ocrx_word' id='word_1_127' title='bbox 316 2259 457 2327; x_wconf 87' lang='lat' dir='ltr'><strong>pecuniam</strong></span> <span class='ocrx_word' id='word_1_128' title='bbox 479 2261 564 2313; x_wconf 89' lang='lat' dir='ltr'><strong>coacti</strong></span> <span class='ocrx_word' id='word_1_129' title='bbox 582 2267 668 2328; x_wconf 85' lang='lat' dir='ltr'><strong>orant,</strong></span> <span class='ocrx_word' id='word_1_130' title='bbox 692 2276 852 2329; x_wconf 86' lang='lat' dir='ltr'><strong>quamquam</strong></span> <span class='ocrx_word' id='word_1_131' title='bbox 870 2260 916 2314; x_wconf 92' lang='lat' dir='ltr'><strong>ille</strong></span> <span class='ocrx_word' id='word_1_132' title='bbox 935 2259 1010 2313; x_wconf 91' lang='lat' dir='ltr'><strong>nullo</strong></span> <span class='ocrx_word' id='word_1_133' title='bbox 1027 2276 1061 2313; x_wconf 86' lang='lat' dir='ltr'><strong>ex</strong></span> <span class='ocrx_word' id='word_1_134' title='bbox 1080 2261 1238 2330; x_wconf 80' lang='lat' dir='ltr'><strong>episcopatu</strong></span> <span class='ocrx_word' id='word_1_135' title='bbox 1255 2261 1337 2316; x_wconf 80' lang='lat' dir='ltr'><strong>hnctn</strong></span> 
     </span>
     <span class='ocr_line' id='line_1_18' title="bbox 150 2343 1337 2413; baseline 0.002 -15"><span class='ocrx_word' id='word_1_136' title='bbox 150 2351 276 2412; x_wconf 87' lang='lat' dir='ltr'><strong>percepto</strong></span> <span class='ocrx_word' id='word_1_137' title='bbox 294 2359 381 2411; x_wconf 92' lang='lat' dir='ltr'><strong>neque</strong></span> <span class='ocrx_word' id='word_1_138' title='bbox 403 2343 521 2412; x_wconf 89' lang='lat' dir='ltr'><strong>episcopi</strong></span> <span class='ocrx_word' id='word_1_139' title='bbox 539 2360 636 2398; x_wconf 90' lang='lat' dir='ltr'><strong>munus</strong></span> <span class='ocrx_word' id='word_1_140' title='bbox 654 2346 792 2413; x_wconf 80' lang='lat' dir='ltr'><strong>ingressus</strong></span> <span class='ocrx_word' id='word_1_141' title='bbox 810 2351 931 2400; x_wconf 91' lang='lat' dir='ltr'><strong>mortuns</strong></span> <span class='ocrx_word' id='word_1_142' title='bbox 952 2350 1001 2399; x_wconf 81' lang='lat' dir='ltr'><strong>est</strong></span> <span class='ocrx_word' id='word_1_143' title='bbox 1035 2343 1255 2412; x_wconf 77' lang='lat' dir='ltr'><strong>(1402)(1hid.1‚</strong></span> <span class='ocrx_word' id='word_1_144' title='bbox 1272 2345 1337 2408; x_wconf 83' lang='lat' dir='ltr'><strong>tue.)</strong></span> 
     </span>
    </p>

    <p class='ocr_par' dir='ltr' id='par_1_7' title="bbox 151 2428 1336 2665">
     <span class='ocr_line' id='line_1_19' title="bbox 247 2428 1336 2497; baseline -0.001 -16"><span class='ocrx_word' id='word_1_145' title='bbox 247 2428 309 2482; x_wconf 81' lang='lat' dir='ltr'><strong>lam</strong></span> <span class='ocrx_word' id='word_1_146' title='bbox 327 2442 389 2482; x_wconf 86' lang='lat' dir='ltr'><strong>vero</strong></span> <span class='ocrx_word' id='word_1_147' title='bbox 407 2444 488 2495; x_wconf 93' lang='lat' dir='ltr'><strong>quum</strong></span> <span class='ocrx_word' id='word_1_148' title='bbox 511 2429 652 2496; x_wconf 87' lang='lat' dir='ltr'><strong>episcopus</strong></span> <span class='ocrx_word' id='word_1_149' title='bbox 675 2430 731 2482; x_wconf 87' lang='lat' dir='ltr'><strong>vita</strong></span> <span class='ocrx_word' id='word_1_150' title='bbox 748 2429 878 2496; x_wconf 87' lang='lat' dir='ltr'><strong>decessit,</strong></span> <span class='ocrx_word' id='word_1_151' title='bbox 902 2430 1062 2497; x_wconf 84' lang='lat' dir='ltr'><strong>quicumque</strong></span> <span class='ocrx_word' id='word_1_152' title='bbox 1086 2443 1116 2482; x_wconf 90' lang='lat' dir='ltr'><strong>se</strong></span> <span class='ocrx_word' id='word_1_153' title='bbox 1135 2429 1245 2496; x_wconf 84' lang='lat' dir='ltr'><strong>assequi</strong></span> <span class='ocrx_word' id='word_1_154' title='bbox 1263 2443 1336 2496; x_wconf 81' lang='lat' dir='ltr'><strong>posse</strong></span> 
     </span>
     <span class='ocr_line' id='line_1_20' title="bbox 151 2512 1335 2582; baseline -0.004 -16"><span class='ocrx_word' id='word_1_155' title='bbox 151 2518 249 2579; x_wconf 77' lang='lat' dir='ltr'><strong>sperat,</strong></span> <span class='ocrx_word' id='word_1_156' title='bbox 266 2512 384 2580; x_wconf 80' lang='lat' dir='ltr'><strong>episcopi</strong></span> <span class='ocrx_word' id='word_1_157' title='bbox 403 2528 500 2566; x_wconf 90' lang='lat' dir='ltr'><strong>munus</strong></span> <span class='ocrx_word' id='word_1_158' title='bbox 512 2519 616 2580; x_wconf 83' lang='lat' dir='ltr'><strong>captat3</strong></span> <span class='ocrx_word' id='word_1_159' title='bbox 634 2512 708 2566; x_wconf 81' lang='lat' dir='ltr'><strong>uelut</strong></span> <span class='ocrx_word' id='word_1_160' title='bbox 725 2531 806 2582; x_wconf 92' lang='lat' dir='ltr'><strong>quum</strong></span> <span class='ocrx_word' id='word_1_161' title='bbox 825 2513 1065 2581; x_wconf 84' lang='lat' dir='ltr'><strong>dominustyuco</strong></span> <span class='ocrx_word' id='word_1_162' title='bbox 1082 2513 1182 2566; x_wconf 86' lang='lat' dir='ltr'><strong>heatae</strong></span> <span class='ocrx_word' id='word_1_163' title='bbox 1200 2512 1335 2567; x_wconf 77' lang='lat' dir='ltr'><strong>memoriae</strong></span> 
     </span>
     <span class='ocr_line' id='line_1_21' title="bbox 151 2596 1334 2665; baseline 0 -17"><span class='ocrx_word' id='word_1_164' title='bbox 151 2597 206 2649; x_wconf 84' lang='lat' dir='ltr'><strong>vita</strong></span> <span class='ocrx_word' id='word_1_165' title='bbox 228 2596 372 2651; x_wconf 77' lang='lat' dir='ltr'><strong>defunctus</strong></span> <span class='ocrx_word' id='word_1_166' title='bbox 397 2604 478 2664; x_wconf 83' lang='lat' dir='ltr'><strong>esset,</strong></span> <span class='ocrx_word' id='word_1_167' title='bbox 503 2597 733 2665; x_wconf 80' lang='lat' dir='ltr'><strong>vigintiquatuor</strong></span> <span class='ocrx_word' id='word_1_168' title='bbox 761 2598 950 2665; x_wconf 87' lang='lat' dir='ltr'><strong>competitores</strong></span> <span class='ocrx_word' id='word_1_169' title='bbox 979 2612 1060 2650; x_wconf 86' lang='lat' dir='ltr'><strong>unurn</strong></span> <span class='ocrx_word' id='word_1_170' title='bbox 1082 2596 1334 2664; x_wconf 79' lang='lat' dir='ltr'><strong>archiepiscopatum</strong></span> 
     </span>
    </p>
   </div>
   <div class='ocr_carea' id='block_1_6' title="bbox 150 2679 1238 2750">
    <p class='ocr_par' dir='ltr' id='par_1_8' title="bbox 150 2679 1238 2750">
     <span class='ocr_line' id='line_1_22' title="bbox 150 2679 1238 2750; baseline -0.002 -18"><span class='ocrx_word' id='word_1_171' title='bbox 150 2680 312 2748; x_wconf 80' lang='lat' dir='ltr'><strong>captabaut3</strong></span> <span class='ocrx_word' id='word_1_172' title='bbox 327 2696 439 2746; x_wconf 88' lang='lat' dir='ltr'><strong>quorum</strong></span> <span class='ocrx_word' id='word_1_173' title='bbox 457 2681 573 2733; x_wconf 87' lang='lat' dir='ltr'><strong>omnium</strong></span> <span class='ocrx_word' id='word_1_174' title='bbox 592 2681 698 2734; x_wconf 84' lang='lat' dir='ltr'><strong>nomina</strong></span> <span class='ocrx_word' id='word_1_175' title='bbox 716 2682 927 2750; x_wconf 83' lang='lat' dir='ltr'><strong>perscripsimus.</strong></span> <span class='ocrx_word' id='word_1_176' title='bbox 964 2679 1039 2746; x_wconf 84' lang='lat' dir='ltr'><strong>(ibid.</strong></span> <span class='ocrx_word' id='word_1_177' title='bbox 1058 2679 1080 2748; x_wconf 89' lang='lat'><strong>1,</strong></span> <span class='ocrx_word' id='word_1_178' title='bbox 1098 2681 1149 2733; x_wconf 73' lang='lat'><strong>448</strong></span> <span class='ocrx_word' id='word_1_179' title='bbox 1169 2680 1238 2746; x_wconf 84' lang='lat'><strong>-9.)</strong></span> 
     </span>
    </p>
   </div>
   <div class='ocr_carea' id='block_1_7' title="bbox 724 2889 770 2948">
    <p class='ocr_par' dir='ltr' id='par_1_9' title="bbox 724 2889 770 2948">
     <span class='ocr_line' id='line_1_23' title="bbox 724 2889 770 2948; baseline -0.022 -1"><span class='ocrx_word' id='word_1_180' title='bbox 724 2889 770 2948; x_wconf 83' lang='lat' dir='ltr'><strong>lo.</strong></span> 
     </span>
    </p>
   </div>
   <div class='ocr_carea' id='block_1_8' title="bbox 148 3063 1336 4728">
    <p class='ocr_par' dir='ltr' id='par_1_10' title="bbox 148 3063 1336 4728">
     <span class='ocr_line' id='line_1_24' title="bbox 249 3063 1333 3133; baseline -0.005 -15"><span class='ocrx_word' id='word_1_181' title='bbox 249 3065 324 3132; x_wconf 88' lang='lat' dir='ltr'><strong>Papa</strong></span> <span class='ocrx_word' id='word_1_182' title='bbox 341 3065 496 3119; x_wconf 82' lang='lat' dir='ltr'><strong>Alexander</strong></span> <span class='ocrx_word' id='word_1_183' title='bbox 513 3066 536 3118; x_wconf 89' lang='lat' dir='ltr'>V</span> <span class='ocrx_word' id='word_1_184' title='bbox 554 3067 669 3133; x_wconf 89' lang='lat' dir='ltr'><strong>pecunia</strong></span> <span class='ocrx_word' id='word_1_185' title='bbox 689 3072 800 3133; x_wconf 87' lang='lat' dir='ltr'><strong>accepta</strong></span> <span class='ocrx_word' id='word_1_186' title='bbox 817 3065 919 3119; x_wconf 88' lang='lat' dir='ltr'><strong>bullam</strong></span> <span class='ocrx_word' id='word_1_187' title='bbox 937 3063 1034 3131; x_wconf 88' lang='lat' dir='ltr'><strong>edidit,</strong></span> <span class='ocrx_word' id='word_1_188' title='bbox 1055 3078 1110 3131; x_wconf 90' lang='lat' dir='ltr'><strong>qua</strong></span> <span class='ocrx_word' id='word_1_189' title='bbox 1126 3064 1281 3133; x_wconf 82' lang='lat' dir='ltr'><strong>interdixit,</strong></span> <span class='ocrx_word' id='word_1_190' title='bbox 1305 3081 1333 3116; x_wconf 81' lang='lat' dir='ltr'><strong>nr</strong></span> 
     </span>
     <span class='ocr_line' id='line_1_25' title="bbox 151 3147 1333 3216; baseline -0.002 -14"><span class='ocrx_word' id='word_1_191' title='bbox 151 3162 263 3215; x_wconf 85' lang='lat' dir='ltr'><strong>usquam</strong></span> <span class='ocrx_word' id='word_1_192' title='bbox 280 3148 307 3201; x_wconf 91' lang='lat' dir='ltr'><strong>in</strong></span> <span class='ocrx_word' id='word_1_193' title='bbox 323 3147 431 3202; x_wconf 85' lang='lat' dir='ltr'><strong>sacellis</strong></span> <span class='ocrx_word' id='word_1_194' title='bbox 448 3148 559 3201; x_wconf 84' lang='lat' dir='ltr'><strong>verbum</strong></span> <span class='ocrx_word' id='word_1_195' title='bbox 569 3148 612 3202; x_wconf 91' lang='lat' dir='ltr'><strong>dei</strong></span> <span class='ocrx_word' id='word_1_196' title='bbox 632 3148 732 3216; x_wconf 92' lang='lat' dir='ltr'><strong>populo</strong></span> <span class='ocrx_word' id='word_1_197' title='bbox 750 3147 963 3216; x_wconf 85' lang='lat' dir='ltr'><strong>praedicaretur,</strong></span> <span class='ocrx_word' id='word_1_198' title='bbox 980 3161 1141 3215; x_wconf 85' lang='lat' dir='ltr'><strong>quamquam</strong></span> <span class='ocrx_word' id='word_1_199' title='bbox 1160 3163 1193 3201; x_wconf 91' lang='lat' dir='ltr'><strong>eo</strong></span> <span class='ocrx_word' id='word_1_200' title='bbox 1210 3149 1269 3216; x_wconf 91' lang='lat' dir='ltr'><strong>ipso</strong></span> <span class='ocrx_word' id='word_1_201' title='bbox 1279 3163 1333 3201; x_wconf 87' lang='lat' dir='ltr'><strong>oou·</strong></span> 
     </span>
     <span class='ocr_line' id='line_1_26' title="bbox 150 3230 1333 3300; baseline -0.003 -16"><span class='ocrx_word' id='word_1_202' title='bbox 150 3232 210 3285; x_wconf 91' lang='lat' dir='ltr'><strong>silio</strong></span> <span class='ocrx_word' id='word_1_203' title='bbox 228 3231 337 3285; x_wconf 79' lang='lat' dir='ltr'><strong>condita</strong></span> <span class='ocrx_word' id='word_1_204' title='bbox 354 3238 382 3284; x_wconf 89' lang='lat' dir='ltr'><strong>et</strong></span> <span class='ocrx_word' id='word_1_205' title='bbox 402 3247 418 3283; x_wconf 93' lang='lat' dir='ltr'><strong>a</strong></span> <span class='ocrx_word' id='word_1_206' title='bbox 438 3233 515 3300; x_wconf 89' lang='lat' dir='ltr'><strong>papis</strong></span> <span class='ocrx_word' id='word_1_207' title='bbox 532 3232 682 3300; x_wconf 89' lang='lat' dir='ltr'><strong>approbata</strong></span> <span class='ocrx_word' id='word_1_208' title='bbox 701 3239 787 3286; x_wconf 85' lang='lat' dir='ltr'><strong>erant.</strong></span> <span class='ocrx_word' id='word_1_209' title='bbox 807 3233 939 3300; x_wconf 88' lang='lat' dir='ltr'><strong>Scriptum</strong></span> <span class='ocrx_word' id='word_1_210' title='bbox 957 3246 1064 3299; x_wconf 89' lang='lat' dir='ltr'><strong>quoque</strong></span> <span class='ocrx_word' id='word_1_211' title='bbox 1082 3231 1185 3285; x_wconf 88' lang='lat' dir='ltr'><strong>eratin</strong></span> <span class='ocrx_word' id='word_1_212' title='bbox 1206 3246 1239 3285; x_wconf 86' lang='lat' dir='ltr'><strong>ea</strong></span> <span class='ocrx_word' id='word_1_213' title='bbox 1256 3230 1333 3293; x_wconf 76' lang='lat' dir='ltr'><strong>hulla</strong></span> 
     </span>
     <span class='ocr_line' id='line_1_27' title="bbox 150 3314 1333 3384; baseline -0.003 -17"><span class='ocrx_word' id='word_1_214' title='bbox 150 3331 281 3383; x_wconf 86' lang='lat' dir='ltr'><strong>nusquam</strong></span> <span class='ocrx_word' id='word_1_215' title='bbox 304 3315 367 3369; x_wconf 87' lang='lat' dir='ltr'><strong>alibi</strong></span> <span class='ocrx_word' id='word_1_216' title='bbox 392 3315 549 3382; x_wconf 86' lang='lat' dir='ltr'><strong>praedicare</strong></span> <span class='ocrx_word' id='word_1_217' title='bbox 582 3316 664 3369; x_wconf 91' lang='lat' dir='ltr'><strong>licere</strong></span> <span class='ocrx_word' id='word_1_218' title='bbox 689 3315 738 3370; x_wconf 91' lang='lat' dir='ltr'><strong>nisi</strong></span> <span class='ocrx_word' id='word_1_219' title='bbox 762 3316 835 3384; x_wconf 90' lang='lat' dir='ltr'><strong>apud</strong></span> <span class='ocrx_word' id='word_1_220' title='bbox 865 3316 1006 3384; x_wconf 90' lang='lat' dir='ltr'><strong>parochias</strong></span> <span class='ocrx_word' id='word_1_221' title='bbox 1036 3315 1078 3367; x_wconf 86' lang='lat' dir='ltr'><strong>vel</strong></span> <span class='ocrx_word' id='word_1_222' title='bbox 1104 3315 1132 3367; x_wconf 90' lang='lat' dir='ltr'><strong>iu</strong></span> <span class='ocrx_word' id='word_1_223' title='bbox 1162 3314 1333 3369; x_wconf 84' lang='lat' dir='ltr'><strong>monasteriis.</strong></span> 
     </span>
     <span class='ocr_line' id='line_1_28' title="bbox 150 3399 1333 3469; baseline -0.003 -17"><span class='ocrx_word' id='word_1_224' title='bbox 150 3399 227 3452; x_wconf 89' lang='lat' dir='ltr'><strong>Hanc</strong></span> <span class='ocrx_word' id='word_1_225' title='bbox 243 3399 343 3452; x_wconf 90' lang='lat' dir='ltr'><strong>bullam</strong></span> <span class='ocrx_word' id='word_1_226' title='bbox 361 3399 551 3464; x_wconf 84' lang='lat' dir='ltr'><strong>impetraverat</strong></span> <span class='ocrx_word' id='word_1_227' title='bbox 573 3399 695 3452; x_wconf 89' lang='lat' dir='ltr'><strong>domiuus</strong></span> <span class='ocrx_word' id='word_1_228' title='bbox 718 3399 827 3466; x_wconf 86' lang='lat' dir='ltr'><strong>Zbynco</strong></span> <span class='ocrx_word' id='word_1_229' title='bbox 849 3399 935 3452; x_wconf 89' lang='lat' dir='ltr'><strong>honae</strong></span> <span class='ocrx_word' id='word_1_230' title='bbox 952 3399 1105 3465; x_wconf 86' lang='lat' dir='ltr'><strong>memoriae,</strong></span> <span class='ocrx_word' id='word_1_231' title='bbox 1123 3399 1333 3469; x_wconf 81' lang='lat' dir='ltr'><strong>archiepiscopus</strong></span> 
     </span>
     <span class='ocr_line' id='line_1_29' title="bbox 150 3481 1334 3551; baseline 0.001 -16"><span class='ocrx_word' id='word_1_232' title='bbox 150 3481 300 3549; x_wconf 85' lang='lat' dir='ltr'><strong>Pragensis‚</strong></span> <span class='ocrx_word' id='word_1_233' title='bbox 318 3497 443 3535; x_wconf 89' lang='lat' dir='ltr'><strong>unacum</strong></span> <span class='ocrx_word' id='word_1_234' title='bbox 462 3482 524 3534; x_wconf 90' lang='lat' dir='ltr'><strong>aliis</strong></span> <span class='ocrx_word' id='word_1_235' title='bbox 541 3483 683 3549; x_wconf 81' lang='lat' dir='ltr'><strong>praelatis3</strong></span> <span class='ocrx_word' id='word_1_236' title='bbox 701 3489 729 3536; x_wconf 88' lang='lat' dir='ltr'><strong>et</strong></span> <span class='ocrx_word' id='word_1_237' title='bbox 748 3483 895 3536; x_wconf 87' lang='lat' dir='ltr'><strong>monachus</strong></span> <span class='ocrx_word' id='word_1_238' title='bbox 911 3482 1061 3540; x_wconf 81' lang='lat' dir='ltr'><strong>Jaroslaus</strong></span> <span class='ocrx_word' id='word_1_239' title='bbox 1080 3483 1168 3535; x_wconf 90' lang='lat' dir='ltr'><strong>inanis</strong></span> <span class='ocrx_word' id='word_1_240' title='bbox 1191 3484 1334 3551; x_wconf 81' lang='lat' dir='ltr'><strong>opiscopus.</strong></span> 
     </span>
     <span class='ocr_line' id='line_1_30' title="bbox 150 3565 1334 3635; baseline 0 -17"><span class='ocrx_word' id='word_1_241' title='bbox 150 3565 232 3633; x_wconf 82' lang='lat' dir='ltr'><strong>legati</strong></span> <span class='ocrx_word' id='word_1_242' title='bbox 251 3580 361 3618; x_wconf 82' lang='lat' dir='ltr'><strong>munere</strong></span> <span class='ocrx_word' id='word_1_243' title='bbox 380 3565 541 3631; x_wconf 76' lang='lat' dir='ltr'><strong>intingebatur</strong></span> <span class='ocrx_word' id='word_1_244' title='bbox 559 3567 593 3619; x_wconf 90' lang='lat' dir='ltr'><strong>ad</strong></span> <span class='ocrx_word' id='word_1_245' title='bbox 606 3567 801 3634; x_wconf 85' lang='lat' dir='ltr'><strong>impetrandum</strong></span> <span class='ocrx_word' id='word_1_246' title='bbox 818 3567 893 3620; x_wconf 89' lang='lat' dir='ltr'><strong>illam</strong></span> <span class='ocrx_word' id='word_1_247' title='bbox 905 3566 1015 3631; x_wconf 88' lang='lat' dir='ltr'><strong>bullam,</strong></span> <span class='ocrx_word' id='word_1_248' title='bbox 1034 3567 1061 3618; x_wconf 89' lang='lat' dir='ltr'><strong>iu</strong></span> <span class='ocrx_word' id='word_1_249' title='bbox 1079 3582 1133 3633; x_wconf 90' lang='lat' dir='ltr'><strong>qua</strong></span> <span class='ocrx_word' id='word_1_250' title='bbox 1150 3566 1219 3620; x_wconf 88' lang='lat' dir='ltr'><strong>illud</strong></span> <span class='ocrx_word' id='word_1_251' title='bbox 1237 3581 1334 3635; x_wconf 83' lang='lat' dir='ltr'><strong>quoque</strong></span> 
     </span>
     <span class='ocr_line' id='line_1_31' title="bbox 149 3649 1332 3717; baseline -0.001 -15"><span class='ocrx_word' id='word_1_252' title='bbox 149 3650 278 3717; x_wconf 88' lang='lat' dir='ltr'><strong>scriptum</strong></span> <span class='ocrx_word' id='word_1_253' title='bbox 296 3655 368 3713; x_wconf 90' lang='lat' dir='ltr'><strong>erat,</strong></span> <span class='ocrx_word' id='word_1_254' title='bbox 394 3649 420 3701; x_wconf 92' lang='lat' dir='ltr'><strong>in</strong></span> <span class='ocrx_word' id='word_1_255' title='bbox 444 3664 527 3715; x_wconf 81' lang='lat' dir='ltr'><strong>regno</strong></span> <span class='ocrx_word' id='word_1_256' title='bbox 549 3650 694 3703; x_wconf 81' lang='lat' dir='ltr'><strong>Bolnnmiac</strong></span> <span class='ocrx_word' id='word_1_257' title='bbox 719 3660 745 3703; x_wconf 86' lang='lat' dir='ltr'><strong>et</strong></span> <span class='ocrx_word' id='word_1_258' title='bbox 771 3651 797 3703; x_wconf 93' lang='lat' dir='ltr'><strong>iu</strong></span> <span class='ocrx_word' id='word_1_259' title='bbox 826 3652 1008 3704; x_wconf 79' lang='lat' dir='ltr'><strong>unarchiouatu</strong></span> <span class='ocrx_word' id='word_1_260' title='bbox 1032 3649 1172 3704; x_wconf 86' lang='lat' dir='ltr'><strong>Moraviae</strong></span> <span class='ocrx_word' id='word_1_261' title='bbox 1197 3651 1332 3705; x_wconf 85' lang='lat' dir='ltr'><strong>multorum</strong></span> 
     </span>
     <span class='ocr_line' id='line_1_32' title="bbox 149 3732 1333 3802; baseline 0 -16"><span class='ocrx_word' id='word_1_262' title='bbox 149 3732 252 3786; x_wconf 85' lang='lat' dir='ltr'><strong>animos</strong></span> <span class='ocrx_word' id='word_1_263' title='bbox 270 3732 406 3786; x_wconf 88' lang='lat' dir='ltr'><strong>haeretica</strong></span> <span class='ocrx_word' id='word_1_264' title='bbox 423 3735 554 3800; x_wconf 85' lang='lat' dir='ltr'><strong>pravitate</strong></span> <span class='ocrx_word' id='word_1_265' title='bbox 577 3742 718 3802; x_wconf 86' lang='lat' dir='ltr'><strong>tantopere</strong></span> <span class='ocrx_word' id='word_1_266' title='bbox 746 3749 806 3788; x_wconf 85' lang='lat' dir='ltr'><strong>esse</strong></span> <span class='ocrx_word' id='word_1_267' title='bbox 824 3735 991 3802; x_wconf 79' lang='lat' dir='ltr'><strong>inquinatos,</strong></span> <span class='ocrx_word' id='word_1_268' title='bbox 1017 3742 1046 3786; x_wconf 90' lang='lat' dir='ltr'><strong>ut</strong></span> <span class='ocrx_word' id='word_1_269' title='bbox 1063 3733 1295 3789; x_wconf 85' lang='lat' dir='ltr'><strong>animadversione</strong></span> <span class='ocrx_word' id='word_1_270' title='bbox 1311 3748 1333 3786; x_wconf 67' lang='lat' dir='ltr'><strong>e*</strong></span> 
     </span>
     <span class='ocr_line' id='line_1_33' title="bbox 149 3816 1334 3884; baseline 0.002 -13"><span class='ocrx_word' id='word_1_271' title='bbox 149 3816 324 3884; x_wconf 82' lang='lat' dir='ltr'><strong>castigatione</strong></span> <span class='ocrx_word' id='word_1_272' title='bbox 337 3832 404 3883; x_wconf 94' lang='lat' dir='ltr'><strong>opus</strong></span> <span class='ocrx_word' id='word_1_273' title='bbox 423 3824 502 3870; x_wconf 85' lang='lat' dir='ltr'><strong>esset</strong></span> <span class='ocrx_word' id='word_1_274' title='bbox 523 3845 552 3855; x_wconf 90' lang='lat'><strong>—-</strong></span> <span class='ocrx_word' id='word_1_275' title='bbox 574 3849 598 3854; x_wconf 89' lang='lat'><strong>--</strong></span> <span class='ocrx_word' id='word_1_276' title='bbox 623 3818 746 3873; x_wconf 88' lang='lat' dir='ltr'><strong>Profecto</strong></span> <span class='ocrx_word' id='word_1_277' title='bbox 759 3820 853 3872; x_wconf 88' lang='lat' dir='ltr'><strong>subest</strong></span> <span class='ocrx_word' id='word_1_278' title='bbox 862 3818 924 3872; x_wconf 91' lang='lat' dir='ltr'><strong>huic</strong></span> <span class='ocrx_word' id='word_1_279' title='bbox 936 3818 1079 3872; x_wconf 84' lang='lat' dir='ltr'><strong>interdicto</strong></span> <span class='ocrx_word' id='word_1_280' title='bbox 1090 3817 1201 3883; x_wconf 84' lang='lat' dir='ltr'><strong>invidia,</strong></span> <span class='ocrx_word' id='word_1_281' title='bbox 1220 3821 1334 3875; x_wconf 66' lang='lat' dir='ltr'><strong>aramum</strong></span> 
     </span>
     <span class='ocr_line' id='line_1_34' title="bbox 149 3899 1334 3970; baseline 0.003 -16"><span class='ocrx_word' id='word_1_282' title='bbox 149 3900 252 3955; x_wconf 87' lang='lat' dir='ltr'><strong>malitia</strong></span> <span class='ocrx_word' id='word_1_283' title='bbox 268 3900 350 3952; x_wconf 86' lang='lat' dir='ltr'><strong>verbo</strong></span> <span class='ocrx_word' id='word_1_284' title='bbox 368 3899 410 3953; x_wconf 91' lang='lat' dir='ltr'><strong>dci</strong></span> <span class='ocrx_word' id='word_1_285' title='bbox 429 3900 575 3956; x_wconf 84' lang='lat' dir='ltr'><strong>adversans</strong></span> <span class='ocrx_word' id='word_1_286' title='bbox 594 3909 621 3955; x_wconf 87' lang='lat' dir='ltr'><strong>et</strong></span> <span class='ocrx_word' id='word_1_287' title='bbox 638 3903 777 3957; x_wconf 87' lang='lat' dir='ltr'><strong>consilium</strong></span> <span class='ocrx_word' id='word_1_288' title='bbox 790 3909 916 3970; x_wconf 89' lang='lat' dir='ltr'><strong>spectans</strong></span> <span class='ocrx_word' id='word_1_289' title='bbox 933 3900 968 3954; x_wconf 88' lang='lat' dir='ltr'><strong>ad</strong></span> <span class='ocrx_word' id='word_1_290' title='bbox 986 3901 1115 3956; x_wconf 85' lang='lat' dir='ltr'><strong>sacellum</strong></span> <span class='ocrx_word' id='word_1_291' title='bbox 1135 3903 1241 3958; x_wconf 86' lang='lat' dir='ltr'><strong>Betlem</strong></span> <span class='ocrx_word' id='word_1_292' title='bbox 1258 3903 1334 3958; x_wconf 80' lang='lat' dir='ltr'><strong>verto</strong></span> 
     </span>
     <span class='ocr_line' id='line_1_35' title="bbox 150 3982 1333 4055; baseline 0.004 -17"><span class='ocrx_word' id='word_1_293' title='bbox 150 3984 194 4039; x_wconf 93' lang='lat' dir='ltr'><strong>dei</strong></span> <span class='ocrx_word' id='word_1_294' title='bbox 205 3982 372 4053; x_wconf 84' lang='lat' dir='ltr'><strong>privandum.</strong></span> <span class='ocrx_word' id='word_1_295' title='bbox 403 3984 456 4038; x_wconf 84' lang='lat' dir='ltr'><strong>Alii</strong></span> <span class='ocrx_word' id='word_1_296' title='bbox 474 3986 667 4055; x_wconf 83' lang='lat' dir='ltr'><strong>archiepiscopi</strong></span> <span class='ocrx_word' id='word_1_297' title='bbox 685 3987 838 4041; x_wconf 87' lang='lat' dir='ltr'><strong>condebant</strong></span> <span class='ocrx_word' id='word_1_298' title='bbox 855 3986 965 4054; x_wconf 86' lang='lat' dir='ltr'><strong>sacella,</strong></span> <span class='ocrx_word' id='word_1_299' title='bbox 984 3987 1058 4041; x_wconf 88' lang='lat' dir='ltr'><strong>utin</strong></span> <span class='ocrx_word' id='word_1_300' title='bbox 1075 3988 1108 4040; x_wconf 91' lang='lat' dir='ltr'><strong>iis</strong></span> <span class='ocrx_word' id='word_1_301' title='bbox 1126 3987 1333 4055; x_wconf 76' lang='lat' dir='ltr'><strong>praedicaretur.</strong></span> 
     </span>
     <span class='ocr_line' id='line_1_36' title="bbox 150 4068 1333 4139; baseline 0.003 -17"><span class='ocrx_word' id='word_1_302' title='bbox 150 4076 177 4123; x_wconf 91' lang='lat' dir='ltr'><strong>et</strong></span> <span class='ocrx_word' id='word_1_303' title='bbox 194 4068 315 4122; x_wconf 90' lang='lat' dir='ltr'><strong>dominus</strong></span> <span class='ocrx_word' id='word_1_304' title='bbox 342 4069 469 4128; x_wconf 82' lang='lat' dir='ltr'><strong>loannes,</strong></span> <span class='ocrx_word' id='word_1_305' title='bbox 501 4070 719 4138; x_wconf 88' lang='lat' dir='ltr'><strong>archiepiscopus</strong></span> <span class='ocrx_word' id='word_1_306' title='bbox 748 4071 904 4139; x_wconf 81' lang='lat' dir='ltr'><strong>Pragensis,</strong></span> <span class='ocrx_word' id='word_1_307' title='bbox 932 4084 982 4124; x_wconf 87' lang='lat' dir='ltr'><strong>sua</strong></span> <span class='ocrx_word' id='word_1_308' title='bbox 1007 4086 1088 4125; x_wconf 88' lang='lat' dir='ltr'><strong>manu</strong></span> <span class='ocrx_word' id='word_1_309' title='bbox 1113 4071 1182 4125; x_wconf 91' lang='lat' dir='ltr'><strong>illud</strong></span> <span class='ocrx_word' id='word_1_310' title='bbox 1212 4073 1333 4128; x_wconf 78' lang='lat' dir='ltr'><strong>sacellum</strong></span> 
     </span>
     <span class='ocr_line' id='line_1_37' title="bbox 150 4150 1336 4223; baseline 0.002 -16"><span class='ocrx_word' id='word_1_311' title='bbox 150 4151 255 4207; x_wconf 88' lang='lat' dir='ltr'><strong>Betlem</strong></span> <span class='ocrx_word' id='word_1_312' title='bbox 272 4150 392 4205; x_wconf 89' lang='lat' dir='ltr'><strong>condidit</strong></span> <span class='ocrx_word' id='word_1_313' title='bbox 415 4161 442 4205; x_wconf 90' lang='lat' dir='ltr'><strong>et</strong></span> <span class='ocrx_word' id='word_1_314' title='bbox 463 4154 552 4206; x_wconf 84' lang='lat' dir='ltr'><strong>sanxit</strong></span> <span class='ocrx_word' id='word_1_315' title='bbox 578 4157 680 4220; x_wconf 72' lang='grc'><strong>(1391);</strong></span> <span class='ocrx_word' id='word_1_316' title='bbox 707 4154 804 4208; x_wconf 88' lang='lat' dir='ltr'><strong>deinde</strong></span> <span class='ocrx_word' id='word_1_317' title='bbox 830 4155 946 4223; x_wconf 87' lang='lat' dir='ltr'><strong>Zbynco‚</strong></span> <span class='ocrx_word' id='word_1_318' title='bbox 970 4155 1097 4209; x_wconf 89' lang='lat' dir='ltr'><strong>incitatus</strong></span> <span class='ocrx_word' id='word_1_319' title='bbox 1123 4157 1295 4212; x_wconf 82' lang='lat' dir='ltr'><strong>acanonlcis</strong></span> <span class='ocrx_word' id='word_1_320' title='bbox 1313 4165 1336 4210; x_wconf 86' lang='lat' dir='ltr'><strong>ct</strong></span> 
     </span>
     <span class='ocr_line' id='line_1_38' title="bbox 149 4234 1336 4310; baseline 0.004 -20"><span class='ocrx_word' id='word_1_321' title='bbox 149 4236 273 4305; x_wconf 89' lang='lat' dir='ltr'><strong>parochis</strong></span> <span class='ocrx_word' id='word_1_322' title='bbox 291 4234 471 4304; x_wconf 81' lang='lat' dir='ltr'><strong>Pragcnsibus</strong></span> <span class='ocrx_word' id='word_1_323' title='bbox 494 4244 522 4290; x_wconf 84' lang='lat' dir='ltr'><strong>et</strong></span> <span class='ocrx_word' id='word_1_324' title='bbox 547 4239 730 4305; x_wconf 83' lang='lat' dir='ltr'><strong>amorrachis,</strong></span> <span class='ocrx_word' id='word_1_325' title='bbox 759 4240 805 4307; x_wconf 89' lang='lat' dir='ltr'><strong>qui</strong></span> <span class='ocrx_word' id='word_1_326' title='bbox 823 4239 977 4306; x_wconf 88' lang='lat' dir='ltr'><strong>pactionem</strong></span> <span class='ocrx_word' id='word_1_327' title='bbox 996 4239 1118 4293; x_wconf 79' lang='lat' dir='ltr'><strong>fecerant</strong></span> <span class='ocrx_word' id='word_1_328' title='bbox 1137 4253 1199 4294; x_wconf 87' lang='lat' dir='ltr'><strong>curu</strong></span> <span class='ocrx_word' id='word_1_329' title='bbox 1216 4241 1336 4310; x_wconf 85' lang='lat' dir='ltr'><strong>parochis</strong></span> 
     </span>
     <span class='ocr_line' id='line_1_39' title="bbox 149 4318 1334 4392; baseline 0.007 -20"><span class='ocrx_word' id='word_1_330' title='bbox 149 4319 183 4374; x_wconf 94' lang='lat' dir='ltr'><strong>de</strong></span> <span class='ocrx_word' id='word_1_331' title='bbox 201 4318 302 4373; x_wconf 88' lang='lat' dir='ltr'><strong>sacello</strong></span> <span class='ocrx_word' id='word_1_332' title='bbox 328 4320 445 4386; x_wconf 87' lang='lat' dir='ltr'><strong>Betlem‚</strong></span> <span class='ocrx_word' id='word_1_333' title='bbox 473 4321 602 4375; x_wconf 87' lang='lat' dir='ltr'><strong>sacellum</strong></span> <span class='ocrx_word' id='word_1_334' title='bbox 628 4322 695 4376; x_wconf 92' lang='lat' dir='ltr'><strong>illud</strong></span> <span class='ocrx_word' id='word_1_335' title='bbox 719 4323 801 4376; x_wconf 82' lang='lat' dir='ltr'><strong>verbo</strong></span> <span class='ocrx_word' id='word_1_336' title='bbox 828 4323 870 4377; x_wconf 88' lang='lat' dir='ltr'><strong>dai</strong></span> <span class='ocrx_word' id='word_1_337' title='bbox 894 4325 1000 4392; x_wconf 86' lang='lat' dir='ltr'><strong>privare</strong></span> <span class='ocrx_word' id='word_1_338' title='bbox 1023 4324 1141 4392; x_wconf 86' lang='lat' dir='ltr'><strong>mihique</strong></span> <span class='ocrx_word' id='word_1_339' title='bbox 1167 4324 1334 4392; x_wconf 84' lang='lat' dir='ltr'><strong>praedicandi</strong></span> 
     </span>
     <span class='ocr_line' id='line_1_40' title="bbox 149 4406 1334 4476; baseline 0.004 -20"><span class='ocrx_word' id='word_1_340' title='bbox 149 4408 310 4472; x_wconf 83' lang='lat' dir='ltr'><strong>potestatem</strong></span> <span class='ocrx_word' id='word_1_341' title='bbox 338 4419 447 4471; x_wconf 89' lang='lat' dir='ltr'><strong>prorsus</strong></span> <span class='ocrx_word' id='word_1_342' title='bbox 477 4406 595 4461; x_wconf 88' lang='lat' dir='ltr'><strong>adimere</strong></span> <span class='ocrx_word' id='word_1_343' title='bbox 619 4406 775 4461; x_wconf 89' lang='lat' dir='ltr'><strong>conabatur.</strong></span> <span class='ocrx_word' id='word_1_344' title='bbox 810 4407 885 4460; x_wconf 83' lang='lat' dir='ltr'><strong>Haec</strong></span> <span class='ocrx_word' id='word_1_345' title='bbox 910 4407 980 4461; x_wconf 89' lang='lat' dir='ltr'><strong>euim</strong></span> <span class='ocrx_word' id='word_1_346' title='bbox 1002 4407 1148 4461; x_wconf 85' lang='lat' dir='ltr'><strong>machinati</strong></span> <span class='ocrx_word' id='word_1_347' title='bbox 1172 4416 1245 4476; x_wconf 87' lang='lat' dir='ltr'><strong>suut,</strong></span> <span class='ocrx_word' id='word_1_348' title='bbox 1262 4425 1296 4464; x_wconf 89' lang='lat' dir='ltr'><strong>ue</strong></span> <span class='ocrx_word' id='word_1_349' title='bbox 1311 4410 1334 4461; x_wconf 92' lang='lat' dir='ltr'><strong>in</strong></span> 
     </span>
     <span class='ocr_line' id='line_1_41' title="bbox 148 4487 1333 4560; baseline 0.003 -19"><span class='ocrx_word' id='word_1_350' title='bbox 148 4487 249 4541; x_wconf 86' lang='lat' dir='ltr'><strong>sacello</strong></span> <span class='ocrx_word' id='word_1_351' title='bbox 267 4487 414 4541; x_wconf 89' lang='lat' dir='ltr'><strong>secuudum</strong></span> <span class='ocrx_word' id='word_1_352' title='bbox 432 4504 518 4556; x_wconf 84' lang='lat' dir='ltr'><strong>papae</strong></span> <span class='ocrx_word' id='word_1_353' title='bbox 535 4489 690 4543; x_wconf 88' lang='lat' dir='ltr'><strong>mandatum</strong></span> <span class='ocrx_word' id='word_1_354' title='bbox 703 4491 819 4558; x_wconf 88' lang='lat' dir='ltr'><strong>amplius</strong></span> <span class='ocrx_word' id='word_1_355' title='bbox 835 4490 1018 4559; x_wconf 86' lang='lat' dir='ltr'><strong>praedicarem</strong></span> <span class='ocrx_word' id='word_1_356' title='bbox 1042 4521 1067 4528; x_wconf 87' lang='lat'>-</span> <span class='ocrx_word' id='word_1_357' title='bbox 1090 4505 1180 4560; x_wconf 84' lang='lat' dir='ltr'><strong>neque</strong></span> <span class='ocrx_word' id='word_1_358' title='bbox 1197 4508 1261 4547; x_wconf 78' lang='lat' dir='ltr'><strong>raro</strong></span> <span class='ocrx_word' id='word_1_359' title='bbox 1276 4491 1333 4547; x_wconf 85' lang='lat' dir='ltr'><strong>alibi</strong></span> 
     </span>
     <span class='ocr_line' id='line_1_42' title="bbox 149 4569 1334 4644; baseline 0.005 -23"><span class='ocrx_word' id='word_1_360' title='bbox 149 4569 224 4624; x_wconf 89' lang='lat' dir='ltr'><strong>locus</strong></span> <span class='ocrx_word' id='word_1_361' title='bbox 242 4574 300 4623; x_wconf 90' lang='lat' dir='ltr'><strong>erat</strong></span> <span class='ocrx_word' id='word_1_362' title='bbox 317 4569 510 4636; x_wconf 86' lang='lat' dir='ltr'><strong>praedicationi</strong></span> <span class='ocrx_word' id='word_1_363' title='bbox 527 4580 635 4640; x_wconf 88' lang='lat' dir='ltr'><strong>praeter</strong></span> <span class='ocrx_word' id='word_1_364' title='bbox 652 4574 795 4641; x_wconf 89' lang='lat' dir='ltr'><strong>parochias</strong></span> <span class='ocrx_word' id='word_1_365' title='bbox 812 4581 840 4628; x_wconf 90' lang='lat' dir='ltr'><strong>et</strong></span> <span class='ocrx_word' id='word_1_366' title='bbox 857 4575 1020 4630; x_wconf 89' lang='lat' dir='ltr'><strong>monasteria</strong></span> <span class='ocrx_word' id='word_1_367' title='bbox 1036 4604 1082 4637; x_wconf 87' lang='lat'><strong>-‚</strong></span> <span class='ocrx_word' id='word_1_368' title='bbox 1109 4582 1194 4644; x_wconf 83' lang='lat' dir='ltr'><strong>atque</strong></span> <span class='ocrx_word' id='word_1_369' title='bbox 1217 4577 1256 4631; x_wconf 81' lang='lat' dir='ltr'><strong>ita</strong></span> <span class='ocrx_word' id='word_1_370' title='bbox 1270 4579 1334 4631; x_wconf 88' lang='lat' dir='ltr'><strong>iuter</strong></span> 
     </span>
     <span class='ocr_line' id='line_1_43' title="bbox 149 4653 1333 4728; baseline 0.004 -22"><span class='ocrx_word' id='word_1_371' title='bbox 149 4653 280 4721; x_wconf 85' lang='lat' dir='ltr'><strong>parochos</strong></span> <span class='ocrx_word' id='word_1_372' title='bbox 293 4658 321 4704; x_wconf 89' lang='lat' dir='ltr'><strong>et</strong></span> <span class='ocrx_word' id='word_1_373' title='bbox 338 4656 482 4709; x_wconf 84' lang='lat' dir='ltr'><strong>monachos</strong></span> <span class='ocrx_word' id='word_1_374' title='bbox 495 4658 625 4725; x_wconf 80' lang='lat' dir='ltr'><strong>convenit,</strong></span> <span class='ocrx_word' id='word_1_375' title='bbox 646 4672 678 4711; x_wconf 91' lang='lat' dir='ltr'><strong>ne</strong></span> <span class='ocrx_word' id='word_1_376' title='bbox 697 4657 760 4711; x_wconf 89' lang='lat' dir='ltr'><strong>mihi</strong></span> <span class='ocrx_word' id='word_1_377' title='bbox 780 4658 835 4711; x_wconf 87' lang='lat' dir='ltr'><strong>ulla</strong></span> <span class='ocrx_word' id='word_1_378' title='bbox 852 4657 1024 4725; x_wconf 86' lang='lat' dir='ltr'><strong>praedicandi</strong></span> <span class='ocrx_word' id='word_1_379' title='bbox 1043 4664 1166 4728; x_wconf 84' lang='lat' dir='ltr'><strong>potestas</strong></span> <span class='ocrx_word' id='word_1_380' title='bbox 1184 4666 1264 4714; x_wconf 85' lang='lat' dir='ltr'><strong>esset.</strong></span> <span class='ocrx_word' id='word_1_381' title='bbox 1280 4660 1333 4728; x_wconf 73' lang='lat' dir='ltr'><strong>Qua</strong></span> 
     </span>
    </p>
   </div>
   <div class='ocr_carea' id='block_1_9' title="bbox 0 0 1500 5258">
    <p class='ocr_par' dir='ltr' id='par_1_11' title="bbox 0 0 1500 5258">
     <span class='ocr_line' id='line_1_44' title="bbox 0 0 1500 5258; baseline 0 1"><span class='ocrx_word' id='word_1_382' title='bbox 0 0 1500 5258; x_wconf 95' lang='lat' dir='ltr'><strong> </strong></span> 
     </span>
    </p>
   </div>
  </div>
 </body>
</html>
