2992 5258
443 402 489 459 uu.
524 371 1077 463 ueu.o.uusauuenmue'siun.
1288 414 1352 479 285

153 611 277 686 serunt,
299 611 333 671 et
364 604 468 686 ipsum
489 604 530 671 ad
551 604 677 672 uincula
703 606 877 687 duxeruut;
899 625 993 690 quem
1014 613 1090 675 tuuc
1111 627 1174 675 una
1200 628 1269 676 cum
1283 630 1350 677 ma·
1435 667 1439 673 .

152 707 257 785 gistro
279 704 472 787 Hieronymo
505 707 673 789 episcopus
696 707 843 788 Rigensis
874 709 909 772 in
934 726 992 774 sua
1013 714 1173 791 potestate
1194 715 1228 775 et
1249 710 1309 775 sibi
1330 729 1350 776 a

153 806 289 871 concilio
312 806 512 871 commissum
534 807 681 872 babebat.

258 952 333 1018 Quia
349 970 412 1006 vero
430 971 487 1007 noo
513 955 607 1006 omnia
620 956 700 1022 potui
719 962 777 1007 tam
794 955 922 1009 distincte
939 964 965 1009 et
976 956 1112 1026 informa
1129 957 1260 1026 cogitare,
1277 972 1350 1024 qaae

151 1036 194 1088 e'br'
208 1052 345 1105 praem
361 1037 427 1105 fieri
452 1038 512 1090 uidi
535 1047 560 1090 et
583 1038 696 1102 cradivi,
722 1040 871 1090 materiam
892 1047 984 1092 tamen
1007 1049 1095 1092 totam
1111 1041 1200 1109 juxta
1222 1040 1349 1093 ultimum

148 1135 234 1187 posse
250 1121 400 1172 memoriae
416 1120 611 1189 incorporavi,
637 1131 663 1174 et
685 1123 859 1190 specialiter,
877 1125 945 1191 quic
967 1140 1024 1176 noa
1045 1123 1132 1175 dabui
1149 1124 1291 1185 articulos,
1309 1123 1349 1175 ad

147 1217 222 1271 gnos
239 1209 319 1254 testes
336 1202 532 1272 deposuerunt,
550 1205 600 1273 qui
622 1204 678 1257 aiot
695 1204 736 1257 M·
754 1204 861 1257 loanni
878 1213 943 1259 runc
960 1207 1171 1277 objiciebantur:
1198 1206 1260 1259 idco
1276 1207 1302 1259 ei
1318 1206 1350 1259 irc

151 1284 298 1351 aliquibus
314 1285 358 1338 tie
374 1286 527 1355 desectuoee
543 1288 663 1355 signavi,
681 1289 742 1341 volo
760 1305 780 1340 α
793 1287 891 1342 melius
905 1290 1092 1357 cogitantibus
1108 1290 1247 1344 lumiliter
1258 1305 1347 1341 emen·

151 1367 230 1429 dari,
248 1376 274 1421 et
290 1370 450 1437 specialiter
467 1371 503 1423 ab
521 1371 586 1430 illia.
597 1372 645 1439 qui
655 1370 899 1439 ibiiaterfuerant
916 1390 973 1426 nors
991 1375 1040 1442 qui
1051 1373 1088 1427 ab
1105 1375 1173 1429 aliie
1189 1372 1348 1426 audierunt.

152 1449 255 1515 (Haeo
270 1452 353 1506 addc
370 1455 428 1508 eod
447 1454 510 1509 Me.
528 1453 615 1516 4524,
628 1454 654 1523 f.
673 1451 735 1520 63.)

653 1624 851 1634 ——-—-

320 1819 556 1907 Relationis
587 1822 644 1907 M.
676 1773 794 1908 Petri
825 1824 879 1907 de
909 1823 1191 1909 Mladenowic

558 2103 691 2171 PARS
724 2105 953 2179 QUARTA:

404 2284 455 2340 DE
471 2284 509 2340 Μ.
526 2285 551 2340 J.
570 2286 641 2342 ssus
659 2285 863 2341 AUDIENTIA
880 2287 944 2342 DIE
961 2290 978 2342 8
994 2288 1099 2345 JUNII.

146 2648 233 2718 Jae
252 2566 357 2704 138]ss
380 2568 509 2624 Mladera
532 2585 565 2637 p.
591 2568 732 2623 115-133
755 2579 780 2622 et
806 2566 962 2624 152-160.
991 2598 1017 2608 —
1048 2570 1113 2625 Ms.
1144 2569 1241 2624 Vienn.
1267 2570 1347 2626 4524
1377 2650 1380 2654 Ι

651 2729 852 2740 --.-.

414 2883 531 2952 ,Ultima
548 2885 687 2941 audientia
704 2886 785 2955 dieta,
803 2889 948 2956 veriusque
966 2885 1090 2942 derisio.“

253 3084 392 3151 Sabbata
421 3091 494 3167 post
515 3086 666 3166 Marcelli,
696 3104 777 3168 quae
806 3094 877 3153 erat
907 3087 974 3152 dios
996 3087 1088 3153 VIIIa
1108 3089 1225 3154 mensis
1246 3089 1345 3169 lunii,

158 3184 197 3249 ld.
227 3186 370 3252 loannes
402 3184 470 3249 Iius
504 3178 565 3251 init
589 3185 704 3251 iterum
731 3184 845 3253 ductus
876 3186 917 3252 ad
948 3186 1141 3252 audientiam
1171 3187 1212 3252 ad
1242 3187 1346 3251 locum

158 3284 312 3366 praedicti
338 3285 509 3366 refectorii,
539 3286 592 3350 ubi
621 3303 678 3351 rex
708 3286 872 3368 praesedit
899 3305 968 3351 cum
996 3287 1093 3352 certis
1123 3286 1346 3368 cardinalibus,

158 3385 413 3467 archiepiscopis,
435 3386 593 3468 episeopis
615 3391 649 3450 et
668 3384 740 3450 aliis
761 3386 927 3467 praelatis;
949 3393 984 3451 et
1004 3385 1121 3450 domini
1136 3387 1185 3451 W.
1201 3393 1234 3451 et
1252 3387 1345 3452 Joan.

159 3492 190 3549 et
210 3486 245 3550 P.
257 3486 289 3565 ¹⁸)
318 3484 542 3552 baccalaureus
570 3487 707 3568 scriptor
736 3487 779 3551 ibi
802 3486 898 3552 etiam
919 3486 1141 3553 interfuerunt.
1184 3487 1248 3552 Ubi
1269 3486 1349 3557 lecti

158 3590 230 3649 sunt
258 3586 386 3652 articuli
412 3587 481 3653 iere
509 3590 560 3667 39,
588 3587 708 3669 quide
737 3588 827 3653 libris
856 3588 1000 3669 magistri
1028 3587 1215 3653 dicebantur
1246 3586 1344 3652 fuisse

158 3686 316 3767 excerpti;
345 3692 379 3751 et
406 3687 460 3768 qui
487 3687 520 3752 in
541 3686 641 3754 forma
667 3689 699 3753 in
729 3688 819 3752 libris
849 3689 1064 3770 ponebantur,
1092 3688 1165 3753 illos
1194 3687 1345 3767 magister

158 3787 343 3867 recognovit
363 3804 434 3853 esse
455 3805 545 3869 suos3
568 3790 623 3870 qui
644 3807 720 3854 vero
742 3807 806 3854 non
828 3796 920 3854 erant
933 3788 966 3852 in
981 3787 1081 3853 forma
1095 3788 1248 3869 excerpti,
1270 3786 1344 3852 illos

157 3885 285 3967 legebat
309 3887 436 3968 quidam
456 3886 608 3969 angueos
636 3890 688 3954 vel
714 3889 933 3971 pronuntians,
961 3894 1001 3953 ut
1025 3888 1059 3952 in
1081 3887 1162 3953 libro
1183 3894 1217 3952 et
1239 3903 1346 3951 enem-

158 3987 238 4067 plari
265 3988 410 4070 magistri
437 3989 656 4071 habebantur3
686 3996 719 4056 et
746 3988 801 4054 ubi
828 3988 1031 4071 displicibilia
1055 3988 1134 4070 ipsis
1163 3984 1291 4052 stabant
1310 3984 1346 4052 in

157 4085 246 4167 libro,
267 4088 459 4171 aliquotiens
481 4091 652 4157 cardinalis
667 4089 906 4157 Cameracensis
927 4088 1007 4155 dixit
1021 4086 1062 4152 ad
1076 4105 1185 4167 regam
1199 4090 1233 4150 et
1246 4083 1345 4150 alios:

157 4184 198 4250 Et
222 4203 313 4267 ecce,
346 4187 397 4253 bie
421 4190 513 4271 pejus
544 4195 609 4256 stat
636 4195 670 4256 et
697 4189 909 4273 periculosius
935 4194 969 4254 et
990 4188 1061 4270 plus
1083 4202 1228 4264 erronee,
1250 4201 1345 4265 quam

157 4286 357 4352 articulatum
377 4284 467 4355 luirt'
494 4289 536 4355 Et
556 4296 734 4372 sequuntur
754 4289 800 4355 illi
831 4288 974 4367 articuli,
1008 4294 1041 4352 et
1073 4286 1146 4351 illos
1173 4284 1345 4363 dibgenter

158 4386 283 4467 quidam
302 4387 345 4453 ad
366 4388 480 4454 bbrum
501 4390 689 4471 originalem
710 4390 913 4473 comparavit,
936 4405 1068 4469 quorum
1088 4385 1182 4468 pauci
1208 4383 1241 4450 in
1262 4383 1345 4451 libro

213 4619 384 4686 filatelligs:
402 4625 557 4676 wenceslaus
574 4628 603 4674 do
621 4627 702 4686 nube,
719 4626 822 4676 loannes
840 4626 869 4674 de
887 4624 974 4674 culum
991 4628 1017 4672 at
1033 4623 1119 4671 Patrue
1136 4621 1166 4669 do
1177 4620 1342 4671 wadmonte
