2992 5258
392 381 468 433 annis
488 381 652 433 ratu—1412
669 388 731 433 ante
751 381 869 433 exilium.
904 386 928 433 el.
947 386 970 432 o.
1236 387 1273 448 19

89 583 246 648 fundatam
269 588 331 647 tam
353 581 486 645 firmiter
507 589 603 664 su'pra
625 581 743 648 firmam
766 587 905 664 petram,
938 583 1022 663 quod
1045 589 1154 664 portae
1178 583 1271 648 inferi

89 702 147 748 nou
169 688 305 765 possunt
325 681 477 747 adversus
505 700 573 748 eam
601 683 836 763 quomodolibet
865 683 1064 765 praevalere;
1093 690 1273 766 promptus·

88 785 200 867 quein
222 801 281 864 spe
302 782 402 865 ipsius
426 783 538 864 capitis
559 783 638 849 Jesu
653 783 770 848 Christi
792 783 910 848 domini
924 785 1036 849 mortis
1058 784 1144 850 dirae
1167 785 1273 867 potins

87 886 243 951 sustinere
269 882 471 965 supplicilun,
504 902 597 965 quam
628 883 761 950 elective
790 883 874 948 aliud
905 883 1011 948 dicere
1040 885 1089 949 vel
1116 904 1271 961 asserere,

73 985 169 1067 'quod
191 986 274 1050 leret
297 983 415 1049 Christi
437 1002 576 1064 suaeque
591 985 744 1050 ecclesiae
760 986 953 1050 contrarium
976 986 1146 1052 voluntati:
1170 987 1273 1050 erbis

86 1085 228 1164 fidenter,
251 1084 408 1150 veraciter
431 1092 464 1149 et
485 1091 668 1150 constanter
689 1104 808 1165 assero,
831 1085 954 1166 quoda
977 1086 1120 1151 veritatis
1142 1086 1273 1151 aemulis

86 1187 215 1251 sinistre
237 1184 311 1249 Sedi
333 1186 534 1268 Apostolicae
556 1205 624 1250 sum
642 1186 774 1251 delatus.
797 1186 889 1252 Falsa
912 1186 1066 1267 siquidem
1091 1187 1273 1252 detulerunt

87 1296 119 1352 et
139 1285 296 1365 deferunt,
318 1286 403 1366 qurod
424 1286 584 1351 docuerim
608 1287 767 1370 populum,
790 1288 873 1369 quod
895 1288 927 1352 in
942 1296 1139 1354 sacramento
1161 1287 1272 1352 altaris

87 1393 228 1452 remanet
249 1387 528 1469 substantiapauis
550 1388 738 1466 materialis3
759 1388 847 1467 false,
870 1387 962 1468 quod,
985 1389 1109 1469 qnando
1130 1388 1273 1453 elevatur

87 1488 198 1565 hostia,
219 1493 295 1552 tuuc
317 1493 367 1552 est
388 1505 503 1570 corpus
526 1485 653 1568 Christi,
677 1494 710 1552 et
724 1487 848 1570 quando
871 1488 1008 1569 ponitur,
1031 1496 1106 1554 tunc
1121 1506 1184 1552 nou
1207 1494 1273 1561 est;

86 1588 171 1666 lalse,
195 1587 278 1669 quod
300 1587 450 1653 sacerdos
471 1589 503 1653 iu
526 1596 656 1670 peccato
678 1590 803 1654 mortali
825 1605 888 1653 non
911 1587 1052 1667 conficit;
1079 1589 1166 1668 false,
1190 1585 1273 1667 quod

87 1688 202 1754 domiui
223 1709 244 1753 a
264 1689 350 1754 clero
373 1688 456 1754 bona
477 1688 622 1755 auferant
643 1690 838 1771 temporalia,
861 1689 944 1770 quod
966 1689 1103 1754 decimas
1125 1706 1188 1754 nou
1211 1688 1271 1751 sol·

87 1794 175 1868 vant3
196 1787 285 1868 false,
308 1787 393 1869 quod
414 1787 631 1869 indulgentiae
653 1787 731 1853 nihil
753 1796 846 1863 sunt·;
868 1788 955 1867 false,
978 1788 1062 1868 quod
1084 1788 1187 1868 gladio
1209 1807 1273 1852 ma-

86 1889 190 1955 teriali
211 1888 367 1954 suaserim
387 1888 508 1953 clerum
531 1894 716 1969 percutere;
738 1888 826 1968 false,
850 1887 934 1968 quod
953 1888 1200 1970 praedicaverim
1223 1887 1273 1950 vel

87 1991 241 2055 tenuerim
262 1988 385 2071 aliquos
418 1989 467 2053 vel
489 1989 624 2070 aliquem
655 2006 781 2055 errores
812 1989 860 2053 vel
883 2007 1023 2054 errorem
1060 1988 1110 2052 vel
1138 1988 1273 2069 aliquam

86 2090 251 2172 haeresim,
281 2088 332 2153 vel
361 2089 540 2156 seduxerim
568 2110 588 2155 a
616 2091 667 2155 via
693 2091 837 2155 ueritatis
865 2091 1014 2172 populum
1041 2089 1273 2171 quoquomod03

89 2189 174 2263 lalse,
197 2189 282 2271 quod
304 2208 398 2255 causa
419 2190 612 2271 exstiterim,
634 2189 865 2272 quodquidam
879 2191 1020 2270 magistri
1042 2191 1206 2256 Teutonici
1221 2209 1274 2256 ex-

87 2291 166 2373 pulsi
190 2289 229 2355 de
245 2292 347 2372 l’raga
362 2290 489 2369 brenni,
506 2310 576 2356 eum
591 2292 652 2374 ipsi
668 2292 813 2358 uolentes
828 2292 928 2357 almae
945 2291 1162 2357 universitatis
1176 2291 1273 2358 studii

87 2391 256 2473 Pragensis
279 2396 389 2456 tenere
410 2389 605 2457 fundationis
627 2393 841 2474 privilegium,
871 2410 930 2455 nec
957 2392 1039 2456 sermi
1067 2392 1219 2475 principis
1241 2400 1275 2458 et

86 2490 201 2563 domini
210 2490 433 2557 D.Wenceslai
442 2492 653 2558 Romanorum
666 2494 752 2572 regis
768 2511 894 2574 semper
905 2493 1038 2574 Augusti
1061 2502 1094 2558 et
1105 2494 1274 2560 Bohemiae

87 2590 168 2672 regis
182 2590 327 2657 volentes
341 2609 456 2673 parere
470 2591 627 2658 mandatis
642 2593 746 2671 licitis,
770 2599 918 2673 putantes
940 2592 1024 2673 qnod
1045 2593 1164 2675 absque
1186 2595 1271 2676 ipso·
1342 2622 1345 2627 ·
1399 2594 1402 2599 ’

88 2709 152 2756 mm
167 2691 429 2774 praesentianum
444 2693 564 2757 valeret
587 2693 755 2772 Progensis
775 2692 965 2758 universitas
980 2694 1164 2773 subsistere,
1187 2695 1273 2760 nullo

88 2791 222 2871 pellente
255 2791 295 2856 ad
323 2780 452 2875 propria
485 2794 535 2857 vel
567 2812 628 2875 quo
655 2793 733 2876 ipsis
762 2793 881 2874 placuit
905 2800 1116 2859 recesserunt.
1158 2795 1274 2861 Fateor

88 2898 188 2956 autem
210 2909 261 2956 me
288 2912 307 2957 a
336 2893 421 2956 revmi
449 2894 481 2957 in
503 2892 630 2959 Christo
660 2893 760 2976 patris
788 2894 825 2956 Ι).
850 2892 1027 2974 Sbyulrouis
1054 2894 1213 2961 sententia
1234 2895 1273 2960 ad

89 2989 197 3056 Sedem
218 2992 397 3074 appellasse
419 2994 641 3075 apostolicam,
664 2994 788 3059 domium
812 3014 830 3058 a
852 2995 1063 3075 processibus,
1087 2995 1139 3076 qui
1163 3015 1200 3060 ex
1224 2995 1272 3058 in·

90 3090 273 3157 formatione
296 3092 425 3158 sinistra
447 3112 465 3158 a
487 3101 597 3159 sancta
619 3094 700 3158 Sede
716 3093 898 3175 apostolica
921 3102 1115 3159 emanarunt.
1139 3095 1273 3160 Sinistra

89 3192 200 3258 etenim
223 3193 370 3258 veritatis
391 3195 515 3269 aemuli,
543 3195 673 3258 honoris
705 3193 752 3257 sni
776 3200 807 3256 et
830 3194 942 3258 salutis
964 3196 1171 3271 immemores
1200 3194 1273 3260 Sodi

90 3293 286 3374 Apostolicae
309 3302 553 3375 suggesserunt,
586 3294 671 3376 quud
693 3296 724 3358 in
754 3312 854 3373 regno
880 3295 1048 3360 ltohemiae
1082 3295 1113 3358 in
1146 3295 1273 3362 civitate

92 3392 237 3473 l'rogensi
261 3399 293 3457 et
315 3393 531 3458 marchionatu
554 3395 714 3460 Moraviae
745 3411 869 3456 errores
902 3392 1111 3474 pullulassent
1140 3401 1173 3458 et
1201 3395 1273 3460 hae·

92 3510 175 3557 reses
197 3500 231 3557 et
252 3493 423 3558 multorum
445 3494 541 3559 eorda
570 3495 754 3559 infecissent
775 3493 874 3569 adeo,
902 3492 985 3573 qnod
1007 3503 1139 3576 proptor
1165 3513 1273 3560 eorum

88 3593 325 3673 multitudinem,
350 3595 402 3674 qui
418 3594 533 3659 talibus
549 3595 710 3659 erroribus
726 3601 800 3658 suut
817 3594 934 3679 inlecti,
956 3596 1168 3660 necessarium
1192 3596 1273 3660 leret

89 3694 290 3759 correctionis
306 3693 481 3758 remedium·
494 3694 646 3758 adhiberi.
672 3694 763 3759 Falsa
780 3692 914 3774 deniqne
930 3702 1168 3776 suiggessernnt,
1191 3696 1274 3777 qnod

89 3793 204 3875 capella
219 3793 405 3858 Bethlehem
422 3794 505 3858 loret
526 3795 615 3858 locus
631 3794 783 3876 privatus
806 3813 875 3857 cum
899 3794 966 3876 ipse
989 3795 1032 3858 sit
1052 3795 1092 3859 ab
1114 3796 1273 3860 ordinario

88 3892 169 3958 locus
192 3894 225 3957 in
247 3893 434 3959 beneficium
458 3896 706 3960 ecclesiasticum
736 3893 951 3973 confirmatus,
983 3896 1071 3977 cuijus
1099 3896 1273 3962 destructio

89 3992 236 4058 honorem
251 3993 302 4058 dei
318 3995 546 4076 aliquantulum
570 3996 602 4059 in
617 3995 733 4077 populo
750 3994 885 4072 tolleret,
907 3995 1083 4060 animarum
1099 3996 1273 4078 proiectum

88 4094 256 4172 minueret,
290 4102 438 4160 causaret
465 4096 644 4160 scandalum
679 4104 712 4159 et
738 4096 887 4178 populum
917 4101 1028 4160 contra
1055 4096 1274 4161 destructores

88 4211 144 4258 non
166 4194 291 4260 modice
313 4205 510 4277 provocaret.
540 4196 663 4262 (litatus
685 4203 790 4262 antem
813 4197 1024 4277 personaliter
1042 4195 1082 4260 ad
1105 4197 1272 4261 Romanam

89 4296 200 4361 curiam
224 4298 373 4378 optabam
396 4315 579 4379 comparere
608 4298 782 4364 humiliter:
817 4297 873 4361 sed
902 4298 974 4378 quia
1003 4296 1114 4361 mortis
1141 4295 1273 4360 insidiae

90 4404 145 4461 tam
166 4398 198 4461 in
224 4414 323 4476 reguo
347 4416 439 4478 quam
462 4406 552 4465 extra
574 4417 715 4479 regnum,
737 4397 926 4480 praesertim
949 4418 967 4461 a
987 4396 1177 4473 Teutoniciav,
1201 4404 1274 4459 sunt

88 4496 155 4561 mihi
178 4497 315 4580 positae,
339 4496 411 4561 ideo
434 4498 600 4562 multorum
631 4497 762 4562 consilio
782 4497 933 4578 judicavi,
966 4497 1049 4578 quod
1077 4495 1272 4560 foraticum

88 4604 206 4662 tentare
243 4596 340 4661 vitam
374 4600 467 4662 morti
500 4599 637 4665 tradere.
670 4599 814 4679 prosectu
848 4597 998 4662 ecclesiae
1035 4616 1099 4662 nou
1129 4602 1272 4676 urgente.

1075 4696 1107 4748 2*
