2992 5258
123 502 126 507 Ι
149 426 214 491 418
400 421 605 477 Controveraiae
622 422 657 477 de
673 423 804 491 religione
821 423 848 477 in
866 423 1012 478 Bobemiat
1030 424 1102 477 1410.

150 625 275 694 cautius
297 624 405 690 rimari
433 624 616 706 cupientes,
646 625 739 707 thus
762 625 909 692 infamiae
930 645 968 692 ac
990 624 1243 691 denuntiationis
1258 645 1344 693 occa·

150 727 241 793 sione
258 723 424 808 praedicto
445 722 642 808 Hieronymo
664 732 777 794 vocato
806 731 839 792 et
860 744 965 792 coram
980 725 1072 791 nobis
1087 727 1303 807 personaliter
1316 728 1345 792 in

147 828 267 911 jndicio
290 827 482 905 constituto,
511 826 686 891 formaliter
708 827 740 892 in
763 827 870 910 specie
893 832 927 892 et
948 826 1140 893 articulatim
1162 828 1196 893 in
1217 827 1344 911 scriptis

149 929 374 1015 proposuimus
399 945 453 1005 ea,
483 944 564 1009 quae
586 926 712 1008 publica
733 945 794 993 vox
822 925 959 993 etfama
980 932 1157 1009 testantur,
1184 946 1224 995 ac
1245 928 1345 1004 nobb,

151 1036 186 1094 ut
214 1028 426 1112 praedicitur,
456 1035 568 1093 contra
595 1027 699 1110 ipsum
726 1028 856 1093 fuerunt
884 1027 1050 1107 nunciata3
1081 1027 1136 1110 qui
1161 1035 1347 1096 constanter

150 1128 256 1195 omnia
270 1134 383 1194 contra
398 1145 468 1191 eum
490 1127 522 1192 in
545 1126 674 1210 scriptis
688 1127 846 1210 producta
866 1129 933 1194 alta
946 1148 983 1194 ac
998 1128 1099 1195 libera
1114 1147 1192 1196 voce
1206 1130 1345 1212 negavit,

150 1248 338 1312 quamquam
366 1227 519 1311 quaedam
542 1228 695 1295 adversus
718 1249 789 1296 eum
815 1230 980 1312 proposita
1005 1230 1085 1296 adeo
1107 1231 1236 1297 notoria
1250 1233 1349 1297 clare·

150 1338 224 1397 rent
245 1329 398 1409 veritate,
428 1328 513 1410 quod
536 1329 623 1396 nulla
643 1336 816 1412 potuerant
837 1336 933 1413 prout
954 1349 1014 1396 nec
1035 1338 1171 1412 possunt
1193 1331 1348 1414 tergiver-

151 1432 276 1499 satione
292 1430 398 1497 celari.
422 1428 576 1510 Equidem
592 1429 891 1510 animadvertentes
915 1430 1000 1512 quod
1022 1431 1049 1495 is
1071 1449 1134 1497 non
1156 1438 1248 1498 caret
1261 1451 1348 1499 scru-

153 1533 229 1616 pulo
245 1530 409 1598 societatis
424 1530 557 1610 alienae,
581 1530 634 1611 qui
649 1531 817 1596 manifesto
843 1530 976 1596 facinori
990 1549 1054 1597 non
1069 1531 1189 1598 desinit
1209 1534 1347 1611 obviare,

149 1632 289 1699 fiscalem
303 1639 449 1698 nostrum
460 1630 615 1696 adversus
628 1631 804 1713 praelatum
812 1631 1056 1713 Hieronymum
1073 1650 1114 1696 ne
1125 1633 1195 1698 sine
1207 1633 1348 1716 legitima

150 1733 335 1799 defensioue
366 1732 602 1810 succumberet,
630 1732 852 1797 constituimus
881 1739 1134 1814 procuratorem
1163 1733 1219 1815 qui
1248 1739 1349 1800 testes

150 1835 190 1900 de
203 1841 346 1916 etsuper
361 1851 419 1915 per
434 1832 629 1898 antedictum
651 1832 879 1914 Hieronymum
901 1833 1026 1915 negatis
1054 1832 1095 1898 ad
1115 1833 1349 1916 perhibendum

150 1935 368 2000 testimouium
383 1933 513 1998 veritati
534 1934 726 2000 auctoritate
739 1940 850 1998 nostra
871 1934 963 1999 citari
981 1934 1165 2016 procuravit
1185 1934 1229 2001 ad
1241 1941 1348 2000 certos

149 2035 360 2116 peremtorios
392 2033 545 2098 terminos
577 2040 811 2115 competentes,
844 2035 1052 2116 praelatoque
1078 2034 1279 2115 Hieronymo
1308 2035 1348 2102 ad

150 2133 320 2200 udendum
338 2133 449 2216 jurare
471 2133 651 2216 hujusmodi
674 2141 776 2199 testes
798 2135 945 2201 similiter
967 2143 1108 2201 evocato.
1135 2134 1259 2213 Quibus
1280 2136 1349 2218 qui·

151 2235 223 2300 dem
244 2234 382 2301 testibus
405 2241 439 2299 et
460 2240 669 2316 procuratore
698 2233 799 2301 fiscali
821 2254 859 2301 ac
870 2235 1068 2318 Hieronymo
1089 2253 1197 2302 coram
1209 2236 1304 2303 nobis
1318 2237 1351 2302 in

147 2336 268 2418 judicio
283 2335 552 2418 comparentibus,
568 2335 704 2416 quilibet
719 2336 820 2415 testis,
838 2337 931 2402 tactis
947 2337 1160 2402 sacrosanctis
1175 2336 1350 2418 evangeliis

150 2436 191 2502 ad
206 2434 438 2519 perhibendum
453 2436 669 2525 testimonium
682 2436 810 2503 veritati
833 2436 999 2519 corporale
1014 2437 1178 2519 praestitit
1188 2437 1351 2520 jentamen

151 2544 218 2602 tum
232 2537 266 2601 in
289 2536 472 2618 praesentia
492 2536 648 2619 praedicti
670 2537 872 2620 Hieronymi;
895 2537 948 2619 qui
971 2537 1066 2605 etiam
1088 2537 1130 2603 de
1151 2538 1268 2607 eundo
1288 2537 1351 2620 iuri

150 2656 257 2703 coram
280 2636 372 2703 nobis
394 2643 428 2703 et
442 2636 583 2719 parendo
607 2637 702 2702 licitis
725 2638 882 2704 mandatis
903 2637 1033 2718 nostrie,
1054 2657 1093 2704 ac
1115 2637 1157 2704 de
1178 2656 1245 2704 non
1261 2656 1350 2704 reee-

150 2737 255 2804 dendo
284 2737 324 2802 de
354 2738 479 2804 Vienna
509 2739 577 2804 aine
608 2743 719 2805 nostra
740 2738 870 2805 licentia
899 2739 1031 2821 speciali
1058 2738 1162 2804 simile
1187 2738 1351 2822 praeeu'tit

148 2839 364 2920 juramentum
392 2857 430 2904 ac
459 2839 519 2903 sub
546 2838 676 2921 majoris
698 2840 1034 2906 excommunicationis
1062 2839 1147 2906 latae
1167 2839 1350 2905 sententiae

151 2957 189 3005 ac
203 2939 298 3005 etiarn
314 2939 446 3021 perjurii
462 2940 584 3021 poenis,
607 2957 685 3020 quas
701 2938 734 3004 in
756 2958 800 3019 se,
823 2941 851 3005 si
873 2940 1067 3007 contrarium
1080 2940 1213 3018 laceret,
1234 2947 1351 3024 sponte

152 3041 309 3122 suscepit,
344 3046 378 3105 et
398 3039 482 3122 apud
505 3039 686 3121 hujusmodi
710 3057 825 3105 canorae
847 3047 919 3106 acta
940 3058 976 3105 se
996 3039 1164 3106 manifeste
1187 3039 1350 3122 obligavit

151 3140 217 3206 Nos
232 3139 318 3206 dicto
330 3139 526 3223 Hieronymo
549 3141 788 3223 compatientes,
816 3158 856 3205 ue
879 3141 928 3206 sui
951 3140 1096 3224 corporis
1110 3141 1351 3209 insecuritatem

151 3248 207 3307 aut
219 3242 383 3324 penuriam
400 3260 611 3323 expensarum
633 3241 769 3307 durante
785 3241 844 3306 bac
866 3241 1053 3323 quaestione
1076 3249 1187 3324 posset
1201 3242 1351 3323 allegare,

154 3341 214 3406 sibi
243 3360 301 3424 pro
323 3342 373 3406 sui
396 3342 498 3408 tutela
519 3342 664 3424 corporis
685 3349 717 3407 et
739 3342 852 3407 leviori
874 3342 1116 3425 subportatione
1139 3359 1352 3424 expensarum

152 3441 278 3507 domum
308 3449 342 3508 et
370 3460 526 3524 expensas
556 3443 702 3525 proprias
739 3449 865 3507 nostras
896 3460 995 3524 usque
1024 3460 1140 3508 causae
1169 3441 1352 3526 hujusmodi

151 3541 344 3608 decisionem
373 3543 513 3622 gratuita
543 3542 735 3620 obtulimus3
758 3560 839 3622 quae
864 3543 972 3607 renuit
993 3549 1179 3625 acceptare,
1201 3559 1353 3609 asserens

116 3711 117 3714 ,
152 3641 201 3707 bis
225 3640 386 3724 suffragiis
408 3641 511 3708 adium
533 3642 716 3708 nullatenus
737 3659 843 3722 egere.
866 3641 1015 3708 Tostibus
1036 3642 1194 3723 siquidem
1215 3642 1264 3709 sio
1278 3659 1349 3726 pro·

152 3741 256 3807 ductis
286 3742 482 3823 examinatis,
505 3743 545 3808 ad
566 3742 722 3809 ulteriora
743 3742 920 3825 procedere
942 3743 1101 3821 volentes,
1132 3741 1351 3826 saepedictum

151 3842 195 3907 M.
216 3842 446 3925 Hieronymum
474 3843 515 3910 ad
545 3843 713 3909 dicendum
739 3850 851 3909 contra
873 3843 959 3909 dicta
980 3843 1109 3908 testium
1138 3849 1173 3908 et
1194 3860 1350 3925 personae

151 3942 305 4009 adversus
327 3962 399 4008 eum
421 3944 664 4027 productorum,
687 3945 714 4009 si
736 3944 813 4026 quid
835 3945 932 4009 verbo
955 3961 1013 4009 scu
1035 3943 1068 4008 in
1090 3944 1221 4026 scriptis
1244 3943 1350 4010 dicere

151 4050 208 4109 aut
222 4060 385 4126 opponere
400 4045 506 4123 vellet,
529 4045 562 4109 in
577 4044 670 4110 domo
683 4045 889 4111 habitationis
906 4063 982 4110 suae
995 4063 1054 4127 per
1068 4051 1193 4110 ceruam
1207 4051 1349 4111 nestrum

153 4161 317 4209 cursorem
339 4144 431 4210 citari
456 4144 598 4226 lecimus,
620 4153 653 4211 et
675 4145 890 4211 mandavimus
915 4145 956 4211 ad
978 4151 1100 4211 certum
1123 4146 1348 4229 peremtoriutn

155 4244 324 4309 terminum
346 4252 589 4327 competentem.

252 4344 450 4411 adveniente
480 4346 588 4426 itaque
619 4346 756 4438 termino
778 4365 816 4411 ac
837 4344 942 4411 dictae
968 4346 1130 4412 citationis
1151 4346 1349 4414 executionis

155 4445 311 4511 relatione
333 4447 431 4527 laeta,
454 4434 717 4529 praenominatus
730 4447 945 4528 Hieronymus
961 4446 1147 4512 sercddena
1171 4446 1361 4514 evidentius·

155 4552 338 4628 suspectum
366 4547 406 4612 de
434 4545 496 4612 fide
518 4548 620 4613 nostri
638 4548 749 4629 iudicii
775 4566 907 4613 examen
929 4547 1097 4629 repudiata
1117 4548 1259 4613 veritate
1278 4544 1360 4630 per·¹

155 4645 310 4712 niciosnm
330 4647 528 4714 mendacium
550 4647 583 4712 iu
609 4666 741 4714 uxorem
762 4648 824 4714 sibi
846 4647 1015 4730 copulavit,
1037 4647 1163 4729 fugiam
1186 4645 1346 4732 prostituti
