2992 5258
422 410 470 465 111.
504 410 545 464 De
563 410 600 464 ld.
618 410 635 464 J
639 448 645 464 .
664 410 723 464 llus
739 407 878 463 audientia
896 407 940 461 die
959 411 975 463 7
991 407 1076 463 lunii.
1282 411 1343 475 283

150 615 225 681 dolo
239 621 273 679 et
284 612 520 696 culpaJoaunis
531 610 601 675 Hus
623 611 655 674 in
678 615 809 688 tantum,
832 609 916 690 quod
937 609 1094 674 notabiles
1115 610 1175 674 viri
1197 607 1343 675 catholici

152 724 186 780 et
217 714 313 779 derum
346 715 495 779 timentes
528 713 629 777 coacti
662 716 736 774 sunt
768 711 855 774 exire
889 716 923 774 et
948 711 1049 774 latere
1072 718 1162 775 extra
1183 710 1344 775 civitatem

150 815 356 897 praedictam,
386 820 589 893 stragesque,
612 810 886 892 depraedationes
909 810 1076 892 sacrilegia
1096 810 1220 890 aliaque
1242 810 1345 873 borri-

150 916 228 981 bilia
254 921 288 980 et
312 913 504 980 execrabilia
532 919 602 977 orta
631 920 664 975 et
685 918 795 975 secuta
826 919 916 989 sunt,
945 928 1074 992 operam
1096 910 1192 975 dente
1214 918 1247 975 ct
1268 928 1343 992 ope·

151 1022 246 1082 rante
267 1013 627 1098 praefatoloanueHns
648 1013 796 1076 cuiusuis
817 1010 1032 1092 complicibus
1054 1010 1238 1094 Respondit,
1260 1009 1345 1090 quod

150 1135 215 1182 nou
246 1123 379 1198 propter
410 1115 531 1195 ipsum,
565 1112 622 1177 sed
644 1119 776 1194 propter
797 1130 860 1175 non
882 1110 1107 1176 adhaesionem
1128 1112 1198 1192 regi
1220 1117 1254 1177 et
1274 1112 1343 1176 uni-

149 1217 297 1283 versitati
317 1216 350 1280 iu
363 1214 446 1280 laeto
459 1212 673 1277 neutralitatis
695 1211 952 1293 archiepiscopus
978 1210 1102 1293 Sbynco
1124 1209 1231 1294 posuit
1245 1210 1345 1275 inter·

152 1316 271 1381 dictum
294 1334 353 1398 per
375 1314 437 1379 duo
458 1312 607 1377 milliaria
620 1313 704 1378 circa
725 1312 873 1391 Pragam,
897 1317 930 1376 et
944 1311 1019 1377 binc
1040 1311 1175 1393 spoliato
1197 1310 1344 1393 sepulcro

151 1414 183 1481 S.
205 1414 384 1480 Wenceslai
406 1413 488 1494 fugit
508 1414 542 1478 in
563 1413 720 1493 Rudnicz,
750 1430 843 1493 quem
864 1413 967 1478 secuti
989 1420 1064 1478 sunt
1085 1411 1221 1494 praelati
1242 1409 1344 1476 etalii

130 1515 278 1592 clerici:
300 1522 334 1578 et
362 1515 583 1579 recusantibus
616 1514 679 1578 illis
701 1515 768 1594 regi
798 1513 974 1580 adhaerere
997 1523 1031 1579 ct
1052 1514 1158 1579 divina
1179 1529 1343 1594 peragere,

150 1632 188 1678 ac
209 1613 418 1695 fugientibus,
441 1614 495 1679 alii
517 1633 552 1678 se
575 1614 614 1680 de
637 1633 747 1680 eorum
762 1615 858 1679 rebus
872 1616 1123 1695 intromiserunt,
1147 1613 1205 1679 sed
1225 1631 1289 1678 non
1304 1630 1344 1676 ex

150 1713 297 1778 mandato
319 1713 422 1795 inquit
443 1732 529 1792 meo,
552 1732 610 1778 nec
632 1714 825 1780 inductione.

251 1813 295 1879 Et
319 1813 424 1878 Nasus
445 1814 537 1878 dixit:
559 1813 647 1892 Non,
681 1834 710 1896 p.
734 1811 828 1893 reum,
862 1822 994 1898 propter
1014 1831 1078 1879 non
1106 1811 1344 1889 adhaerentiam

152 1913 237 1992 regi,
270 1912 327 1978 sed
348 1921 481 1995 propter
503 1913 605 1994 spolia
626 1913 660 1976 in
680 1915 767 1995 ipsos
791 1914 957 1979 commissa
977 1918 1187 1993 rogaverunt,
1217 1918 1254 1976 ut
1278 1910 1343 1975 dic·

154 2020 203 2077 tus
232 2013 270 2076 D.
292 2013 560 2094 Archiepiscopus
587 2019 684 2093 ponat
716 2013 934 2095 interdictum,
967 2021 1001 2077 et
1026 2020 1158 2094 propter
1182 2012 1243 2077 boc
1269 2015 1344 2075 sunt

153 2113 288 2195 spoliati.

251 2213 294 2279 Et
322 2212 489 2278 cardinalis
520 2212 679 2279 Camenae.
707 2220 783 2279 tunc
812 2213 1043 2278 commissarius
1074 2219 1107 2277 ct
1123 2210 1223 2293 judex
1248 2209 1340 2275 dixit:

154 2313 198 2379 Ibi
230 2318 358 2396 opertet
386 2332 436 2377 me
458 2314 554 2377 etiarn
576 2312 750 2379 testificari:
774 2332 845 2378 curn
867 2314 1043 2394 equitarem
1065 2313 1105 2377 de
1126 2312 1234 2390 Roma,
1257 2311 1340 2375 obvii

153 2414 281 2480 luerunt
302 2413 377 2478 mibi
393 2416 473 2478 certi
487 2414 622 2496 praelati
632 2414 670 2479 de
685 2414 846 2495 Bobernia,
870 2422 903 2480 et
918 2434 989 2480 auur
1005 2416 1245 2495 interrogarem,
1262 2430 1343 2493 quae

153 2533 233 2580 nova
264 2514 309 2578 ibi
336 2520 458 2592 essent,
492 2514 740 2595 responderunt:
774 2514 801 2579 Ο
833 2522 926 2597 pater
946 2514 1227 2579 reverendissimel
1250 2512 1341 2592 mala,

152 2621 237 2681 tetus
261 2614 366 2678 clerus
387 2614 577 2694 praebendis
594 2621 627 2679 et
648 2615 743 2679 rebus
758 2617 824 2681 suis
840 2617 997 2698 spoliatur
1019 2623 1052 2682 et
1072 2616 1154 2681 male
1176 2618 1341 2679 tractatur.

151 2715 191 2780 Et
221 2714 391 2780 cardinalis
422 2712 580 2778 Camerac.
609 2714 689 2779 dixit
715 2714 758 2777 ei:
787 2715 942 2796 Magister
963 2717 1123 2782 Joannesl
1147 2709 1341 2796 quandoad·

150 2814 264 2880 duetus
285 2814 372 2879 luisti
406 2813 447 2879 ad
468 2814 628 2895 palatium,
663 2821 738 2879 tunc
760 2816 1035 2896 interrogabamus
1058 2824 1099 2897 te,
1122 2815 1259 2896 qualiter
1280 2814 1342 2879 huc

151 2915 302 2995 venisses
325 2921 358 2980 et
379 2920 414 2979 tu
436 2914 581 2994 dicebas,
605 2917 678 2997 quia
699 2917 800 2982 libere
821 2917 882 2982 buc
905 2918 1057 2996 venisses
1081 2923 1114 2982 et
1136 2917 1164 2981 si
1183 2915 1341 2981 noluisses

150 3014 209 3080 huc
238 3016 303 3094 ire,
336 3034 396 3080 nec
417 3018 474 3081 lex
495 3016 674 3095 Bohemiae,
698 3035 756 3082 nec
778 3018 816 3081 D.
840 3019 907 3082 Ilex
931 3019 1141 3083 llomauorum
1164 3023 1196 3082 te
1218 3015 1258 3081 ad
1280 3014 1341 3079 buc

149 3114 338 3180 ueniendum
370 3133 484 3196 cogere
511 3116 701 3207 potuissent.
746 3117 789 3182 Et
811 3117 879 3198 ipse
900 3118 1053 3198 magister
1074 3115 1252 3199 respondit:
1274 3115 1341 3179 lrno

150 3213 227 3294 diui,
261 3214 346 3295 quod
366 3214 467 3279 libere
490 3216 550 3281 buc
571 3215 659 3295 veni,
693 3222 727 3281 et
748 3216 775 3280 si
806 3217 978 3282 noluissem
999 3217 1060 3281 buc
1081 3216 1205 3295 venire,
1239 3222 1286 3279 tet
1308 3218 1342 3278 et

150 3317 228 3381 lauti
251 3321 327 3380 sunt
348 3314 510 3379 dominiin
524 3334 624 3396 regno
646 3316 826 3396 Bohemiae,
850 3317 903 3398 qui
916 3337 965 3382 me
987 3316 1131 3396 diligunt,
1153 3315 1341 3395 inquorum

150 3416 262 3479 castris
285 3415 385 3479 latere
409 3422 442 3480 et
463 3416 614 3480 occrrltari
637 3417 825 3498 potuissem,
848 3416 932 3498 quod
955 3436 1013 3484 uec
1035 3417 1088 3481 ille
1110 3434 1175 3494 rex,
1197 3432 1257 3478 nec
1279 3413 1341 3477 iste

151 3533 198 3579 mc
228 3514 270 3581 ad
302 3516 363 3580 huc
384 3516 573 3581 veniendum
595 3517 784 3597 coegissent.
818 3518 860 3583 Et
883 3517 1051 3583 cardinalis
1072 3524 1158 3582 moto
1182 3515 1286 3597 capite
1308 3518 1342 3578 et

149 3614 228 3681 facie
256 3614 298 3680 ad
323 3615 573 3696 indignationem
603 3616 831 3697 quodammodo
853 3624 976 3682 mutata
996 3617 1095 3682 dixit:
1117 3616 1201 3682 Ecce
1223 3622 1341 3696 quanta

151 3715 333 3780 temeritas!
363 3715 405 3780 Et
431 3715 471 3779 D.
506 3716 648 3781 Joannes
677 3716 718 3780 ad
741 3717 981 3782 circumstantes
1003 3718 1097 3796 dixit,
1130 3735 1201 3781 cum
1223 3716 1263 3780 de
1285 3714 1338 3779 illo

149 3822 399 3880 murmurarent:
424 3815 491 3879 Iino
507 3834 616 3879 verum
638 3815 716 3880 dicit
738 3823 771 3880 et
785 3834 895 3880 verum
911 3823 977 3896 cst;
1000 3826 1033 3882 ct
1048 3835 1107 3898 ego
1130 3835 1198 3881 sum
1219 3832 1341 3897 pauper

149 3916 237 3980 miles
253 3915 286 3978 in
308 3932 407 3994 regno
422 3922 542 3992 nostro,
565 3922 598 3980 ct
613 3933 672 3995 ego
688 3915 800 3980 vellem
816 3934 887 3980 euin
909 3916 949 3980 ad
972 3935 1069 3980 unum
1090 3934 1207 3981 aunum
1221 3915 1338 3986 lovere,

149 4016 272 4096 placeat
293 4015 343 4079 cui
366 4015 416 4079 vel
446 4014 621 4096 displiceat,
644 4015 728 4096 quod
757 4015 862 4097 ipsum
894 4016 1013 4081 babere
1044 4033 1108 4081 non
1135 4020 1255 4097 posset.
1298 4012 1340 4075 Et

149 4125 221 4181 sunt
242 4115 333 4179 multi
356 4121 389 4179 et
409 4116 514 4196 magni
536 4115 663 4195 domini,
685 4116 738 4197 qui
761 4134 831 4180 eum
854 4116 997 4197 diligunt,
1021 4118 1074 4197 qui
1097 4115 1216 4180 habent
1229 4113 1336 4178 fortis·

148 4216 224 4281 sima
256 4220 377 4295 castra,
406 4215 459 4296 qui
491 4234 564 4280 eum
584 4216 731 4281 foverent
761 4217 910 4297 quamdiu
931 4217 1063 4295 vellent,
1097 4215 1193 4281 etiarn
1225 4217 1337 4279 contra
1436 4260 1440 4265 -

149 4316 226 4381 istos
248 4315 358 4381 ambos
379 4334 482 4396 reges

245 4415 289 4480 Et
310 4421 479 4497 antequam
501 4417 687 4498 duceretur,
720 4417 801 4482 dixit
836 4417 866 4481 ei
888 4417 1056 4482 cardinalis
1079 4415 1333 4481 Cameracensis:

149 4513 188 4579 bl.
202 4516 363 4583 Joannesl
386 4517 433 4581 'l'u
449 4516 556 4583 dixisti
578 4535 681 4600 nuper
701 4518 735 4582 in
757 4517 849 4595 turri,
871 4518 944 4599 orda
966 4517 1063 4582 velles
1080 4516 1204 4581 concilii
1214 4515 1334 4597 judicio

147 4614 307 4684 lumiliter
338 4616 521 4699 subjacere:
554 4618 626 4686 ideo
658 4619 789 4684 consulo
812 4618 883 4694 tibi,
917 4637 957 4684 ne
986 4622 1019 4682 tc
1041 4616 1081 4682 de
1103 4617 1174 4682 istis
1196 4615 1354 4693 involvas·
