2992 5258
148 411 211 476 540
397 407 601 464 controversiae
618 407 652 462 de
669 408 801 475 religione
818 410 846 464 iu
862 408 1008 469 solemia:
1026 411 1101 466 lato.

152 620 203 678 est
224 610 318 691 mihi,
347 610 485 692 qualiter
503 612 567 693 jam
590 610 644 675 diu
667 618 716 676 est
737 613 790 678 ille
813 613 940 694 iniquus
960 613 994 679 in
1015 612 1200 679 carceribus
1221 618 1352 698 vestris,

152 714 209 778 sed
231 731 293 778 non
314 713 483 794 judicatus.
506 711 549 778 Et
570 712 662 778 valde
684 713 782 778 miror
804 713 843 778 de
866 714 983 779 Vestra
1005 721 1095 780 tanta
1116 715 1301 798 Maiestate,
1323 719 1351 783 si

151 815 196 880 ita
217 821 281 895 est,
309 832 372 880 non
395 814 515 895 puniri,
545 833 637 895 quem
660 814 739 881 deus
758 813 929 897 judicavit,
960 814 1095 881 dicendo
1117 834 1176 899 per
1198 817 1351 900 Moysen:

152 914 184 978 si
214 914 272 979 tibi
301 914 438 981 voluerit
466 914 661 997 persuadere
692 914 792 980 frater
821 922 908 996 tuus,
938 913 1022 981 filius
1043 919 1156 985 matris
1177 923 1270 999 tuae,
1295 928 1352 986 ant

151 1017 234 1083 filins
257 1026 330 1084 tuus
353 1017 403 1082 vel
424 1015 489 1082 lilia
510 1016 584 1092 sive,
600 1034 694 1092 uxor,
721 1034 803 1097 quae
826 1017 928 1082 estin
951 1018 1024 1082 sinu
1046 1026 1119 1098 tuo,
1141 1025 1199 1085 ant
1220 1020 1352 1097 amicus,

153 1136 246 1199 quem
268 1118 373 1198 diligis
396 1123 431 1181 ut
456 1118 590 1181 animam
614 1123 708 1192 tuam,
731 1116 810 1181 clam
832 1117 961 1181 dicens:
984 1136 1092 1184 eamus
1113 1127 1148 1184 et
1169 1120 1352 1185 serviamus

154 1223 214 1286 diis
241 1219 369 1297 alienis,
400 1235 479 1297 quos
507 1218 635 1297 ignoras
656 1221 692 1280 tu
721 1224 755 1282 et
783 1223 893 1298 patres
920 1219 980 1282 tui:
1009 1237 1072 1284 non
1105 1219 1293 1301 acquiescas
1315 1221 1353 1295 ei,

157 1334 215 1386 n'ec
237 1320 356 1399 audias,
379 1337 438 1383 nee
460 1326 572 1399 parcat
594 1319 623 1381 ei
646 1317 757 1383 oculus
779 1326 873 1399 tuus,
893 1326 928 1385 ut
950 1321 1132 1386 miserearis
1155 1328 1189 1386 et
1211 1320 1353 1407 occultes

157 1441 238 1501 curn,
262 1423 319 1488 sed
333 1422 440 1485 stetim
456 1418 627 1485 interficies
650 1438 730 1484 eum.
753 1420 873 1486 Iterum
895 1439 954 1504 per
975 1423 1154 1506 apostolum
1175 1422 1352 1489 dicentem:

154 1523 359 1588 Haeretienm
392 1520 550 1586 hominem
577 1527 650 1602 post
686 1521 818 1602 primam
849 1529 881 1587 et
910 1523 1082 1588 secundam
1114 1524 1352 1607 correptionem

155 1624 270 1696 devita,
295 1624 399 1688 sciens
422 1623 495 1702 quia
517 1621 688 1687 subversus
711 1628 776 1700 est,
804 1622 857 1702 qui
879 1622 1035 1703 ejusmodi
1056 1631 1106 1690 est
1129 1631 1163 1689 et
1185 1624 1352 1706 deliuquit,

156 1724 285 1806 proprio
305 1723 425 1804 judicio
448 1724 684 1789 condemnatus.
721 1722 845 1787 Idcirco
867 1733 956 1787 serme
977 1727 1049 1790 rext
1073 1742 1152 1807 rogo
1175 1743 1247 1805 vos,
1272 1725 1354 1808 quod

156 1825 293 1890 servetis
322 1826 373 1889 dei
408 1826 590 1908 praeceptis
619 1843 681 1889 non
710 1822 878 1889 dimittatis
907 1824 995 1889 illurn
1024 1827 1166 1907 iniquum
1196 1827 1240 1903 (J.
1272 1826 1353 1906 Hus)

155 1932 269 2009 gentes
291 1925 501 2009 persuadere,
524 1945 583 1990 nee
605 1925 730 2006 publice
753 1943 828 1990 sues
850 1925 1000 1991 haereses
1022 1927 1143 2005 audiri,
1165 1927 1223 1993 sed
1246 1928 1350 2009 statim

156 2027 307 2110 puniatur
329 2028 452 2104 taliter,
483 2027 565 2108 quod
594 2026 741 2090 dominus
763 2043 826 2090 non
847 2025 984 2108 imputet
1006 2027 1110 2108 vobis,
1133 2034 1170 2093 ut
1193 2045 1259 2093 non
1281 2046 1350 2095 con·

157 2127 346 2206 fundamini,
375 2128 460 2191 sieut
489 2127 608 2192 dictum
630 2133 681 2192 est
702 2144 761 2208 per
781 2128 937 2192 Ioannem
959 2131 1140 2210 apostolum
1162 2137 1198 2195 et
1218 2147 1350 2210 evange

157 2229 279 2294 lislam:
302 2228 334 2294 si
357 2229 428 2310 quis
443 2228 531 2293 veuit
545 2228 583 2293 ad
606 2245 664 2293 vos
686 2235 719 2293 et
740 2226 917 2293 doctrinam
936 2229 1014 2294 Iesu
1037 2228 1156 2296 Christi
1172 2249 1237 2295 non
1254 2227 1348 2303 affert,

158 2331 256 2394 nolite
290 2348 361 2394 eum
383 2326 528 2410 recipere
563 2329 594 2393 in
618 2328 710 2393 domo
744 2335 864 2406 vestra,
898 2347 957 2394 nec
979 2349 1037 2396 ave
1060 2330 1208 2396 dixeritis
1230 2332 1279 2409 ei;
1303 2330 1348 2411 qui

159 2431 241 2495 enim
275 2429 352 2494 dicit
373 2429 419 2494 iili
447 2448 520 2507 ave,
558 2429 767 2494 communicat
800 2430 949 2511 operibus
982 2432 1051 2513 eJus
1073 2431 1229 2512 malignis.
1274 2430 1346 2496 Ecce

159 2530 303 2613 praedixi
326 2530 425 2610 vohis,
448 2529 537 2596 utin
560 2530 611 2594 die
635 2529 752 2593 domiui
768 2530 868 2594 nostri
890 2531 970 2595 Iesu
998 2531 1116 2597 Christi
1139 2551 1205 2597 non
1227 2531 1343 2597 contnn·

159 2631 285 2696 damini.
309 2630 476 2711 Numquid,
500 2649 555 2694 ren
578 2630 797 2695 serenissime!
820 2631 989 2712 pedagium
1004 2632 1065 2697 sihi
1088 2650 1277 2697 concessum
1298 2648 1346 2714 per

159 2733 359 2813 Maiestatem
392 2731 539 2796 Vestram
571 2731 727 2796 hominem
760 2729 918 2810 liberabit,
949 2733 1002 2813 qni
1032 2732 1187 2814 magister
1210 2749 1344 2797 errorum

159 2832 220 2897 init
241 2837 274 2898 et
298 2832 430 2913 deliquit
452 2833 484 2896 in
514 2831 622 2896 multis
643 2835 778 2914 propter
805 2830 969 2897 haeresem
991 2850 1080 2896 suam
1101 2833 1295 2912 continuam
1315 2830 1346 2897 de

159 2951 223 3014 qua
243 2951 306 2998 non
330 2941 380 3000 est
414 2952 600 3011 conversus,
629 2951 688 2998 nec
710 2931 868 2997 contritus
890 2931 930 2996 de
952 2920 1084 3014 peccato
1106 2950 1184 3015 suo,
1206 2934 1265 3000 sed
1286 2951 1345 3017 pcr-

161 3039 290 3100 sererat
320 3035 353 3098 in
381 3035 549 3117 iniquitate
582 3034 661 3099 sua?
694 3033 799 3098 Absit!
834 3032 929 3098 Certe
952 3033 1066 3115 dignus
1099 3040 1150 3100 est
1182 3036 1347 3118 punitione,

162 3137 309 3216 quoniam
325 3152 388 3200 non
401 3141 451 3198 est
467 3135 615 3215 frangere
637 3133 730 3198 fidem
753 3133 791 3209 ei,
816 3132 868 3213 qui
892 3132 951 3199 deo
974 3133 1068 3199 tidem
1082 3133 1213 3214 trangit
1235 3135 1348 3218 Scripta

161 3254 254 3299 manu
277 3236 408 3317 propria
429 3234 550 3299 XXI'II
573 3235 623 3299 die
646 3235 754 3301 Martii
776 3251 813 3298 rt.

261 3335 353 3400 Nunc
381 3331 488 3400 autem
510 3336 712 3400 serenissime
735 3337 900 3418 princeps!
924 3336 1087 3415 noveritis,
1110 3334 1197 3418 quod
1221 3335 1345 3405 nuntius

161 3437 231 3502 aliis
264 3436 367 3501 literis
390 3442 423 3500 et
444 3435 614 3518 scripturis
636 3437 788 3518 receptis,
822 3436 920 3502 solam
944 3436 1067 3502 literam
1090 3435 1244 3519 scriptam
1266 3451 1344 3502 manu

53 3603 55 3607 .
162 3555 232 3601 mea
254 3535 371 3601 diaboli
393 3536 580 3617 operatione
601 3536 754 3618 perdidit,
778 3543 813 3602 ut
835 3554 915 3618 opus
936 3555 1029 3602 suum
1050 3535 1196 3619 iniquum
1216 3554 1281 3603 non
1300 3535 1344 3600 in·

163 3637 344 3718 pediretur;
377 3642 510 3718 propter
543 3637 627 3718 quod
659 3655 737 3717 rogo
770 3637 1032 3703 effectuosissime
1068 3636 1273 3718 Maiestatem
1297 3632 1344 3697 Ie

164 3744 276 3816 stram,
310 3742 467 3818 quatenus
489 3737 541 3801 dei
563 3756 671 3803 amore
697 3755 760 3803 non
783 3737 975 3820 permittatis
997 3753 1078 3819 opus
1100 3736 1273 3819 pessimum
1292 3733 1344 3799 dia·

163 3837 229 3902 boli
250 3855 455 3920 prosperare,
486 3837 542 3902 sed
565 3839 672 3903 statim
694 3837 750 3904 fiat
771 3839 894 3921 punitio
917 3837 956 3902 de
979 3854 1037 3902 suo
1059 3836 1229 3917 servitore,
1252 3843 1287 3901 ut
1303 3847 1342 3898 re

164 3943 295 4020 putetur
317 3938 407 4002 vobis
436 3938 477 4004 ad
495 3938 672 4019 justitiam,
701 3945 734 4005 et
755 3940 833 4005 deus
859 3939 948 4005 dabit
969 3938 1059 4004 vohis
1080 3938 1258 4020 praemium
1276 3950 1340 4001 seu·

166 4038 335 4120 piteruum.
358 4038 517 4120 Scriptum
539 4057 633 4103 manu
655 4040 802 4123 propria,
829 4038 966 4105 XXVIII
987 4037 1117 4120 Aprilis,
1138 4054 1224 4103 anno
1244 4027 1342 4102 donni

166 4136 389 4204 MCCCCXV0.

939 4240 1006 4304 Rex
1032 4237 1261 4305 Ferdinandus.
