2992 5258
368 400 402 455 ΙΙ.
419 399 461 454 De
472 399 511 454 Μ.
528 400 553 454 J.
565 399 624 454 Hus
642 400 813 453 Constantine
830 400 859 454 in
876 415 1011 454 carcerem
1028 400 1158 468 conJ'ecto.
1296 404 1359 469 269

164 604 275 663 tionem
309 621 391 663 suam
420 611 450 664 et
477 611 603 664 montem
633 605 783 663 doctorum
818 620 871 676 pro
899 605 1062 664 intentione
1091 621 1144 664 sna
1165 605 1358 678 allegatornm

165 704 445 777 distinctionumque
468 705 697 776 multiplicitates
720 713 750 764 et
771 706 1038 778 aequivocationes,
1059 707 1090 764 in
1113 705 1216 778 quibus
1239 712 1270 765 nt
1291 706 1355 777 plu·

169 803 274 862 nimum
298 822 415 863 suorum
437 806 623 864 articulorum
645 813 833 878 excerptores
857 825 954 866 secum
977 808 1182 880 aequivocam,
1204 814 1236 864 ut
1257 806 1299 865 sic
1320 804 1359 863 ad

169 905 386 975 depositionem
409 906 540 975 testium,
563 923 682 978 quorum
704 907 787 965 multi
800 908 931 979 ejusdem
952 906 1069 965 suerunt
1090 913 1121 965 et
1142 913 1208 965 sunt
1230 923 1248 964 a
1268 906 1357 977 longo

166 1011 302 1075 ternpore
329 1007 471 1077 capitales
496 1007 620 1076 inimici,
650 1014 680 1065 et
705 1008 741 1065 ad
771 1008 989 1080 instigationem
1018 1006 1150 1067 frivolam
1179 1006 1358 1064 aemulorum

173 1120 308 1173 suorum,
330 1106 480 1185 cumipse
502 1107 634 1178 captivus
656 1113 792 1166 teneatur
812 1115 871 1165 tam
893 1108 1102 1166 miserabiliter
1131 1108 1206 1166 sicut
1226 1103 1357 1177 praeler-

168 1209 224 1276 tur‚
243 1203 392 1264 inauditus
415 1223 475 1264 non
497 1206 664 1280 damnetur,
698 1223 762 1266 cum
791 1224 826 1265 ex
849 1208 934 1267 dictis
956 1206 1203 1267 declarationibus
1225 1204 1357 1263 Paterni·

168 1312 243 1365 tates
281 1305 450 1379 praedictae
488 1306 526 1365 de
564 1307 685 1365 veritate
725 1308 832 1366 clarius
865 1308 996 1378 poterint
1033 1305 1192 1375 informari,
1228 1311 1259 1363 et
1291 1304 1356 1376 ipse

171 1422 286 1479 semper
307 1413 426 1478 paratus
456 1406 494 1465 sit
516 1405 683 1465 diffinitioni
707 1424 738 1466 se
761 1407 906 1480 subjicere
928 1407 1045 1466 concilii
1067 1405 1261 1477 sacrosancti3
1283 1420 1358 1472 nam,

170 1506 323 1565 reverendi
355 1511 468 1578 patres,
510 1506 549 1564 ad
586 1503 669 1566 fictos
710 1515 739 1565 et
771 1507 889 1566 dolosas
935 1507 1089 1565 suasiones
1122 1507 1265 1565 dictorum
1293 1504 1358 1577 ejus

172 1606 346 1664 aemulorum
373 1607 466 1678 major
494 1621 563 1676 pars
594 1606 678 1665 istius
708 1607 785 1665 sacri
806 1606 922 1665 concilii
947 1606 1104 1664 informata
1134 1612 1180 1663 est
1206 1605 1308 1664 taliter
1329 1608 1359 1660 et

171 1706 303 1780 inducta,
332 1707 409 1779 qnod
430 1708 495 1778 ipse
517 1707 557 1764 M.
579 1709 663 1767 Joan.
685 1708 747 1766 llus
770 1708 859 1766 sitin
892 1707 1065 1781 periculosis
1095 1705 1226 1765 articulis
1248 1719 1266 1760 a
1293 1703 1358 1774 plu·

170 1807 248 1866 ribus
270 1808 452 1879 temporibus
474 1807 714 1880 incorrigibiliter
742 1808 921 1877 obstinatus,
944 1807 1021 1880 quod
1042 1806 1139 1864 dietae
1162 1805 1358 1863 Paternitatos

169 1916 284 1968 extunc
307 1908 385 1965 clare
408 1908 577 1979 conspicere
600 1909 729 1978 poterint
751 1924 816 1967 esse
840 1906 952 1966 salsum.
975 1907 1014 1965 Et
1036 1907 1074 1965 ad
1095 1908 1159 1979 ejus
1182 1904 1357 1962 evidentiam

165 2008 291 2080 arnplius
324 2007 535 2066 ostendendam
567 2006 689 2066 offertur
720 2008 950 2067 Paternitatibus
987 2007 1102 2065 Vestris
1135 2007 1358 2063 instrumentum

163 2108 303 2175 publicae
335 2108 543 2180 recognitionis
576 2107 731 2166 reverendi
762 2109 793 2166 in
827 2109 943 2167 Christo
976 2107 1068 2179 patris
1102 2105 1211 2164 domini
1243 2101 1358 2162 Nicolai

163 2207 307 2280 episcopi
338 2206 547 2267 Nazaretensis
572 2213 602 2265 et
630 2208 811 2280 inquisitoris
839 2208 1005 2267 baereticae
1032 2206 1200 2278 pravitatis,
1233 2203 1359 2262 civitatis

158 2315 194 2366 et
227 2307 359 2365 diocesis
384 2306 557 2379 Pragcnsis‚
586 2323 640 2379 per
669 2309 769 2366 sedem
798 2309 989 2379 apostolicam
1017 2306 1187 2377 specialiter
1218 2303 1358 2377 deputati,

154 2419 220 2476 per
243 2407 366 2464 Vestras
388 2405 584 2465 Paternitates
608 2408 776 2480 diligentius
798 2409 1047 2467 auscultandum.“

270 2505 411 2578 „Placeat
431 2507 520 2581 igitur
540 2507 626 2565 dietis
656 2509 907 2567 reverendissimis
936 2506 1165 2566 Paternitatibus
1189 2506 1296 2564 dictum
1317 2505 1359 2562 bl.

150 2604 180 2663 J
185 2623 254 2669 oan.
278 2606 341 2665 llus
369 2623 427 2665 non
450 2607 624 2677 convictum,
652 2625 709 2666 non
732 2610 961 2678 condemnatum,
982 2607 1080 2666 lacero
1102 2606 1215 2666 extrahi
1237 2605 1273 2663 de
1297 2604 1359 2662 vin-

152 2707 244 2765 culis
267 2712 299 2765 et
320 2706 517 2778 compedibus,
539 2708 569 2765 iu
592 2709 784 2780 quibusnuno
804 2710 935 2782 graviter
946 2709 1100 2777 detinetur,
1122 2715 1153 2767 ot
1168 2722 1278 2778 ponere
1295 2721 1360 2763 enm

147 2801 195 2865 in
232 2806 368 2865 manibus
403 2808 566 2879 aliquorum
596 2811 824 2868 reverendorum
857 2811 1037 2868 dominorum
1073 2810 1277 2880 episcoporum
1312 2805 1360 2864 vel

149 2905 434 2964 commissariorum
455 2922 473 2964 a
495 2923 578 2966 sacro
600 2911 750 2980 praesenti
773 2910 898 2969 concilio
921 2910 1125 2981 deputatorum
1147 2902 1194 2967 v'el
1215 2908 1358 2978 deputan-

150 3003 285 3075 dorum,
314 3013 345 3064 ut
372 3006 438 3077 ipsa
459 3007 500 3065 Μ.
522 3009 606 3067 Joan.
630 3009 692 3067 llus
714 3011 744 3068 in
766 3010 826 3068 suis
856 3010 952 3068 valeat
973 3011 1082 3068 viribus
1104 3009 1233 3068 recreari
1255 3013 1284 3065 et
1306 3023 1360 3078 por

156 3104 268 3164 dictos
293 3105 426 3164 dominos
449 3109 665 3168 contmissarios
687 3109 841 3180 deputatos
863 3110 909 3168 vel
932 3110 1114 3180 deputandos
1138 3108 1305 3180 diligentius
1328 3113 1360 3165 et

151 3205 349 3264 commodius
376 3207 533 3265 examinari
559 3214 590 3266 et
616 3209 690 3280 ipsis
719 3209 840 3267 liberius
869 3210 1060 3280 respondere.
1103 3209 1142 3266 Et
1170 3206 1357 3265 nibilominus

157 3301 281 3362 domini
310 3320 345 3364 aa
365 3305 481 3365 nobiles
510 3307 581 3366 dicti
609 3308 695 3381 regui
715 3308 875 3367 Bobemiae
904 3309 1004 3368 volunt
1026 3309 1063 3367 de
1085 3306 1237 3366 tutissimis
1259 3305 1357 3376 prori-

155 3401 241 3462 dere
263 3401 495 3476 fidejussoribus,
515 3408 567 3479 qui
589 3406 674 3468 fidem
687 3425 767 3467 suam
788 3423 846 3466 non
857 3407 1027 3481 frangerent
1047 3424 1101 3479 pro
1123 3406 1183 3465 ulla
1204 3422 1237 3463 ro
1252 3405 1359 3473 mundi,

159 3504 278 3576 quique
307 3503 407 3562 taliter
435 3503 638 3579 fidejubebunt
659 3524 713 3579 pro
735 3510 817 3580 ipso,
840 3511 916 3582 quod
944 3526 1002 3568 non
1025 3507 1144 3582 effrrgiet
1169 3509 1205 3567 do
1227 3504 1360 3563 matribus

159 3603 315 3662 dictorum
343 3604 538 3675 dominorum,
568 3607 625 3665 nisi
647 3609 728 3678 prius
749 3610 781 3667 in
804 3610 926 3668 materia
948 3617 978 3667 et
998 3607 1083 3668 laetis
1111 3610 1190 3681 ejus,
1219 3613 1252 3664 ut
1273 3620 1358 3677 prac-

159 3704 291 3762 missum
319 3709 380 3773 est,
408 3702 498 3763 suerit
518 3708 717 3779 terminatum3
744 3709 774 3767 in
796 3709 1023 3782 praemissorum
1046 3710 1217 3767 executione
1240 3705 1360 3773 efficaci,

161 3804 275 3872 statui,
297 3801 392 3862 lamae
415 3812 445 3864 et
465 3805 570 3864 honori
592 3808 662 3867 dicti
684 3809 827 3879 praeclari
850 3809 933 3880 regni
954 3807 1113 3866 Bobemiae
1136 3815 1166 3866 et
1187 3809 1267 3866 salvo
1289 3822 1359 3866 con·

164 3904 269 3962 ductui
293 3903 363 3962 dicti
384 3903 463 3962 sermi
493 3907 633 3981 principis
656 3909 852 3967 Romanorum
873 3909 952 3981 regis
983 3908 1140 3967 salubriter
1162 3908 1358 3979 providentes.

166 4002 230 4062 Sed
252 4018 290 4060 ne
312 4003 421 4063 inimici
442 4005 562 4067 honoris
584 4015 615 4068 et
636 4007 729 4067 lamae
751 4010 821 4069 dieti
842 4011 926 4083 regni
947 4008 1105 4067 Bobemiae
1128 4014 1157 4067 et
1179 4007 1360 4065 dominorum

170 4103 410 4174 supradictorum
432 4107 647 4169 obtrectatores
669 4110 793 4169 dominis
815 4110 888 4183 ipsis
909 4110 940 4168 in
962 4117 1110 4181 posterum
1126 4108 1241 4180 possint
1260 4106 1359 4164 detra·

168 4199 257 4271 here,
278 4202 360 4273 ipsos
383 4202 505 4264 forsitan
526 4209 557 4267 in
578 4217 728 4284 posterum
740 4210 966 4283 praetendentes
989 4215 1019 4268 et
1040 4208 1222 4280 suspicantes
1246 4204 1359 4263 inordi-

171 4309 240 4360 nata
261 4308 293 4361 et
313 4301 418 4362 illicita
439 4307 560 4377 petiisse
583 4316 613 4369 et
633 4316 735 4382 petere
766 4316 795 4368 et
816 4325 870 4381 pro
892 4309 951 4368 illis
974 4309 1021 4368 bic
1042 4324 1140 4367 coram
1161 4306 1276 4364 Vestris
1298 4305 1356 4363 Pa·

171 4399 358 4460 ternitatibus
378 4403 535 4479 institisse;
563 4411 632 4482 qnia
662 4426 733 4469 rero
766 4409 875 4468 domini
896 4408 1055 4480 supradicti
1076 4405 1192 4464 nonnisi
1211 4407 1306 4478 justas
1329 4410 1360 4463 et

173 4501 363 4561 rationabiles
395 4503 449 4564 bas
484 4508 642 4579 petitiones
677 4516 708 4569 et
739 4511 869 4583 ipsorum
901 4509 999 4567 vidore
1036 4505 1222 4566 exauditione
1255 4504 1358 4578 dignas

174 4600 286 4662 Vestris
312 4603 541 4670 Paternitatibus
563 4617 769 4685 porrexerunt,
801 4611 868 4670 ideo
897 4611 935 4669 ad
957 4607 1131 4667 obviandum
1160 4604 1245 4665 dietis
1275 4605 1359 4664 malis
