2992 5258
119 408 187 462 lone.
205 407 308 462 olerum
325 406 403 474 Preg.
422 412 520 474 monet,
539 411 569 459 ut
587 406 669 473 episc.
688 404 793 459 Lutum.
811 403 931 473 adjuret
1028 405 1090 471 579

175 615 264 675 tanta
286 611 317 673 in
339 609 479 674 futurum
503 607 626 674 desidia
647 626 705 674 seu
727 607 902 673 timiditate
922 606 1090 685 ducamini,

121 628 269 789 Kanum
299 730 356 794 pro
390 710 451 775 fide
478 711 547 792 ipsa
577 708 801 792 reintegranda
834 707 1090 788 defensandaque

215 814 292 895 unm
317 813 430 876 timore
456 811 634 892 postposito
657 809 770 876 diebus
792 829 829 876 ao
851 810 998 876 noctibus
1022 809 1091 875 eiii-

242 898 380 983 'neatis
425 911 563 991 Ideoque
593 910 915 992 Circumspectionem
944 910 1091 976 Vestram

303 1013 411 1095 ‘rirnus
435 1019 467 1075 et
489 1013 653 1076 hortamur
675 1013 708 1076 in
731 1011 874 1084 domino,
897 1016 933 1077 ut
957 1031 976 1077 a
996 1010 1088 1076 modo

353 1113 513 1177 lominum
536 1113 710 1192 erigentes,
734 1112 842 1178 taliter
864 1112 984 1193 agatis,
1007 1113 1092 1194 quod

387 1213 540 1292 ²¹aorasia,
563 1232 643 1295 quae
667 1220 702 1278 ut
723 1213 806 1278 fama
827 1221 877 1278 est
898 1214 1092 1295 negligentia

423 1313 514 1393 '‘uina
536 1314 625 1377 vobis
647 1314 824 1397 opitulante
846 1313 1016 1397 elementia
1036 1331 1091 1397 pe-

461 1406 552 1479 ‘utun
593 1415 629 1478 In
653 1433 714 1495 quo
738 1434 807 1509 eum
831 1414 915 1479 dioto
940 1415 1089 1497 episeopo

404 1570 408 1575 .
432 1525 465 1579 et
487 1515 622 1580 viriliter
637 1517 829 1596 assurgatis3
852 1515 935 1597 quod
958 1516 984 1579 si
1006 1514 1090 1581 feee-

327 1635 401 1680 mae
417 1616 558 1680 debitum
574 1617 780 1697 exequemini‚
805 1616 888 1680 unde
911 1616 1006 1682 etiam
1027 1635 1091 1682 me·
1129 1636 1132 1641 ·

245 1760 256 1781 t
283 1717 527 1781 benivolentiam
557 1717 717 1782 hominum
740 1735 795 1782 vos
818 1717 969 1800 consequi
991 1718 1091 1782 nulla-

153 1836 201 1883 ns.
246 1816 395 1881 Ceterum
418 1817 502 1882 circa
524 1818 648 1898 singula
674 1817 754 1882 hane
775 1818 939 1883 materiam
962 1836 1092 1884 concer-

119 1917 243 1983 erenum
268 1917 356 1981 vobis
380 1936 437 1999 per
459 1917 594 1982 eundem
610 1919 793 2000 episcopum
815 1916 909 1982 fidem
931 1917 1091 1984 credulam

120 2036 222 2084 cnon
248 2019 343 2083 etiam
366 2019 585 2093 executionem
612 2018 752 2084 debitam
773 2018 959 2102 impendere
974 2019 1090 2097 velitis

120 2138 157 2184 us
173 2120 242 2202 ipse
265 2119 350 2185 dieto
367 2120 517 2201 episcopo
539 2126 573 2185 et
595 2121 683 2185 vobis
706 2138 764 2184 sua
785 2120 888 2200 gratia
910 2119 1090 2202 inspirabit,

119 2227 130 2287 t
152 2237 303 2286 censuras
332 2220 410 2285 alias
432 2221 531 2298 vobio,
555 2220 661 2301 quiin
684 2220 743 2286 hoe
764 2220 872 2285 forsan
892 2220 1091 2302 negligentes

119 2342 125 2384 ,·
158 2324 293 2412 eundem
327 2322 510 2404 episcopum
545 2321 660 2400 eadem,
677 2321 868 2386 auctoritate
901 2319 1089 2401 infligendas

120 2442 169 2503 re,
193 2432 225 2490 et
247 2442 379 2507 quarum
394 2423 623 2490 relaxationem
646 2440 683 2487 eo
706 2439 768 2488 non
784 2421 1006 2487 consentiente
1021 2438 1087 2500 vos,

119 2527 274 2604 irroratis,
308 2543 402 2607 posse
436 2525 583 2589 obtinere
615 2523 817 2604 aliquatenus
840 2541 902 2587 non
938 2521 1088 2587 credatis

119 2627 214 2706 ntiae,
237 2627 280 2690 IV
304 2643 403 2690 nonas
426 2625 631 2706 Septembris,
654 2631 842 2689 annoanat.
859 2622 979 2688 domini
997 2623 1087 2701 1415,

119 2725 169 2792 ede
190 2733 333 2791 vacante.
