2992 5258
421 422 463 476 sa
480 423 615 492 Anonymi
631 422 708 480 relat
728 423 762 479 de
781 379 896 492 proteus.
914 423 989 478 Hier.
1007 392 1086 490 ring.
1288 424 1350 505 597

153 628 227 708 lam,
250 627 589 711 quampropriamanu
611 627 748 710 scripsit,
771 627 916 711 quamad
936 643 1090 710 praesens
1112 627 1209 693 certis
1226 643 1351 692 excau-

153 729 201 795 sis
222 727 313 796 uobis
334 746 397 795 non
420 727 610 810 transmitto,
639 730 806 796 continens
827 731 860 795 in
884 729 1009 810 effectu,
1033 729 1117 811 quod
1147 746 1206 811 ego
1235 727 1351 795 Hiero·

152 849 267 914 111111
288 830 374 897 nullo
387 836 520 912 cogente
531 847 569 896 st.
592 850 698 907 coram
719 832 857 921 vobisne.
881 840 1069 915 stosemper
1081 838 1114 899 et
1135 837 1266 915 paratus
1281 849 1351 896 sum

152 937 241 1000 stare
262 949 333 999 cum
355 933 488 999 concilio
509 949 547 998 st.
570 938 604 999 et
624 935 815 1016 praesertim
837 936 869 1000 in
891 934 951 1015 1111,
977 951 1060 1017 quae
1082 933 1123 1000 ad
1145 931 1239 1000 fidem
1260 950 1350 1017 spec·

152 1038 232 1116 tant,
254 1040 367 1102 tenens
389 1040 423 1101 11
444 1032 598 1117 profitens
620 1040 654 1101 et
682 1041 868 1103 constanter
899 1041 1047 1102 tenturus
1075 1041 1108 1102 et
1137 1033 1349 1118 professurus,

153 1141 187 1203 11
208 1153 307 1220 super
325 1136 388 1203 hoc
409 1142 460 1202 sto
482 1154 553 1202 cum
573 1154 665 1203 sacro
687 1137 820 1203 concilio
843 1142 941 1220 atque
973 1153 1102 1219 semper
1132 1134 1222 1201 stabo
1254 1151 1351 1217 super

151 1237 416 1305 condemnatione
437 1243 478 1306 45
499 1239 705 1305 articulorum
727 1236 844 1305 Wiclei
861 1245 895 1305 et
916 1243 958 1315 30
978 1237 1184 1304 articulorum
1199 1235 1277 1308 Hus,
1300 1235 1348 1301 di·

151 1343 241 1408 recta
263 1358 300 1409 ac
322 1340 448 1407 sincero
469 1339 632 1424 profitens,
655 1340 717 1405 rito
739 1359 776 1405 ac
799 1333 923 1406 utiliter
944 1338 1017 1405 illas
1031 1355 1103 1404 esse
1125 1338 1350 1405 condemnatas

151 1441 338 1523 sententias,
357 1447 516 1522 mmquam
536 1439 655 1505 Christi
675 1438 822 1506 fidelibus
839 1439 992 1516 obnoxias
1011 1458 1049 1506 ac
1065 1439 1242 1506 turbativas
1261 1455 1351 1505 sane-

151 1545 217 1609 tam
233 1541 417 1622 ecclesiam
439 1548 472 1609 et
482 1541 553 1609 dico
564 1560 641 1607 vere
656 1546 689 1607 et
703 1541 871 1622 veraciter,
887 1541 971 1624 quod
986 1541 1061 1607 dum
1072 1542 1148 1607 mihi
1164 1541 1210 1607 illi
1221 1544 1262 1606 30
1273 1540 1351 1607 arti·

152 1643 215 1710 culi
238 1643 307 1709 llus
320 1644 418 1711 oblati
440 1642 585 1724 11111111,
608 1644 711 1726 prima
721 1643 827 1711 fronte
849 1661 913 1708 uon
927 1643 1113 1724 credebam,
1136 1642 1221 1726 quod
1243 1646 1353 1708 essent

152 1746 278 1812 articuli
294 1747 376 1828 ejns:
401 1747 458 1812 sed
470 1752 638 1829 postquam
659 1745 876 1828 peregregios
898 1745 1047 1811 doctores
1058 1744 1152 1829 plene
1164 1743 1352 1811 informatus

152 1866 221 1914 sum
244 1849 284 1913 de
306 1849 374 1927 hoc,
391 1845 511 1913 credidi
536 1864 608 1912 csse
629 1864 685 1912 cos
699 1847 809 1929 ipsius,
832 1851 1049 1912 verumtamen
1071 1845 1112 1911 ad
1125 1844 1351 1912 removendum

153 1955 256 2017 totum
278 1949 460 2032 scrupulum
482 1949 598 2015 mentis
620 1966 677 2032 pro
700 1949 831 2032 proprio
852 1947 934 2015 libro
957 1945 1034 2013 dicti
1055 1947 1189 2014 Joannis
1210 1946 1280 2012 Hus
1302 1948 1351 2012 in·
1389 1981 1391 1984 >

151 2051 220 2118 stiti
244 2050 422 2133 diligenter,
442 2049 579 2116 dandum
596 2048 697 2134 (csse)
712 2049 788 2116 mihi
803 2049 919 2115 librum
935 2049 1014 2131 ejus,
1037 2066 1132 2114 manu
1147 2067 1203 2115 sua
1219 2048 1350 2132 propria

152 2154 306 2237 scriptum
327 2152 463 2235 adeptus
495 2170 573 2232 sum,
603 2170 696 2233 quem
726 2152 800 2217 novi
822 2169 917 2217 manu
943 2151 1176 2233 subscriptum
1207 2168 1289 2232 esse,
1318 2148 1351 2216 in

152 2272 335 2339 quoomues
357 2253 509 2320 articulos
531 2253 634 2320 dictos
656 2253 763 2336 reperi
788 2253 926 2335 scriptos
947 2253 980 2318 in
996 2272 1035 2319 ea
1057 2252 1168 2332 forma,
1192 2270 1256 2335 qua
1275 2268 1349 2319 con·

150 2356 290 2422 demnati
312 2359 399 2420 suunt.
423 2355 561 2420 Proinde
583 2352 745 2437 profiteor,
768 2372 824 2419 eos
848 2353 912 2418 ritc
934 2371 1006 2419 esse
1030 2353 1209 2432 damnatos;
1232 2353 1352 2422 etlicet

149 2456 280 2524 intimus
292 2455 410 2522 amicus
433 2476 519 2522 eram
540 2475 697 2539 personae
713 2462 746 2522 11
757 2455 906 2521 defensor
921 2455 970 2521 sui
985 2454 1126 2534 honoris,
1149 2462 1255 2520 tamen
1267 2474 1352 2524 nunc

150 2559 280 2641 scriptis
309 2558 374 2623 suis
404 2558 543 2641 propriis
572 2556 774 2636 certificatus,
799 2574 930 2622 suorum
953 2557 1074 2622 amicus
1105 2574 1252 2621 errorum
1278 2575 1350 2623 esse

150 2658 233 2738 nolo,
256 2665 289 2724 et
310 2658 452 2741 approbo
475 2657 772 2724 condemnationem
798 2675 1006 2741 personarum
1028 2656 1145 2723 Wiclei
1163 2656 1286 2722 etHue
1309 2657 1351 2726 Et

149 2756 210 2824 hoc
232 2778 302 2825 mco
321 2761 502 2842 juramento
533 2757 632 2838 firmo,
663 2759 737 2841 quia
760 2759 893 2825 sincere
915 2764 948 2824 ct
976 2758 1076 2825 libere
1106 2759 1166 2824 rite
1195 2758 1350 2838 hocfeci,

149 2859 226 2925 licet
246 2859 337 2925 multi
358 2861 536 2938 aestimant,
568 2860 652 2941 quod
675 2859 735 2926 hoc
764 2859 911 2925 fecissem
942 2860 982 2924 ad
1011 2858 1257 2941 depravandum.
1287 2859 1350 2926 Sed

149 2958 189 3025 ad
203 2960 427 3027 removendum
448 2960 509 3025 hoc
531 2960 605 3039 dixi,
629 2960 713 3042 quod
735 2960 830 3026 habui
853 2961 1021 3025 maximum
1042 2965 1261 3042 argumentum
1278 2977 1350 3025 cum

151 3058 482 3143 Hus(itis),quomodo
495 3059 914 3127 eorumfactafinaliternon
927 3054 1349 3142 possentsubsistermdini:

152 3159 215 3228 hoc
237 3160 321 3227 idem
345 3163 480 3228 scribam
502 3163 546 3226 D.
570 3163 648 3243 Regi
671 3161 850 3240 Bohemise,
873 3159 1031 3226 Laczlroni
1058 3166 1091 3227 ct
1113 3163 1229 3228 ceteris
1258 3162 1350 3228 baro-

150 3261 245 3328 nibus
262 3270 295 3328 et
316 3264 397 3329 banc
419 3264 624 3341 sententiam;
648 3262 767 3342 etjam
789 3260 903 3327 multas
925 3261 1048 3346 scripsi.
1071 3261 1113 3328 Et
1133 3270 1293 3345 nonpeto,
1317 3269 1352 3329 ut

150 3369 285 3446 propter
299 3364 380 3430 hanc
401 3365 635 3430 revocationem
656 3363 807 3442 dimittar,
834 3361 892 3428 sed
913 3362 1008 3428 facite
1030 3362 1106 3428 mihi
1121 3362 1350 3445 poenitentiam

149 3482 208 3546 pro
221 3466 404 3531 excessibus
425 3465 526 3542 meis;
556 3482 777 3547 quiamcunque
804 3463 977 3546 elegeritis,
1000 3468 1131 3546 paratus
1143 3480 1211 3528 1111
1234 3463 1350 3530 subire.

150 3565 256 3631 Etiam
278 3585 316 3632 ex
339 3568 503 3650 proposito
529 3565 713 3631 multotiens
727 3581 784 3630 vos
807 3583 839 3645 p.
872 3563 944 3645 (cic)
967 3563 1082 3629 offendi
1105 3581 1253 3630 sermone
1275 3563 1351 3629 ridi·

150 3666 270 3743 culoso,
300 3667 426 3748 quando
448 3666 608 3731 vobiscum
632 3664 849 3731 conferebam:
871 3665 928 3729 scd
951 3663 1064 3730 videns
1085 3681 1151 3746 vos,
1179 3664 1264 3747 quod
1286 3670 1350 3730 tam

150 3765 229 3833 mite
251 3767 375 3832 sincere
397 3767 549 3833 laboratis
571 3785 701 3834 mecum
725 3771 761 3830 ut
782 3765 945 3832 reducatis
967 3784 1017 3830 me
1039 3764 1079 3829 ad
1104 3766 1186 3832 11111
1201 3765 1349 3833 veritatis

152 3867 194 3933 (11
222 3867 384 3935 erroribus
406 3868 593 3950 iniquitatis
623 3867 787 3950 amplexus
809 3884 878 3931 sum
900 3865 1083 3932 veritatem.
1107 3864 1265 3949 Suscipite
1293 3865 1346 3948 pie

150 3966 369 4052 poenitentem
391 3975 525 4052 propter
546 3968 648 4049 deum,
672 3988 765 4051 quem
787 3985 883 4051 saepe
904 3966 1084 4034 1111111111
1075 3985 1108 4034 11
1120 3966 1237 4047 multus
1260 3983 1348 4034 erro·

150 4086 204 4134 res
226 4068 437 4151 reclamando,
460 4068 740 4137 contradicentem.
