2992 5258
150 405 214 466 204
388 404 582 460 Accusationcs
599 404 637 459 Μ.
653 405 679 460 J.
699 404 759 459 lius
776 402 889 473 ejusque
907 418 1044 473 responsa.
1078 406 1104 460 9.

153 603 507 670 excommunicationem
523 613 556 671 et
577 594 834 688 iggravationem
852 605 1041 688 praedictas,
1064 610 1099 672 et
1119 604 1215 672 ebam
1228 603 1351 672 ibidem

152 700 355 768 interdictum
378 705 589 771 observatum.

649 875 694 883 ----
709 876 848 885 ——-———

728 1066 763 1140 9.

149 1287 423 1399 Responsum
443 1287 500 1372 M.
524 1284 567 1374 J.
588 1287 684 1373 Hus
711 1291 768 1374 ad
797 1291 999 1374 articulos
1020 1295 1090 1395 42,
1123 1320 1150 1373 a
1168 1288 1227 1372 M.
1251 1286 1352 1372 Sce-

195 1424 339 1532 phano
372 1422 425 1506 de
455 1422 584 1506 Pater
617 1427 918 1509 commissoriis
950 1424 1119 1508 concilii
1151 1433 1305 1507 contra

553 1587 650 1641 eum
679 1560 939 1669 propositos.

600 1804 794 1874 (Constantine,
812 1805 898 1873 1415.)

646 2012 847 2022 ——n-——n-——n

251 2102 280 2156 E
296 2102 358 2157 bis.
377 2101 504 2159 Mloden.
520 2120 550 2172 p.
569 2101 720 2159 rso-198.
754 2104 817 2157 MS.
842 2103 939 2158 Vienn.
956 2103 1038 2167 4511,
1051 2104 1077 2175 f.
1096 2098 1246 2159 ror-109.

645 2254 845 2265 .—--————·

250 2407 316 2481 Ego
336 2407 467 2468 Joannes
489 2405 564 2478 Hos,
590 2407 621 2468 in
643 2424 695 2482 spo
719 2408 858 2468 sacerdos
880 2408 954 2469 lesu
976 2407 1085 2468 Christi
1106 2407 1176 2466 licet
1195 2390 1350 2479 indignus,

151 2507 292 2582 magister
311 2507 341 2566 in
364 2508 475 2568 artibus
498 2514 528 2567 et
549 2525 652 2569 sacrae
668 2509 834 2583 theologiae
851 2508 1058 2569 baccalaureus
1074 2506 1215 2566 formatos
1229 2507 1350 2565 nniver-

151 2608 247 2667 sitatis
274 2607 362 2667 studii
383 2608 554 2682 Pragensis,
584 2607 679 2669 fateor
708 2625 754 2667 me
786 2609 942 2680 scripsisse
975 2607 1118 2681 quendam
1146 2605 1280 2665 libellum
1309 2606 1366 2666 de'

149 2708 299 2777 Ecclesia,
343 2709 424 2782 cujus
457 2708 607 2781 exemplar
639 2716 685 2768 est
724 2708 793 2767 mihi
823 2709 981 2768 exhibitum
1011 2722 1109 2766 coram
1138 2706 1263 2766 notariis
1293 2721 1349 2778 per

153 2808 287 2867 dominos
311 2808 541 2877 commissarios,
571 2808 766 2880 patriarcham
788 2807 1153 2881 constantinopolitanum,
1175 2805 1350 2878 episcopum

151 2907 299 2967 castellae
312 2909 523 2981 ctepiscopum
536 2907 746 2985 Libucensem;
769 2909 817 2982 qui
839 2908 954 2982 quidem
969 2906 1164 2968 commissarii
1183 2905 1222 2965 ad
1242 2920 1348 2977 repre·

150 3006 323 3066 hensionem
345 3007 471 3080 praelati
491 3009 585 3068 libelli
601 3010 768 3069 obtulerunt
789 3010 857 3068 mibi
875 3009 1014 3082 quosdam
1030 3006 1177 3073 nrticnlm,
1199 3005 1344 3079 dicentes,

152 3108 229 3180 qnod
251 3107 288 3167 de
309 3109 374 3181 ipso
396 3108 498 3169 libello
520 3110 581 3168 sint
601 3110 725 3170 extracti
746 3117 779 3170 et
797 3111 828 3169 iu
847 3111 913 3182 ipso
935 3108 1037 3168 libello
1055 3106 1198 3179 inscripti,
1221 3121 1345 3180 qnorum

151 3207 262 3280 primus
284 3207 314 3267 in
335 3224 456 3268 numero
477 3216 525 3269 est
545 3211 614 3270 iste:

252 3310 280 3366 l.
311 3307 466 3381 „Ecclesia
490 3310 635 3369 comatico
655 3310 716 3368 sinc
747 3309 928 3368 uniuersalis
958 3311 1001 3367 eet
1025 3306 1153 3366 omnium
1173 3302 1348 3378 proedesti-

150 3411 287 3467 notorum
307 3408 485 3473 donzenaco!
530 3410 723 3482 Respondes,
760 3410 836 3482 qnod
859 3427 918 3468 uon
945 3408 1010 3478 illa,
1051 3407 1104 3466 sed
1125 3407 1184 3466 ista
1211 3411 1259 3465 est
1280 3419 1347 3463 mas

152 3509 316 3580 propositio
339 3506 384 3589 (1⁰
405 3507 484 3581 cap⁰
505 3515 676 3586 tractatus):
709 3510 864 3584 „Ecclesia
891 3515 992 3570 sancta
1019 3506 1164 3567 catholica
1190 3509 1210 3568 i.
1233 3521 1258 3564 c.
1280 3504 1346 3564 nnl-

149 3608 273 3668 versalis
295 3616 342 3667 est
363 3611 487 3669 omnium
510 3611 794 3682 praedestinatorum
814 3610 1028 3686 universitas“;
1051 3613 1132 3680 patet
1153 3622 1208 3678 per
1228 3605 1347 3665 beatum

151 3708 343 3781 Augustinum
378 3726 469 3782 super
496 3711 619 3781 Joanne,
657 3718 688 3769 et
718 3713 755 3768 32
785 3716 895 3782 quaest
929 3705 1049 3781 4cap.⁰
1076 3708 1228 3766 Recurrat
1271 3706 1347 3765 Item

150 3808 233 3881 cap.⁰
254 3808 289 3867 7⁰
309 3814 450 3869 tractatus
472 3811 501 3868 in
523 3811 677 3883 principio.

250 3910 278 3967 2.
312 3910 441 3987 „Mullus
465 3912 583 3970 mortali
611 3912 732 3970 nimiae
766 3912 934 3969 maculatos
963 3908 1088 3985 [scilicet
1108 3906 1208 3981 ᾳιιοαά
1226 3904 1348 3978 fiodo»

146 4010 449 4090 pessumeuntem
471 4015 514 4069 est
534 4012 569 4070 de
590 4013 649 4069 isto
669 4012 820 4070 ccclcmo.“
846 4012 932 4071 Patet
952 4011 1011 4069 ista
1031 4007 1113 4081 cap⁰
1133 4007 1228 4081 primo
1251 4020 1346 4079 prope

151 4106 248 4180 finem,
270 4110 321 4169 ubi
342 4110 449 4171 dicitur
463 4113 621 4172 secundam
636 4112 752 4171 beatum
768 4113 990 4184 Hieronymum:
1015 4108 1089 4185 „Qui
1111 4123 1182 4181 crgo
1204 4112 1347 4179 peccatu

151 4216 199 4268 est
219 4216 270 4269 aut
290 4210 388 4284 aliqua
409 4210 510 4271 frande
533 4213 701 4282 maculatus,
724 4213 760 4270 dc
775 4212 901 4272 ecclesia
916 4209 1034 4280 Christi,
1055 4208 1194 4267 uidelicet
1214 4207 1343 4280 proedo·

150 4377 170 4385 ι-
181 4378 349 4387 ..ι-«-

210 4458 236 4519 *)
255 4459 322 4516 Quae
340 4461 364 4506 in
382 4460 446 4517 bisce
464 4463 572 4511 articulis
591 4464 657 4510 uncie
678 4464 831 4520 inclusimus,
858 4462 970 4508 ridentur
992 4474 1043 4507 esse
1066 4460 1160 4520 glossae
1182 4459 1345 4507 interlineares

249 4543 313 4590 nli.
331 4544 385 4592 llus
403 4549 525 4607 postmodo
543 4545 686 4608 adscriptae,
710 4562 764 4595 cum
789 4548 812 4594 in
829 4547 908 4594 coaice
926 4543 1054 4592 Viennensi
1072 4543 1213 4605 plerumque
1242 4556 1291 4592 non
1307 4542 1344 4591 ln·

154 4664 159 4671 .
251 4628 387 4679 veniuntur.
