2992 5258
460 431 490 481 4.
525 427 568 481 Dc
586 428 626 482 ld.
643 428 809 496 Hieronymo
827 430 905 499 Prag.
925 431 1053 487 oxoniae.
1301 439 1362 506 337

255 629 348 696 Unde
376 629 541 694 hortamur
571 648 627 695 vos
655 630 687 692 in
718 628 845 697 domino
872 639 905 697 et
932 652 1088 715 rogamus,
1112 643 1270 717 qnatenus
1292 658 1356 704 ma·
1422 622 1456 666 ⁵

153 730 293 809 gistrum
317 736 461 795 nostrum
484 730 621 796 transire
643 732 837 811 permittatis
868 733 977 812 libere,
1002 753 1065 801 non
1086 736 1292 802 advertentes
1313 740 1361 803 in-

154 828 342 897 ducentium
372 831 516 910 invidiaS,
547 830 600 912 qui
630 829 695 895 litis
725 834 919 912 praeteritae
947 835 1059 901 nolunt
1090 836 1242 902 deserere
1264 838 1361 904 male·

152 931 251 998 dicta
295 931 466 1016 Speremus
489 932 572 997 enim
595 932 699 1012 ipsum
715 932 783 997 iore
799 952 909 998 verum
925 934 1139 1002 Christianum
1157 956 1196 1002 ex
1210 938 1358 1021 integr03

152 1039 188 1095 at
218 1033 245 1097 si
269 1034 404 1116 cuipiam
436 1032 562 1097 videtur
591 1032 660 1095 fore
690 1032 880 1114 haereticus
904 1034 1023 1116 obliget
1045 1055 1080 1100 se
1104 1056 1173 1103 cum
1196 1055 1244 1118 co,
1268 1045 1303 1103 ut
1326 1040 1352 1103 si

151 1150 220 1197 non
243 1134 438 1215 probaverit,
462 1132 589 1199 talionis
613 1133 718 1212 capiat
740 1150 977 1220 recompensam
999 1152 1035 1200 nt.
1059 1136 1133 1220 (oie)

739 1521 773 1585 B.

253 1704 385 1771 Sincero
413 1703 574 1769 desiderio
604 1704 637 1767 in
665 1705 799 1784 singulis
822 1705 1029 1787 complacere.
1074 1707 1276 1775 Venerabilis
1298 1711 1354 1776 do·

148 1808 240 1871 mine
263 1813 297 1871 ct
317 1805 418 1870 amice
440 1805 625 1886 praecipue!
661 1804 855 1886 Quamquam
872 1804 962 1869 nobis
977 1808 1155 1888 personalis
1169 1809 1237 1873 V¹⁸⁰
1251 1811 1355 1877 Vene-

149 1907 328 1973 rabilitatis
356 1923 419 1970 non
442 1905 535 1970 adest
556 1905 679 1983 notitia,
711 1913 816 1970 tamen
839 1907 1021 1988 exscripto
1043 1906 1085 1970 M.
1108 1907 1293 1991 Hieronymi
1315 1910 1356 1975 de

149 2009 260 2087 Proga
281 2006 490 2089 percepimus,
514 2006 651 2087 qualiter
673 2007 810 2071 inimicis
832 2007 1058 2072 insultantibus
1074 2009 1178 2090 ipsum
1192 2009 1246 2072 Vm
1266 2010 1354 2090 Vm,

149 2110 297 2190 quamvis
327 2109 479 2187 ignotum,
509 2107 597 2170 velut
625 2105 723 2171 filiurn
753 2108 805 2188 pie
833 2108 992 2173 tractavit.
1038 2107 1129 2173 Unde
1161 2109 1229 2173 vm,
1247 2111 1335 2176 vent

149 2209 368 2291 regratiamur
396 2226 435 2271 ex
465 2207 579 2283 animo,
603 2216 753 2288 rogantes
776 2208 947 2288 humiliter,
981 2215 1137 2289 quatenus
1160 2211 1244 2277 bono
1267 2213 1353 2294 prin·

150 2312 237 2394 cipio
265 2311 360 2376 tinem
389 2308 580 2375 laudabilem
610 2308 786 2390 adJungerc
815 2307 1011 2390 dignaretur.
1055 2309 1126 2374 Non
1156 2312 1240 2377 enim
1262 2312 1354 2378 dubi·

151 2419 267 2491 tamus,
296 2412 372 2493 quin
401 2427 492 2475 casus
522 2409 702 2490 hujusmodi
730 2409 817 2474 venit
839 2410 983 2491 praelato
1007 2410 1158 2490 magistro
1181 2418 1292 2478 nostro
1316 2431 1354 2478 ex

153 2513 237 2592 odio,
259 2513 372 2579 cumin
390 2511 461 2575 aliis
483 2509 744 2574 universitatibus
767 2527 802 2572 se
824 2510 1071 2575 conformaverit
1086 2510 1297 2591 laudabiliter,
1322 2518 1354 2577 ct

156 2615 188 2677 in
221 2620 331 2679 nostra
365 2611 573 2676 universitate
605 2609 645 2674 ab
678 2608 812 2674 infantia
847 2609 945 2674 inerit
974 2611 1143 2676 enutritus.
1198 2610 1225 2676 0
1259 2630 1352 2693 quam

158 2731 260 2794 grave,
282 2720 346 2779 tam
369 2711 487 2777 valenti
510 2711 579 2775 viro
601 2709 759 2774 baeresim
775 2709 950 2791 imponere,
974 2711 1002 2774 si
1022 2729 1188 2776 rancorem
1203 2718 1352 2778 tenentes
1471 2787 1474 2790 ,

161 2814 305 2880 inanimo
321 2813 441 2878 vellent
455 2809 593 2876 solerter
607 2812 757 2892 pensarel
781 2819 815 2876 et
830 2829 922 2892 quam
938 2812 1120 2892 gloriosum,
1150 2812 1353 2880 innocentem

166 2923 334 2996 protegere,
364 2929 458 2994 quem
480 2911 570 2976 stulti
593 2917 743 2990 satagunt
765 2910 959 2976 confundere
989 2920 1022 2977 ct
1043 2912 1154 2977 rabido
1176 2911 1293 2978 affectu
1315 2913 1349 2977 in

169 3020 288 3078 mortem
309 3012 447 3091 tradere,
469 3018 591 3075 semoto
615 3009 740 3075 vinculo
764 3011 915 3075 caritatis.
961 3011 1078 3076 Vestra
1100 3011 1178 3076 baec
1201 3011 1349 3092 pensavit

120 3120 123 3129 ·
173 3117 200 3174 et
211 3114 349 3192 pensabit
361 3113 464 3177 Ven¹·⁸
485 3163 493 3191 ,
517 3119 550 3176 et
565 3111 829 3193 complementum
844 3112 1029 3176 ministrans
1040 3111 1195 3191 justitiae,
1212 3111 1348 3193 primum

177 3207 293 3293 effugiet,
324 3223 358 3278 et
387 3213 543 3294 reliquum
573 3218 759 3293 praestante
782 3211 908 3276 domino
931 3218 1154 3292 consequetur,
1180 3228 1240 3274 nec
1263 3211 1350 3275 inva-

177 3304 340 3379 lucentium
362 3312 510 3378 advertet
531 3312 712 3393 strepitum,
735 3310 793 3375 sed
815 3311 915 3390 magis
939 3311 1104 3377 caritatem
1127 3328 1265 3392 pensans
1288 3309 1349 3389 dci,

179 3407 273 3490 eripiet
291 3414 492 3479 innocentem
514 3429 552 3476 rc.
576 3411 649 3494 (sic)
