2992 5258
497 427 611 484 Articuli
628 426 794 483 Purisienses
822 431 895 483 1414.
1228 431 1288 497 187

199 628 246 694 13.
272 630 383 708 „Qu-od
400 631 557 711 praetatis
577 637 606 693 et
627 631 839 711 summioribus
850 629 1017 710 praescitis
1031 628 1078 690 oet
1090 627 1169 690 mate
1186 629 1287 690 triurn-

102 731 179 795 tiius
200 731 292 793 rsrdta
313 731 436 794 detetur
457 732 627 794 obedientia
649 729 695 791 net
714 731 885 792 reuerentia
907 750 928 790 a
950 729 1112 790 mittitis*
1226 812 1231 821 1

198 832 240 895 Et
270 832 319 895 liic
349 848 546 911 consequeus
569 837 619 894 est
651 829 691 894 ad
721 829 845 911 priores
878 829 1029 913 articulos
1059 846 1158 907 error,
1191 833 1227 893 ut
1255 827 1289 891 iu

103 931 162 995 illis
184 932 344 1012 prioribus
365 931 508 996 articulis
530 930 720 994 continetur.

201 1028 248 1090 14.
275 1030 386 1110 „Quod
415 1030 550 1091 decimae
578 1036 605 1089 et
639 1026 809 1090 oblationes
840 1027 982 1090 ecelesiae
1012 1034 1041 1089 et
1071 1027 1291 1090 ecatrwiasticis

95 1130 283 1209 sonuerant
302 1151 400 1210 persae
420 1130 639 1211 summumst
664 1129 765 1193 Error
786 1129 990 1194 scandalosus
1011 1134 1045 1193 et
1063 1127 1291 1192 contradeter·

103 1230 302 1307 minationem
324 1229 460 1311 apostoli
481 1230 583 1310 primo
605 1229 645 1293 ad
667 1229 807 1294 Corinth.
830 1229 890 1292 1x⁰
920 1229 1064 1310 positam.

200 1328 248 1392 iti.
273 1328 385 1408 „Quod
412 1328 606 1391 eacusiastiei
631 1327 714 1390 nmte
741 1329 870 1389 sinentes
896 1334 1030 1408 possiunt
1057 1333 1086 1388 et
1107 1326 1214 1388 debent
1230 1343 1291 1405 per

103 1428 197 1490 laicos
227 1430 358 1490 oottneri
387 1449 445 1508 prr
475 1431 717 1489 stettractionem
751 1427 945 1488 dmirnarnnt
977 1434 1006 1488 et
1039 1427 1231 1489 oblationum
1262 1429 1290 1486 et

103 1529 237 1588 otiorum
267 1529 544 1589 emolumentorum
577 1528 824 1607 teotporatiurn.“
871 1527 970 1590 Error
1002 1525 1290 1607 perniciosissimus

104 1641 133 1690 or
155 1627 367 1706 scandalosus,
390 1626 430 1691 ad
453 1627 622 1706 sacrilegia
643 1626 857 1708 perpetranda
889 1627 1050 1691 seculares
1080 1625 1233 1690 inducens
1258 1631 1291 1687 et

105 1726 347 1790 ecclesiasticam
369 1726 558 1791 subvertens
580 1727 768 1791 libertatem.

197 1826 246 1890 Iti.
262 1827 375 1906 „Qirod
390 1827 611 1888 benedictimtes
620 1828 898 1888 ecclesiasticorum
908 1826 1136 1900 praescitorum
1150 1822 1197 1886 uel
1209 1823 1292 1885 mate

104 1924 264 1987 uiuentium
289 1932 362 1987 ment
387 1924 620 1988 maledictiones
647 1925 695 1988 oet
719 1927 944 1988 arsecrationes
972 1925 1060 2006 apud
1088 1924 1179 1985 deum
1194 1926 1291 1995 jmrta

103 2024 199 2085 ittnd:
219 2025 413 2086 Matedicom
433 2027 692 2089 benedictionibus
712 2028 851 2090 vestris.“
890 2026 989 2090 Error
1010 2025 1132 2107 pridem
1147 2032 1293 2105 tempure

104 2125 268 2206 Augustini
289 2134 401 2189 contra
411 2126 538 2190 beatum
553 2125 745 2207 Cypriauum
767 2135 800 2190 ct
822 2143 973 2205 sequaces
990 2127 1058 2207 ejus
1081 2125 1290 2206 reprobatum

107 2226 163 2290 iuro
186 2244 244 2289 neo
265 2226 416 2306 magister
437 2227 681 2304 sententiarum,
703 2245 762 2309 pro
790 2234 907 2307 quanto
931 2225 1039 2291 favere
1061 2225 1189 2290 videtur
1215 2223 1292 2288 arti·

108 2328 172 2389 culo
197 2325 280 2401 nuic,
303 2330 432 2389 tenetur
453 2344 473 2389 a
493 2325 662 2405 inagistris.

204 2425 239 2483 17
243 2433 249 2484 ζ
276 2424 373 2503 „Item
394 2424 476 2503 prend
491 2412 779 2503 terrrporitus'istie,
794 2425 859 2489 seit.
883 2445 969 2488 anno
995 2425 1115 2486 domini
1131 2420 1292 2489 ΜΟΟΟΟ0

107 2524 203 2585 XIII
204 2525 241 2599 1⁰,
264 2524 516 2586 etmultisantea
529 2527 727 2605 temporibus,
750 2523 858 2610 nultus
879 2534 923 2588 est
945 2526 1066 2606 vetsnit
1086 2544 1175 2586 uerus
1192 2543 1291 2604 papa,

107 2625 190 2686 nialla
219 2626 348 2704 irisu'per
375 2645 448 2686 nera
474 2625 600 2687 eeclesia
628 2633 685 2687 ant
705 2625 801 2701 sedes,
831 2646 924 2706 quam
944 2626 1129 2689 Rauranum
1149 2624 1292 2698 dicimus,

106 2727 208 2801 petitus
230 2733 306 2786 esset
328 2724 540 2802 obediendum,
566 2725 622 2786 sed
636 2726 772 2806 sonarent
794 2734 821 2787 et
842 2735 914 2787 erent
936 2726 1127 2788 Ariticttristi
1148 2731 1176 2786 et
1196 2743 1288 2804 syna·

103 2844 177 2906 popa
191 2824 335 2886 Satanan
356 2832 384 2885 et
405 2824 503 2886 ainus
516 2825 649 2886 Judae.“
674 2826 775 2891 Error
795 2827 828 2890 in
850 2827 910 2890 huc
930 2826 1073 2905 articulo,
1095 2842 1154 2906 pro
1176 2828 1293 2905 quanto

103 2923 130 2989 in
152 2926 217 2990 illis
240 2925 399 3005 prioribus
422 2926 490 3006 ipse
512 2924 668 2990 deductus
691 2933 740 2991 est
763 2933 796 2990 et
816 2927 974 2990 fundatus.

198 3023 248 3086 18.
272 3024 385 3105 „Quod
407 3025 508 3086 omnis
530 3024 618 3086 datio
635 3027 786 3104 pecuniae
806 3027 964 3087 ministris
985 3022 1127 3086 ecciesiae
1141 3022 1235 3103 sacta
1257 3023 1293 3085 in

98 3125 334 3187 ministratione
344 3123 562 3203 spiritualium
574 3144 830 3205 quorumcumque
839 3125 945 3185 reddit
956 3123 1173 3185 ecatemastiaos
1183 3122 1293 3203 hedris·

97 3225 187 3288 rnodi
198 3224 397 3286 Simonianae
417 3223 465 3285 vet
488 3224 643 3289 Gezitae.“
686 3224 787 3289 Error
809 3223 1012 3289 scandalosus
1034 3229 1067 3288 et
1089 3222 1292 3300 temerarium
1351 3224 1361 3235 “

94 3326 251 3407 quioniam
274 3330 381 3404 potest
400 3324 520 3405 aliquid
541 3325 612 3390 dari
632 3326 748 3390 talibus
771 3323 995 3389 ecclesiasticis
1018 3323 1110 3387 titulo
1134 3328 1293 3385 sustenta·

92 3426 196 3490 tionis
220 3424 366 3503 ministri,
389 3425 508 3504 absque
531 3424 714 3490 venditione
736 3424 786 3489 rel
809 3424 945 3488 erutione
967 3423 1142 3503 spiritualis
1164 3422 1219 3486 rei.

205 3523 251 3587 19.
276 3524 390 3601 „Quod
410 3527 691 3587 excommunicatus
712 3546 733 3587 a
750 3545 850 3605 papa,
872 3522 1045 3603 siappettet
1063 3523 1107 3584 ad
1125 3518 1292 3599 Christum,

80 3631 332 3700 praeservatur,
361 3632 397 3686 nt
425 3627 773 3687 arrcommunicationem
800 3623 982 3707 nepusmodi
1009 3643 1074 3684 non
1101 3623 1209 3684 timeat
1239 3621 1294 3684 sed

86 3724 262 3807 spernat!
307 3724 408 3789 Error
430 3725 618 3789 temerarius
641 3732 674 3790 et
695 3725 878 3805 arrogantia
899 3724 1021 3806 plenus.
1109 3778 1117 3801 „

199 3823 252 3884 20.
278 3824 391 3901 „Quod
413 3826 515 3886 omnis
536 3832 626 3886 octies
634 3823 743 3905 factrus
764 3833 851 3886 antra
866 3826 1031 3885 caritatem
1046 3831 1090 3885 est
1100 3820 1290 3902 peceatum.“

88 3920 202 3989 Error
224 3924 302 3988 alias
322 3925 452 3989 Parisiis
473 3926 664 4005 reprobatus
686 3933 719 3989 et
740 3931 917 4003 revocatus
940 3930 974 3988 et
996 3921 1184 4005 praesertim
1203 3921 1230 3984 si
1245 3921 1294 3984 iu·

90 4024 267 4103 telligatur
295 4022 334 4087 de
362 4025 489 4089 mortali
518 4033 662 4106 peccam
701 4043 764 4089 uon
793 4025 875 4088 enirn
906 4029 1041 4104 oportet,
1075 4021 1160 4102 quod
1182 4038 1293 4085 carens

90 4124 207 4204 gratia
227 4126 340 4203 peccet
360 4123 487 4187 assidue
511 4125 644 4204 noviter,
668 4125 743 4188 licet
764 4124 890 4188 assiduo
912 4122 1008 4188 sitin
1030 4127 1169 4203 peccato.

203 4225 394 4287 Assersntes
421 4224 545 4289 notorie
575 4231 608 4288 et
629 4225 836 4304 pertinaciter
864 4223 1016 4288 articulos
1038 4221 1197 4302 praefatos
1219 4225 1294 4284 sunt

96 4321 255 4389 haeretici
278 4330 313 4388 et
340 4330 377 4386 ut
398 4323 478 4388 tales
496 4323 691 4404 judicialiter
706 4323 943 4401 condemnandi,
966 4329 1061 4387 etue
1084 4326 1209 4385 ceteros
1224 4316 1293 4383 iuti·

99 4423 197 4501 ciant,
221 4427 295 4487 sunt
317 4420 556 4503 diligentissime
579 4442 648 4485 curn
671 4421 823 4486 doctrinis
844 4421 910 4485 sois
933 4416 1216 4491 scandalosissimis
1238 4434 1293 4480 er·

99 4522 274 4604 pugnandi.
314 4521 383 4586 Etsi
405 4522 489 4585 enim
511 4520 658 4587 videntur
680 4522 798 4586 habere
821 4521 923 4584 zelum
944 4525 1056 4584 contra
1078 4516 1154 4580 sitia
1171 4516 1294 4598 praela·

102 4630 207 4686 torum
242 4629 277 4688 et
298 4622 484 4687 clericorum
507 4622 598 4687 nimis
626 4622 799 4704 prohdolor
820 4620 1063 4699 abundantium,
1099 4622 1294 4683 nontamen
