2992 5258
405 466 448 519 50.
482 464 675 519 condemnatio
694 463 816 517 Romana
832 463 961 517 librorum
981 464 1094 518 wiclefi.
1286 470 1347 532 467

630 750 635 758 ’
719 759 782 837 50.

149 983 462 1071 condemnatio
478 987 687 1071 librorum
698 984 911 1073 lWielef
921 1018 947 1070 a
958 986 988 1071 J
991 1018 1128 1070 oaune
1137 1020 1182 1098 p.
1194 986 1347 1071 XXIII

237 1152 288 1204 ex
316 1122 487 1204 decreto
517 1124 683 1205 coneilii
711 1126 839 1229 tacta,
868 1126 1043 1233 ejusque
1075 1152 1264 1205 censura.

561 1369 672 1437 Rornae,
692 1373 765 1438 1413,
784 1374 801 1424 2
819 1371 897 1424 Febr.
915 1372 940 1437 *l

663 1582 746 1589 ·‹--··--
756 1582 826 1588 .....--
845 1581 853 1589 ι

376 1672 420 1735 (E
436 1670 496 1724 MS.
517 1672 654 1725 tabrrlurr'i
676 1672 789 1725 Treboni.
809 1673 842 1724 A.
865 1670 906 1733 td,
921 1672 975 1739 jol.
997 1668 1053 1723 126
1070 1678 1127 1737 aq.)

774 2007 812 2071 A.

388 2223 498 2293 „Copia
517 2225 611 2278 ballue
626 2226 746 2294 papalis
764 2234 862 2277 contra
878 2225 965 2278 lidron
990 2223 1120 2295 Wiclef.“

251 2428 393 2494 Joaunes
409 2427 580 2510 episcopus
596 2444 708 2492 servus
722 2444 886 2492 servorum
902 2427 962 2507 dei,
990 2428 1023 2492 in
1044 2426 1186 2509 generali
1208 2426 1351 2492 eondlio.

151 2529 244 2596 Inter
259 2545 370 2620 omnes
392 2528 586 2610 apostolieae
613 2528 698 2594 sedis
720 2528 898 2607 instantias,
924 2547 1002 2610 qrras
1024 2529 1065 2593 ud
1086 2529 1229 2609 regimen
1244 2528 1353 2611 populi

147 2628 320 2695 Christiani
337 2628 459 2709 jugiter
494 2628 660 2710 impendit,
683 2629 737 2693 illa
762 2628 910 2694 videntur
932 2630 1117 2712 praecipua,
1148 2637 1183 2694 ut
1204 2647 1275 2693 cum
1296 2629 1353 2693 ali·

149 2749 241 2811 quam
262 2729 442 2795 doctrinam
461 2728 602 2810 suboriri
625 2731 772 2810 senserit
796 2747 876 2811 quae
899 2729 1006 2807 oeulos
1029 2728 1154 2795 divinae
1177 2729 1354 2811 majestatis

151 2831 314 2897 offendere
341 2838 374 2895 et
399 2848 498 2911 grave
527 2831 558 2894 iu
588 2848 622 2895 se
653 2830 828 2912 pericnlum
855 2831 1030 2895 animarum
1052 2831 1218 2897 continere
1241 2830 1352 2912 possit,

151 2949 284 2997 eamne
307 2937 502 3014 propagetur
524 2930 659 2995 ulterius
689 2937 720 2995 et
743 2949 802 3012 per
824 2950 892 2996 eam
916 2937 1039 2995 mentes
1061 2928 1201 2996 fidelium
1224 2929 1350 2995 damna·

150 3032 257 3097 biliter
279 3031 455 3114 cupiantur,
479 3049 551 3095 rnox
578 3030 707 3095 studeat
722 3032 908 3112 exstirpare.
934 3031 1012 3095 Cum
1035 3051 1111 3111 ergo
1133 3032 1167 3095 in
1190 3029 1353 3095 nonnullis

149 3131 257 3199 mundi
280 3131 426 3215 partibus
440 3131 568 3212 quidam
584 3132 702 3196 curiosi
725 3131 898 3195 eadiseere
921 3140 1016 3211 atque
1039 3131 1167 3199 ducere.
1192 3150 1254 3195 nou
1272 3148 1354 3211 quae

149 3233 190 3298 ad
212 3232 389 3297 animarum
411 3231 546 3296 salutem
580 3239 613 3295 et
633 3238 839 3312 angmentum
861 3230 951 3311 fidei,
980 3231 1037 3296 sed
1058 3231 1098 3296 ad
1120 3250 1211 3296 suum
1235 3230 1350 3296 lustum
1409 3222 1414 3231 ’

150 3331 364 3415 ampliandum
390 3338 425 3396 et
461 3331 635 3396 catholicae
664 3331 737 3396 fidei
770 3331 1009 3396 subversionem
1044 3331 1173 3410 cedant,
1201 3331 1354 3412 quosdam

150 3433 277 3498 libellos
304 3450 362 3497 seu
391 3431 563 3511 volumine,
593 3431 644 3496 vel
672 3439 829 3499 tractatus
851 3441 884 3498 et
906 3434 1073 3515 opuscula,
1101 3452 1182 3514 quae
1205 3432 1354 3499 dicuntur

149 3533 285 3600 loannis
306 3530 428 3611 Wiclei
451 3531 602 3597 videlieet
615 3531 794 3613 Dialogum,
820 3533 1001 3613 Trialogum
1022 3549 1059 3597 rr.
1083 3541 1117 3598 et
1137 3533 1218 3598 alios
1234 3518 1353 3615 plures,

151 3634 279 3699 nomine
301 3632 377 3698 dicti
398 3633 533 3697 loannis
558 3632 673 3696 Wielel
691 3633 872 3716 inscriptos,
895 3633 1084 3714 intitulatos,
1107 3651 1170 3699 non
1193 3634 1294 3699 solnm
1316 3633 1349 3697 in

151 3735 269 3801 sobolis
296 3733 517 3816 frequentare,
546 3733 722 3798 sedetiam
748 3735 788 3800 ad
811 3736 961 3817 populum
984 3735 1017 3798 in
1040 3735 1239 3799 sermonibus
1256 3752 1352 3815 expo·

151 3855 229 3901 nere
258 3836 417 3913 nitantur;
449 3836 481 3898 iu
521 3834 635 3916 quibus
668 3835 802 3913 libellis,
831 3833 1043 3901 voluminibus
1076 3854 1133 3898 seu
1161 3833 1353 3899 tractatibus

151 3939 251 4002 multa
272 3936 435 4002 haeretica
456 3936 603 4016 dogmata
624 3936 778 4016 multique
805 3953 932 4000 errores
955 3936 1160 4002 continentur
1183 3945 1216 3999 et
1239 3933 1351 3998 infide

152 4039 255 4103 minus
285 4043 373 4101 recte
397 4044 565 4113 sonantes,
595 4043 628 4100 et
650 4055 708 4116 per
730 4054 928 4117 consequens
951 4036 1112 4117 simplices
1134 4044 1167 4100 et
1190 4034 1310 4099 indocti
1334 4055 1355 4098 a

153 4137 297 4203 veritatis
327 4137 454 4201 tramite
482 4136 624 4215 deviare,
654 4138 778 4217 experti
810 4155 886 4201 vero
909 4145 942 4201 et
964 4135 1049 4201 docti
1073 4136 1201 4200 nimium
1217 4135 1349 4201 seanda-

152 4238 241 4304 lrsari
274 4237 498 4320 perhibentur,
535 4256 615 4317 quae
647 4236 687 4301 ad
711 4245 851 4303 nostram
874 4245 907 4303 et
928 4238 1022 4319 hujus
1045 4237 1127 4301 sacri
1150 4237 1275 4301 concilii
1297 4236 1348 4300 de·

153 4338 248 4404 ducta
269 4344 346 4403 suut
367 4337 525 4419 publicam
547 4337 722 4403 notionem:
746 4355 820 4416 nos,
849 4346 883 4402 ut
905 4357 944 4401 ex
968 4338 1108 4418 injuncto
1132 4337 1224 4401 uobis
1247 4344 1354 4418 pasto-

162 4480 359 4489 ---———---

211 4539 237 4605 *l
254 4543 326 4590 Teste
344 4542 468 4602 Raymldo
487 4542 510 4587 in
529 4542 616 4588 Annnl.
635 4542 692 4587 eccl.
717 4557 770 4587 nnn.
791 4543 862 4593 1413.
887 4541 906 4602 5.
928 4545 939 4588 l
968 4541 1034 4587 bulla
1059 4554 1135 4601 papae
1152 4540 1250 4587 Joanme
1268 4540 1356 4587 XXlll

253 4628 311 4673 duta
328 4632 365 4674 est
385 4624 435 4684 ,1v
453 4624 534 4670 Nonas
552 4623 684 4680 Febrrmrii,
712 4623 797 4685 pontit
815 4625 867 4684 ejus
886 4640 938 4672 ann.
959 4623 1017 4679 111‚“
1041 4638 1113 4684 quum
1132 4624 1216 4669 deinde
1234 4625 1355 4670 blnrtinur

253 4724 294 4772 pp.
314 4708 336 4756 V
354 4711 378 4785 in
396 4709 522 4756 Constant.
541 4708 640 4754 concilio
658 4708 815 4756 confirmavit.

1156 4806 1203 4859 30⁸
