2992 5258
227 452 230 459 -
294 394 298 401 ’
319 432 459 471 coarcere
478 416 551 486 apud
569 418 669 471 iratres
687 415 898 472 Praedicatores.
932 418 973 472 50.
991 418 1032 472 51.
1231 422 1269 485 91

176 619 286 700 Miror,
309 620 393 703 quod
419 620 525 686 nullus
548 620 757 685 Bohemornm
780 619 888 685 visitat
911 639 1079 700 carcerem,
1108 620 1165 685 sed
1189 620 1271 685 forte

74 720 196 786 iaciunt
217 730 349 805 propter
370 723 490 787 melius.
512 722 579 787 Ista
600 723 710 787 charta
732 722 839 785 statim
862 722 1008 786 lanietur.

178 823 248 889 Alia
276 824 404 889 camisia
425 823 501 888 mihi
525 841 582 905 per
604 824 699 887 istum
722 822 868 887 nuntium
890 822 993 888 detur.
1017 822 1151 887 Domine
1172 824 1269 887 loan-

78 942 149 991 nes.
181 926 308 990 instetis
342 944 412 989 cnm
434 924 602 1001 Bohemis,
631 923 713 1004 quod
743 929 887 988 cassetur
920 924 1029 988 citatio
1051 922 1191 1003 illorum,
1219 923 1272 1004 qui

77 1033 151 1090 srrnt
180 1025 287 1105 citati,
318 1033 350 1090 et
378 1025 461 1106 quod
491 1043 546 1090 rex
577 1026 786 1107 compatiatur
812 1043 888 1089 suaa
918 1024 1125 1102 haereditati,
1156 1030 1189 1089 et
1210 1041 1272 1089 non

78 1125 243 1207 permittat
265 1144 334 1190 eam
357 1144 525 1207 perunum
549 1125 710 1207 dyscolam
733 1126 839 1189 vexari
863 1126 971 1205 gratis.

177 1225 258 1290 Item
281 1226 365 1307 quod
387 1226 498 1291 saltem
521 1225 620 1291 semel
642 1242 768 1307 possem
789 1225 875 1306 loqui
900 1225 977 1304 regi,
1001 1232 1171 1305 antequam
1195 1242 1269 1288 con·

76 1324 215 1404 damner,
240 1344 310 1390 curn
332 1325 372 1390 ad
395 1326 700 1390 suamvoluntatem
723 1324 783 1389 huc
806 1325 955 1404 venerim,
979 1332 1012 1389 et
1034 1324 1093 1389 suh
1115 1341 1173 1389 sua
1195 1342 1268 1405 pro-

77 1425 235 1504 missione,
259 1432 294 1490 ut
315 1425 421 1492 salvus
443 1424 482 1490 ad
507 1424 690 1490 Bolremiam
712 1423 859 1489 redirem.

175 1541 229 1594 Ed.
248 1542 279 1593 in
295 1540 349 1610 Ep
367 1542 446 1609 piiss.
464 1540 491 1595 J.
511 1540 536 1594 4.
574 1541 645 1609 Opp.
665 1539 739 1602 Huc,
758 1541 782 1604 I,
802 1539 835 1593 74
853 1548 878 1591 et
895 1535 939 1593 9-1.
959 1537 1058 1603 (Num.
1080 1540 1125 1593 Ll
1135 1538 1180 1603 V.)

642 1855 698 1928 51.

374 2043 536 2129 Amicis
567 2048 653 2129 suis
686 2044 976 2145 Constantiae.

82 2224 220 2288 Nanor'ad,
244 2226 313 2293 quid
330 2244 349 2277 α
365 2227 481 2280 concilio
499 2229 642 2296 petiverit,
667 2229 735 2294 qaid
753 2228 787 2280 de
804 2229 923 2296 adapsilis
940 2229 1069 2281 articulis
1086 2230 1275 2295 interrogatus

83 2310 267 2379 raspondorit,
293 2311 406 2376 quomis
428 2311 561 2365 molestiis
582 2311 695 2381 affectas
711 2312 748 2363 ait
774 2319 800 2364 et
826 2320 945 2380 propter
967 2312 1125 2364 doctrinam
1147 2327 1227 2363 suom
1249 2320 1274 2363 et

80 2402 193 2462 propter
220 2395 411 2463 cpiscoporum
437 2396 595 2463 opinionem
621 2394 656 2447 da
688 2396 799 2464 mapalia
825 2395 949 2457 diuitiis,
976 2411 1046 2463 quoa
1069 2394 1212 2463 possidere
1238 2396 1274 2447 iis

598 2479 745 2532 videretur.

629 2645 666 2713 (s.
685 2644 721 2707 d.)

175 2813 288 2892 Quoad
310 2814 582 2895 recollectionem,
613 2816 720 2881 nescio
750 2833 800 2878 me
822 2814 927 2895 aliquo
949 2816 1043 2881 modo
1076 2815 1273 2895 recolligere,

82 2918 132 2978 aut
151 2913 248 2978 aliter
277 2914 408 2994 habere,
435 2915 510 2996 quia
541 2915 664 2995 nescio,
690 2915 732 2980 ad
752 2915 826 2996 quid
854 2914 982 2981 dabitur
1009 2916 1180 2982 audientia
1204 2916 1272 2995 Ego

83 3014 174 3094 petivi
206 3022 277 3078 curn
304 3015 536 3096 protestatione
561 3034 667 3080 coram
689 3017 836 3096 notarim,
866 3024 898 3081 et
927 3017 1041 3099 scripsi
1070 3016 1274 3100 snpplicatio·

83 3132 148 3178 nem
170 3115 231 3180 toti
253 3115 396 3195 concilio,
419 3136 511 3198 quam
533 3115 607 3181 dedi
618 3116 828 3198 patriarchae,
851 3117 884 3181 in
906 3136 968 3199 qua
980 3124 1063 3198 peto,
1088 3124 1123 3183 ut
1143 3135 1275 3200 respon-

84 3213 169 3280 deam
191 3215 232 3280 ad
247 3216 420 3296 quemlibet
440 3217 618 3297 articulum,
641 3218 735 3283 sicuti
750 3218 900 3301 respondi
923 3219 954 3282 in
970 3219 1103 3301 privato,
1126 3226 1160 3284 et
1181 3237 1276 3283 manu

83 3336 147 3382 nea
168 3317 294 3399 scripsi.
317 3318 377 3383 Vel
392 3318 419 3382 si
432 3318 560 3383 dabitur
581 3318 752 3394 audientia,
776 3324 811 3384 nt
826 3318 1034 3400 respondeam
1050 3338 1138 3385 more
1153 3319 1274 3385 schola-

84 3418 166 3484 stico.
200 3417 258 3481 Vel
281 3417 364 3484 forte
385 3418 474 3485 dabit
495 3418 575 3484 dous
596 3419 806 3499 audientiam,
829 3425 865 3484 ut
888 3419 999 3484 faciam
1023 3437 1210 3485 sermonem.

175 3520 278 3601 Spero
301 3518 340 3582 de
363 3517 415 3582 dei
437 3521 558 3599 gratia,
581 3518 665 3601 quod
688 3521 846 3600 acognita
867 3520 1009 3585 veritate·
1026 3539 1186 3602 nunquam
1215 3520 1274 3585 sim

83 3638 273 3686 recessurus.
297 3619 405 3686 Oretis
428 3620 531 3695 deum,
554 3626 590 3686 ut
611 3640 661 3686 me
684 3626 862 3686 conservet.

176 3721 226 3785 Ile
256 3728 454 3786 sacramento
485 3722 592 3786 calicis
622 3721 747 3787 habetis
777 3721 947 3803 scriptum,
982 3722 1065 3802 quod
1101 3723 1214 3804 scripsi
1243 3724 1275 3787 in

83 3820 274 3900 Constantia,
296 3821 329 3885 in
351 3838 413 3902 quo
437 3831 511 3888 sunt
533 3823 659 3901 motiva,
682 3830 716 3887 et
737 3823 844 3887 nescio
867 3822 951 3887 aliud
973 3824 1089 3903 dicere,
1112 3825 1173 3888 nisi
1192 3825 1276 3905 quod

83 3920 276 4002 evangelium
298 3928 331 3987 et
361 3922 497 4003 epistola
519 3923 607 3987 Pauli
630 3930 745 3988 sonant
774 3923 911 4002 directe,
941 3931 974 3988 et
1001 3930 1123 3989 tentum
1153 3924 1213 3989 fuit
1241 3925 1273 3989 in

83 4022 241 4102 primitiva
261 4023 405 4088 ecclesia.
437 4023 470 4088 Si
492 4030 601 4105 potest.
623 4023 707 4102 lieri,
730 4024 915 4098 attentetis,
941 4031 978 4089 ut
1006 4025 1118 4089 saltem
1146 4027 1276 4106 permit·

84 4127 165 4187 tatur
187 4141 247 4204 per
268 4122 384 4189 bullam
406 4124 468 4189 illis
490 4124 576 4204 dari,
602 4127 655 4205 qui
678 4144 715 4190 cx
738 4124 906 4191 devotione
929 4126 1175 4207 postulaverint,
1213 4126 1273 4191 cir-

84 4222 277 4288 cumstantiis
298 4222 458 4289 adhibitis.

176 4323 225 4388 De
248 4324 456 4406 responsione
469 4326 592 4406 privata
614 4345 676 4390 non
699 4327 818 4392 debent
846 4326 968 4391 turbari
989 4327 1092 4402 amici,
1114 4327 1272 4407 quianon

86 4424 151 4501 ridi,
174 4425 330 4506 quomodo
354 4427 514 4508 potuisset
536 4428 630 4492 aliter
652 4427 730 4505 lieri,
754 4446 792 4492 cn
815 4446 877 4508 quo
900 4446 958 4509 per
980 4427 1163 4508 concilium,
1185 4430 1274 4511 prius

87 4543 171 4602 quam
193 4526 238 4590 lui
261 4525 419 4607 detentas,
433 4528 614 4593 conclusum
637 4529 704 4594 luit.
728 4529 770 4593 Et
792 4535 841 4593 est
858 4527 943 4593 edita
959 4527 1044 4593 bulla
1058 4547 1078 4592 a
1094 4529 1274 4594 commissa·

87 4625 146 4705 riis,
168 4645 249 4708 quae
273 4627 356 4693 lecta
377 4628 438 4694 luit
459 4646 565 4694 coram
588 4649 647 4711 me,
669 4630 703 4694 in
725 4649 787 4711 qua
809 4647 904 4695 vocor
926 4628 1149 4694 haeresiarcha
1170 4637 1203 4696 et
1225 4648 1275 4695 se·
