2992 5258
151 440 214 504 518
397 430 601 486 Controversiae
619 428 653 485 de
669 430 800 515 religione
817 432 845 486 iu
861 431 1006 487 Bohcmia:
1024 434 1098 488 1414„

153 640 192 705 de
216 639 303 719 Dek,
335 637 521 703 Eberhardo
542 637 583 702 de
615 635 821 717 Nelamberg,
854 634 1042 702 Eberhardo
1075 636 1114 704 de
1135 637 1356 722 Kyreusperg,

152 740 320 806 Wilhelmo
342 740 382 805 de
404 737 545 804 Moutfur
567 736 693 803 domino
714 737 747 802 iu
769 737 934 818 Bregnicz,
960 736 1096 819 Hugoue
1124 738 1165 804 de
1188 738 1356 806 Bereuber

149 823 227 907 alias
249 839 288 905 de
310 839 501 920 Helenberg,
524 837 670 903 Conrado
692 837 731 903 de
754 837 899 919 Friburg,
922 838 1100 918 comitibus
1126 840 1289 907 Richards
1313 841 1354 907 de

151 943 286 1007 Barnun
300 941 453 1006 advocato
476 939 624 1004 terrestri
649 938 682 1002 in
705 938 814 1018 Vallis,
837 938 1010 1004 Laurentio
1026 940 1163 1005 Lacordi
1181 941 1221 1008 de
1243 943 1357 1009 Pastet

151 1044 229 1109 alias
248 1042 289 1106 de
305 1041 410 1120 Obori,
433 1040 565 1120 reginali
584 1039 761 1121 majestatis
774 1039 934 1120 Ungariae
957 1041 1110 1122 magistro
1125 1040 1354 1125 dapiferorum,

151 1149 185 1209 et
206 1144 369 1224 Stephano
392 1141 431 1205 de
454 1141 612 1220 Rogusen,
635 1139 880 1206 Bartholomaeo
897 1141 937 1205 de
961 1141 1145 1207 Fallonibus
1161 1149 1196 1208 et
1216 1142 1356 1211 Huriuio

152 1244 191 1309 de
216 1242 413 1308 Croauislrau
428 1240 592 1317 militibus,
615 1239 653 1304 l).
675 1240 799 1304 Joanue
826 1241 865 1306 de
882 1240 1004 1321 Castro,
1027 1242 1143 1309 abbate
1167 1244 1355 1311 monasterii

152 1344 183 1410 S.
218 1343 300 1424 Lupi
324 1342 481 1407 Vitteusis
519 1340 673 1420 diocesia,
706 1341 850 1420 Raghiuo
872 1360 912 1407 ex
943 1342 1128 1422 comitibus,
1164 1344 1284 1410 Videte
1316 1343 1356 1409 de

152 1445 268 1511 Sancto
282 1443 420 1524 Georgio
433 1459 472 1506 ex
489 1443 666 1521 comitibus,
679 1432 909 1521 Blandiaco,1).
922 1442 1100 1509 Bertrando
1114 1443 1227 1527 Ugerij
1244 1444 1354 1511 decre·

153 1551 259 1610 torum
281 1544 421 1625 doctore,
444 1543 564 1609 Jacobo
586 1541 626 1606 de
650 1541 766 1607 Oscula
789 1543 954 1609 literarum
980 1544 1234 1626 apostolicarum
1256 1546 1354 1628 scrip

154 1653 237 1727 tore,
263 1646 399 1712 testibus
420 1645 461 1711 ad
483 1645 658 1726 praemissa
678 1644 809 1709 vocatis.

652 1847 849 1857 mun-—

721 2022 779 2099 58.

152 2235 209 2319 Μ.
251 2233 450 2320 Andreas
493 2235 546 2320 de
587 2233 734 2320 Broda
771 2236 905 2318 literis
950 2233 1007 2317 M.
1042 2233 1228 2321 loannis
1260 2237 1347 2322 Hus

154 2369 288 2482 (nunc
325 2371 504 2484 ignotis)
531 2369 817 2482 respondem,
860 2371 1015 2453 acriter
1040 2371 1086 2468 in
1112 2401 1211 2454 eum
1236 2375 1347 2459 inve·

696 2505 824 2588 bitur.

619 2720 645 2775 S.
664 2720 691 2775 d.
709 2720 783 2789 (anu.
804 2720 889 2788 1414.)

651 2896 849 2906 -.-.....-.-.

188 2991 231 3056 (Ε
248 2990 309 3044 MS.
328 2991 447 3059 capituli
465 2988 555 3060 Prap.
577 2991 613 3044 D.
632 2989 678 3054 51,
696 2990 747 3050 tol.
764 2989 880 3045 221-3.
917 2990 959 3055 Of.
981 2992 1145 3048 Cocttaeum
1159 3011 1190 3065 p.
1209 2992 1248 3049 42
1264 3000 1313 3064 sp.)

255 3261 420 3326 Gloriosus
442 3260 521 3325 deus
543 3260 614 3342 pius
636 3260 731 3326 Jesus
754 3260 810 3326 det
832 3262 921 3328 vobis
950 3264 984 3328 in
1006 3265 1170 3346 praesenti
1193 3282 1257 3331 uon
1279 3264 1339 3347 plns

154 3382 247 3445 quam
276 3368 405 3445 oportet
433 3380 556 3443 sapere,
589 3363 881 3446 incrementumque
915 3365 1111 3430 orthodoxae
1132 3363 1219 3446 fidei,
1255 3365 1341 3433 etin

154 3463 261 3529 futuro
284 3464 424 3544 gloriam.

253 3565 408 3645 Magister
434 3563 628 3628 reverende!
672 3563 812 3628 Literam
844 3565 920 3629 mibi
954 3565 1146 3633 destinatam
1181 3588 1252 3635 cum
1272 3568 1340 3635 dili·

155 3665 263 3745 gentia
291 3664 442 3746 conspexi
470 3671 503 3729 et
531 3664 604 3743 legi,
634 3663 667 3726 in
690 3682 752 3744 qua
772 3665 872 3730 multa
893 3674 1005 3732 contra
1025 3686 1077 3732 me
1100 3669 1274 3736 criminosa
1292 3666 1340 3735 scd

154 3767 307 3847 inJuriose
338 3765 458 3845 scripta
486 3764 602 3843 inveni,
632 3783 713 3845 quae
740 3766 868 3848 saepius
895 3766 928 3831 in
957 3768 1052 3833 eorde
1081 3787 1152 3834 meo
1183 3771 1341 3838 revolvens

155 3866 342 3943 deliberavi,
371 3865 445 3945 quid
476 3865 581 3929 iubis
605 3864 710 3930 lacere
733 3865 892 3947 deberem,
916 3875 1021 3934 utrum
1044 3869 1134 3935 vobis
1156 3872 1340 3955 exprobrau-

155 3967 242 4031 tibus
264 3966 340 4030 mibi
362 3965 558 4047 respondere
582 3967 722 4047 verbum,
745 3975 801 4033 aut
822 3969 899 4034 talia
920 3971 979 4034 sub
999 3970 1127 4036 silentio
1143 3974 1339 4055 pertransire.

93 4084 96 4089 ·
155 4067 294 4132 Tandem
318 4068 451 4132 caritate
474 4074 607 4148 cogente
629 4069 720 4132 vobis
741 4069 781 4134 ad
804 4071 979 4151 praemissa
994 4071 1194 4153 respondere
1215 4071 1338 4146 decretl

156 4169 202 4232 sic
224 4168 320 4233 etiam
343 4173 374 4233 et
398 4185 454 4232 vos
475 4167 508 4231 in
531 4167 641 4233 eadem
664 4170 757 4234 litera
778 4171 940 4252 posuistis,
963 4171 1048 4252 quod
1070 4190 1109 4236 ex
1125 4175 1262 4240 caritate
1274 4169 1337 4240 miti

155 4268 304 4333 scribitis.
348 4267 412 4331 Det
445 4267 524 4334 deus
558 4269 777 4351 omnipotens,
811 4277 847 4335 ut
878 4271 976 4335 simus
1008 4273 1100 4337 ambo
1133 4275 1166 4338 in
1200 4277 1334 4347 canum

155 4369 233 4433 dens
257 4369 339 4432 enim
363 4369 480 4433 caritas
509 4375 567 4449 est,
595 4377 628 4435 et
655 4372 709 4452 qni
738 4378 846 4436 manet
875 4373 907 4435 in
930 4373 1073 4453 caritate,
1096 4375 1129 4438 in
1151 4374 1214 4442 deo
1234 4377 1334 4446 manet

156 4476 189 4534 et
211 4468 289 4533 deus
312 4470 344 4533 in
367 4487 415 4544 eo,
439 4475 471 4533 et
493 4475 576 4535 teste
599 4470 693 4536 beato
716 4470 882 4552 Gregorio,
912 4473 1028 4538 caritas
1050 4473 1153 4540 divisa
1175 4477 1253 4556 unit,
1274 4489 1333 4540 con·

155 4569 225 4632 lusa
248 4569 382 4647 ordinat,
406 4569 584 4652 inaequalia
612 4571 727 4651 sociat3
757 4578 790 4636 et
817 4572 889 4653 ipsa
917 4573 1041 4638 Caritas
1070 4573 1164 4640 dicit:
1205 4576 1264 4655 Qui
1283 4585 1330 4639 uon

157 4670 278 4750 colligit
292 4688 423 4753 mecum,
440 4671 612 4756 dispergit3
633 4672 717 4754 quod
733 4691 895 4755 exponens
910 4673 1015 4757 Hugo,
1026 4674 1106 4742 dicit
1119 4675 1182 4744 sic:
1204 4673 1328 4744 omnm
