2992 5258
468 441 492 490 2.
528 438 635 491 Statura
652 398 792 504 synodalia
810 437 930 505 archiep.
948 438 1025 503 Prag.
1286 443 1346 505 333

153 638 238 703 ditos
269 646 393 706 vestros
422 639 592 704 informare
623 658 693 704 cunr
722 638 805 704 omni
828 638 993 719 diligentia
1015 638 1180 718 studeatis,
1205 640 1344 721 ipsisque

155 739 259 804 tribus
282 739 394 805 diebus
416 739 582 805 dominicis
605 738 763 805 continuis
786 738 931 804 intimare
954 747 1028 821 post
1042 740 1157 805 festum
1169 739 1198 804 S.
1211 741 1344 809 Joannis

151 838 312 920 baptistae
335 860 369 906 se
392 841 607 922 sequentibus.
652 839 830 904 Praemissa
852 839 1031 922 publicetis.

216 1123 291 1178 1408
307 1126 337 1176 in
353 1124 458 1193 synodo
475 1122 503 1177 S.
529 1122 586 1175 Viti
604 1127 646 1181 (15
663 1124 748 1188 dum).
767 1153 798 1160 -
817 1123 881 1183 „De
898 1124 1066 1175 sacramenti
1083 1125 1187 1177 altaria
1198 1123 1283 1191 fide.“

252 1260 291 1326 lt.
315 1259 427 1326 Coram
450 1266 577 1323 sauct¹¹¹⁰
607 1259 639 1322 in
662 1259 789 1324 Christo
812 1265 903 1340 patre
925 1268 958 1323 et
980 1258 1106 1337 domino
1128 1259 1166 1322 D.
1190 1257 1346 1340 Gregorio

150 1360 261 1425 divina
282 1359 483 1442 providentia
505 1378 586 1440 papa
597 1358 659 1422 llll
674 1359 799 1423 exstitit
814 1359 1039 1440 praedicatum,
1062 1358 1146 1440 quod
1163 1359 1193 1423 in
1211 1359 1346 1424 diversis

149 1461 232 1525 louis
255 1461 499 1526 insurrexerunt
520 1459 647 1540 quidam
669 1459 798 1526 sectarii
820 1460 1043 1542 superstitiosi,
1073 1466 1106 1525 et
1128 1459 1292 1541 signanter
1314 1459 1345 1523 in

147 1561 304 1627 Bohemia
325 1561 450 1642 quidam
476 1560 676 1642 Wiclefistae,
698 1562 779 1627 male
802 1561 970 1627 credentes
992 1561 1032 1625 do
1054 1567 1252 1627 sacramento
1275 1579 1344 1626 cor-

147 1664 238 1745 poris
261 1670 294 1729 et
316 1663 479 1744 sanguinis
502 1662 619 1727 domini
641 1664 742 1727 nostri
764 1663 841 1727 Jesu
865 1660 992 1728 Christi.
1023 1662 1115 1727 Unde
1137 1663 1212 1727 huic
1234 1661 1343 1726 morbo

147 1763 305 1845 pestifero
335 1763 480 1828 dominus
502 1770 612 1828 noster
633 1763 890 1844 archiepiscopus
914 1781 1082 1828 occurrere
1113 1763 1252 1845 cupiens,
1281 1770 1343 1827 sta·

147 1870 255 1928 tutum
284 1882 440 1946 pereum
479 1864 639 1929 conditum
669 1863 709 1927 de
739 1864 921 1944 praemissis
950 1882 986 1928 ac
1017 1863 1212 1946 synodaliter
1242 1862 1344 1945 publi·

147 1971 265 2043 catum,
289 1964 328 2029 de
345 1964 567 2029 observatione
585 1963 663 2028 dicti
679 1964 868 2029 sacramenti
883 1963 1074 2044 renovando,
1098 1964 1200 2046 ipsum
1215 1964 1344 2029 mandat

146 2064 329 2130 observari:
360 2064 406 2131 ita
435 2064 591 2144 videlicet,
621 2064 704 2145 quod
733 2064 920 2147 praedicent
948 2071 980 2129 ct
1007 2065 1230 2147 dogmatizent,
1260 2063 1344 2146 quod

148 2167 310 2249 completa
353 2166 454 2231 forma
496 2167 664 2231 verborum
706 2173 766 2231 uts.
803 2164 885 2248 (ric),
929 2164 1009 2242 Quia
1045 2166 1107 2232 ista
1143 2170 1344 2232 sacrosancta

150 2267 290 2333 ecclesia
311 2268 453 2332 Romana
474 2266 698 2332 determinavit
727 2284 882 2345 asserere,
905 2266 1099 2348 praedicare,
1122 2266 1344 2348 dogmatizare,

149 2387 213 2434 nec
243 2368 417 2450 disputare.
461 2367 548 2433 Alias
578 2369 771 2433 contrarium
798 2368 951 2433 facientes
980 2372 1138 2449 tamquam
1167 2366 1373 2433 haereticos·

151 2468 280 2534 domino
315 2475 425 2535 nostro
457 2466 697 2551 archiepiscopo
731 2468 919 2532 denuntient
952 2476 985 2532 et
1015 2466 1226 2546 ruanilestent,
1256 2467 1347 2547 juxta

153 2587 260 2633 sacros
282 2586 420 2634 canones
442 2568 629 2650 puniendos.

391 2751 515 2812 ‚mantra
532 2752 740 2819 praedicatores
758 2753 859 2804 clerum
880 2752 1103 2821 confrtudmteaf·

252 2886 290 2952 It
313 2887 362 2952 Ad
383 2887 575 2953 audientiam
598 2887 675 2951 dicti
691 2887 807 2951 domini
824 2887 925 2953 nostri
940 2888 1171 2972 archicpiscopi
1188 2890 1344 2971 pervenit,

166 2987 289 3063 qualiter
312 2988 453 3054 nouuudli
476 2986 715 3068 praedicatores
737 2987 875 3052 civitatis
898 2995 931 3054 et
947 2988 1083 3054 diocesis
1098 2991 1267 3069 Pragcusis
1284 3009 1341 3072 per

171 3087 254 3151 verba
282 3088 407 3154 inutilia
437 3095 469 3153 et
498 3087 682 3152 scandaloso
705 3087 823 3152 Christi
846 3086 955 3153 fideles
983 3089 1103 3154 animas
1125 3088 1291 3155 offendunt
1313 3095 1346 3154 et

172 3186 252 3254 corda
272 3187 417 3255 inficiunt
439 3189 620 3267 indiscrete,
643 3188 850 3253 describendo
866 3196 983 3254 statum
1007 3190 1192 3255 clericorum
1208 3198 1241 3255 et
1255 3209 1346 3272 prae·

171 3280 306 3368 latorum,
344 3294 380 3354 ut
412 3289 643 3371 praesumitur,
677 3307 715 3354 ex
749 3289 826 3355 dicti
854 3290 969 3355 Wiclei
999 3291 1209 3373 opinionibus
1254 3290 1346 3355 Unde

170 3389 304 3456 ruanuans
327 3391 366 3455 D.
390 3391 657 3473 Archiopiscopus
680 3391 845 3472 praecipit,
868 3391 952 3472 quod
975 3392 1013 3457 dc
1037 3398 1144 3458 cetero
1159 3390 1346 3456 scandaloso

168 3492 267 3555 contra
292 3498 411 3557 statum
441 3490 655 3573 praelatorum
685 3497 717 3555 et
740 3491 926 3557 clericorum
948 3500 981 3556 et
1003 3492 1158 3558 ecclesiae
1189 3493 1346 3556 Romanae

167 3595 219 3647 ¹¹01]
241 3591 426 3671 praedicent
449 3593 622 3672 vulgariter
646 3594 677 3656 iu
699 3592 884 3658 ambonibus
907 3594 1022 3674 populo
1046 3594 1234 3659 Christiano.

545 3775 727 3836 ‚fluntilcmae
743 3777 955 3843 probibentur.¹‘

255 3909 290 3974 It
313 3909 444 3975 Mandat
466 3910 503 3972 l).
527 3911 801 3992 Arcbiopiseopus,
826 3910 909 3991 quod
932 3912 1056 3992 plebani
1079 3920 1112 3979 et
1141 3913 1344 3978 ecclesiarum

161 4006 294 4074 reolores
316 4011 348 4075 in
371 4010 659 4092 praedicationibus
682 4012 830 4075 nuntient
853 4030 924 4075 osse
947 4013 1124 4092 prohibitas
1149 4032 1246 4080 novas
1270 4035 1343 4081 cau-

165 4091 271 4173 tilenae
290 4128 410 4191 omnes,
434 4118 563 4192 praeter

361 4212 438 4265 Buoh
455 4212 625 4280 wsemohr'rci,
798 4213 883 4277 (Deus
901 4216 1081 4282 omnipotens)

359 4295 515 4363 llospodine
532 4295 644 4364 pomiluj
667 4313 709 4364 ny,
800 4297 923 4360 (Domine
941 4299 1069 4352 miserere
1087 4299 1184 4364 nostri)

356 4379 425 4434 Jesu
442 4379 541 4444 Kriste,
559 4379 650 4448 ltedrp
667 4381 761 4446 knede,
797 4381 872 4447 (lesu
891 4383 1005 4450 Christe,
1024 4382 1098 4450 large
1116 4383 1251 4452 princeps)

359 4469 386 4517 et
405 4462 487 4532 Svaty
504 4464 552 4517 nas
572 4463 714 4518 Wtclawe.
795 4465 905 4533 (Sancte
922 4474 1014 4521 noster
1031 4467 1211 4535 Wenceslae.)

260 4546 339 4612 Alias
362 4555 473 4614 contra
495 4555 660 4615 cantantes
684 4556 716 4613 et
739 4550 908 4618 decantare
931 4552 1153 4635 paermittentes
1169 4574 1227 4637 per
1245 4574 1345 4621 reme-

179 4624 218 4694 dia
234 4637 306 4718 juris
327 4650 501 4730 punientur
523 4652 605 4733 (alc).

702 4790 818 4798 —u-———--
829 4791 844 4796 .-
