2992 5258
559 437 745 507 Depositionss
762 437 872 493 testium
900 439 973 493 1414.
995 440 999 449 “
1298 445 1358 509 183

267 640 416 717 Ostende,
449 640 554 721 inique
575 641 678 713 testis,
706 641 742 701 ia
764 641 872 720 quibus
899 640 1094 703 sermonibus
1117 641 1245 716 scripsi,
1275 641 1357 722 meod

169 759 253 820 papa
275 743 467 823 Bonisaeius
486 743 529 803 sit
544 742 736 803 demetiens?
755 741 848 802 Istud
870 748 1002 803 testatas
1022 761 1054 802 es
1068 743 1135 802 sine
1148 742 1355 822 requisitione,

172 853 198 905 et
216 845 367 905 mentitus
387 863 420 905 es
439 845 507 904 eine
527 843 637 922 scripti
657 843 839 905 inventione.
875 843 949 904 Non
970 843 1053 903 enim
1073 842 1208 903 intentes
1227 842 1261 903 in
1281 842 1357 903 mas

172 946 305 1025 seriptis,
327 943 408 1023 qnod
421 962 475 1024 eqo
493 962 664 1023 personam
685 941 826 1021 aliquam
838 942 1027 1015 haereticam,
1049 942 1113 1004 nisi
1124 939 1258 1021 aliquem
1260 941 1357 1023 jueta

171 1046 354 1106 sententiam
374 1049 555 1106 sanctorum
575 1043 621 1103 sio
641 1061 749 1115 uocem,
770 1039 818 1101 uel
838 1042 872 1102 in
891 1060 1000 1122 qenere
1021 1041 1166 1103 dicendo:
1189 1043 1240 1121 qni
1260 1044 1356 1103 sime

172 1146 255 1206 niam
276 1151 402 1211 esercet,
423 1141 478 1204 ille
498 1149 542 1204 est
564 1142 742 1218 haereticum,
763 1140 811 1201 uel
825 1142 991 1220 quicunque
1008 1142 1209 1220 pertiiraeiter
1229 1149 1355 1204 eontra·

171 1247 270 1306 riotocr
289 1247 467 1325 scripturae
486 1262 597 1305 sacrae
617 1241 701 1303 dicto
721 1239 768 1301 vel
783 1240 883 1322 sacto,
905 1240 958 1303 ille
978 1248 1022 1303 est
1034 1241 1222 1303 ,hamericus

491 1424 542 1478 Mr.
559 1421 688 1476 Nicotaus
706 1421 739 1475 de
757 1421 893 1476 Podwinie
911 1419 1029 1489 deponit

264 1544 324 1608 Mr.
347 1543 496 1607 Nicotaus
511 1541 549 1606 de
565 1540 725 1605 Poduinie
740 1538 843 1603 medio
860 1557 917 1603 suo
929 1540 1109 1619 juramento
1125 1539 1257 1623 deponit
1271 1540 1356 1604 inter

170 1651 282 1708 cetera:
318 1645 430 1726 primo,
463 1642 600 1723 qualiter
626 1642 685 1705 Mr.
712 1641 853 1704 loannes
880 1639 949 1703 Hus
975 1640 1063 1704 venit
1090 1640 1131 1703 ad
1161 1640 1354 1705 aestuarium

169 1742 224 1809 lllr.
240 1741 387 1807 Andreae
409 1742 495 1823 Brod
516 1740 555 1806 ad
576 1740 741 1820 collegium
754 1739 878 1816 Karoli,
901 1746 935 1804 et
948 1739 1018 1819 ipso
1040 1744 1122 1804 teste
1144 1738 1261 1803 ibidem
1276 1739 1354 1803 assi-

168 1850 269 1907 stente
292 1844 377 1909 inter
399 1848 508 1906 cetera
529 1841 624 1905 dixit:
652 1840 735 1904 Ecce
757 1838 925 1903 reverendi
948 1838 1104 1919 magistri!
1129 1838 1204 1919 quid
1225 1839 1278 1904 isti
1300 1857 1354 1902 ru·

167 1944 247 2007 rales
268 1943 448 2024 presbyteri
470 1941 642 2021 loquuntur
663 1941 702 2004 de
724 1957 795 2015 me,
817 1940 870 2003 ubi
893 1957 952 2019 ego
976 1939 1177 2020 praedicavi,
1210 1939 1294 2019 quod
1320 1940 1354 2004 in

167 2050 361 2107 memmento
376 2042 486 2106 alteris
501 2047 645 2104 remanet
659 2040 836 2104 substantia
848 2040 963 2121 panis?
978 2039 1090 2103 vellem
1101 2044 1205 2104 mmen
1217 2038 1354 2104 libenter

165 2142 202 2207 ab
228 2130 278 2207 eis
301 2141 431 2219 audire,
465 2140 548 2221 quod
570 2140 714 2203 dicerent
736 2138 831 2216 mibi,
864 2138 939 2218 quid
969 2139 1126 2219 frangitur
1148 2139 1211 2217 ibi,
1240 2140 1268 2203 si
1289 2157 1353 2204 uon

166 2248 307 2308 remanet
328 2241 507 2306 substantia
528 2238 641 2321 ponis?
670 2238 712 2303 Et
734 2238 779 2303 sic
805 2239 833 2302 is
853 2239 921 2319 ipsc
943 2239 1036 2303 testis
1062 2258 1132 2304 cum
1154 2238 1238 2319 aliis,
1260 2238 1352 2303 vide·

691 2354 825 2419 (honis)

164 2442 237 2507 licet
263 2441 306 2505 bl.
329 2439 416 2503 Brod
444 2446 477 2503 et
498 2438 541 2503 bl.
568 2439 723 2519 Gregorio
745 2437 785 2503 de
807 2438 911 2518 Praga
931 2455 966 2501 se
987 2438 1209 2520 inspexerunt,
1236 2440 1353 2520 etipse

166 2540 367 2605 considerans
389 2538 544 2603 discessit
583 2536 626 2603 Et
657 2536 857 2619 postmodum
889 2536 958 2618 ipse
987 2539 1081 2602 testis
1103 2537 1183 2603 dixit
1204 2538 1244 2603 ad
1265 2539 1353 2621 ipsos

165 2663 217 2706 tres
232 2655 302 2707 socii
319 2654 412 2707 dolose
427 2670 531 2706 meeum
549 2655 757 2706 conversantes!

166 2741 329 2819 magistros
348 2738 507 2803 Andream
529 2736 777 2818 etGregorium:
801 2737 882 2801 Ecce
897 2737 1056 2817 magistri!
1077 2738 1141 2819 Jam
1163 2738 1297 2804 erudistis
1312 2757 1352 2803 ex

166 2857 217 2903 ore
232 2840 346 2920 ipsiuS,
370 2844 404 2903 et
417 2838 494 2902 nibil
509 2838 549 2903 ad
563 2837 624 2902 boc
635 2837 781 2902 dixistis?
803 2837 846 2902 Et
859 2837 905 2901 illi
917 2838 1167 2920 responderunt:
1188 2839 1352 2904 Voluirnus

166 2956 219 3007 ecit.
237 2955 456 3007 tarnoderense
474 2971 541 3006 eum

166 3039 252 3119 plura
272 3039 384 3103 audire
405 3039 445 3103 ab
467 3056 515 3104 eo.

258 3139 340 3202 Eece
354 3139 419 3199 'iste
439 3158 508 3199 eum
530 3136 645 3200 Broda
660 3137 738 3218 fec-it,
766 3135 823 3199 sed
843 3137 939 3199 aliter
960 3143 1108 3199 testatur:
1139 3138 1213 3217 qnia
1236 3137 1351 3201 Broda

166 3237 241 3300 atra
264 3244 424 3313 „remanet
451 3237 583 3317 panis;“
616 3239 676 3299 iste
704 3236 797 3313 elicit,
830 3236 912 3316 quod
932 3235 1071 3299 direrim
1102 3247 1258 3318 „remanet
1279 3240 1350 3301 sub·

165 3340 282 3401 stantia
299 3341 426 3420 panis.“
449 3337 591 3401 Addidit
612 3340 672 3400 iste
693 3337 836 3400 mendose
856 3339 938 3401 bane
959 3339 1140 3401 dictionem:
1160 3339 1349 3405 srebstantia.

462 3520 603 3588 Depositis
621 3519 727 3575 Nicolai
744 3518 856 3588 plebem
872 3519 900 3574 in
917 3520 1033 3574 Wdetat

255 3637 405 3703 Nicolous
421 3637 575 3719 plebanus
598 3637 630 3702 in
652 3637 779 3703 Wdetat
804 3638 890 3705 inter
909 3647 1019 3705 cetera
1040 3638 1171 3721 deponit
1192 3640 1251 3705 sub
1261 3641 1349 3722 jura·

154 3744 278 3803 mento:
301 3742 335 3801 et
356 3738 457 3818 primo
480 3737 625 3819 deponit,
647 3738 730 3818 quod
751 3737 873 3803 midivit
894 3757 912 3801 a
934 3739 1085 3818 magistro
1109 3738 1187 3819 Hus,
1210 3740 1294 3821 quod
1315 3741 1349 3804 in

151 3842 354 3904 sacramento
376 3837 486 3902 altaris
501 3844 574 3919 post
595 3839 866 3904 consecrationem
889 3847 1033 3904 remanet
1054 3840 1233 3906 substantia
1247 3839 1350 3923 panis.

255 3937 422 4000 Mentitur.

371 4117 493 4171 Testau‘o
509 4118 664 4172 Weoceslai
682 4119 716 4174 ds
734 4120 890 4189 Wodierad,
908 4121 1009 4190 publici
1026 4121 1132 4176 nouffl.

255 4236 462 4300 wenceslaus
474 4234 514 4299 de
526 4235 705 4316 Wodierod,
722 4238 867 4320 publicus
887 4241 1039 4320 notoriae,
1061 4240 1147 4304 iuter
1166 4246 1274 4304 cetera
1289 4240 1347 4304 sub

147 4333 333 4412 juramento
365 4334 510 4416 deponit:
532 4337 651 4416 primo,
679 4337 763 4417 quod
784 4338 905 4403 audivit
927 4356 965 4402 ex
987 4357 1042 4404 ore
1065 4340 1207 4418 magistri
1231 4341 1299 4404 Hus
1315 4342 1347 4404 in

153 4451 304 4500 sermone
332 4434 372 4499 ad
405 4435 555 4518 populum
584 4437 798 4519 praedicantis
821 4446 854 4503 et
875 4438 1028 4504 dicentis:
1057 4440 1169 4503 Pueri!
1201 4439 1347 4504 laurdetur

155 4532 235 4598 deus
256 4535 466 4618 omnipotens,
488 4537 562 4616 quia
576 4536 767 4603 Teutonicos
783 4538 983 4617 exclusimus
1006 4546 1040 4604 et
1061 4538 1213 4604 habemus
1228 4558 1347 4622 propo-

115 4710 120 4717 ·
159 4634 262 4713 situm,
284 4653 418 4718 proquo
434 4635 617 4718 institimus,
640 4645 674 4704 et
689 4656 796 4703 sumus
810 4639 965 4720 uictorem
988 4646 1021 4704 et
1042 4640 1224 4722 specialiter
1238 4658 1347 4721 regra-
