2992 5258
147 394 208 455 636
388 380 593 433 t'fontrorcrsiae
611 376 644 429 do
662 373 792 441 religione
809 372 838 425 in
854 370 997 425 Boiremia:
1016 368 1101 425 1416.

149 590 366 657 connnnnione
393 588 524 657 intento,
552 582 614 647 alia
635 576 829 645 concordare
857 592 940 655 quae
968 572 1013 637 vir

149 711 225 756 rnna.
249 689 340 767 (iared
370 694 402 751 et
425 686 481 751 tibi
515 682 642 759 suadeo,
671 678 698 743 si
720 678 811 759 cupis
840 674 941 757 partis
1056 674 1059 679 '

152 804 182 857 nt
205 789 391 873 postarositis
407 788 471 851 tnis
484 786 619 849 fortasse
637 778 827 861 [linendaque
841 776 950 865 phars·
1039 794 1042 799 ’

150 896 194 959 tni
225 894 448 972 irrugistrorum
477 886 642 951 ueritatem
670 879 869 961 diligentium
920 910 933 929 a
1030 952 1033 959 Ι

150 995 290 1076 gaulanem
313 992 383 1072 plius
407 988 553 1053 omnibus
575 982 805 1065 intelligentem
826 998 859 1045 η’
883 1022 891 1041 -,
904 972 951 1039 .”-

152 1094 274 1162 iecoris,
299 1091 393 1153 timeo
416 1108 456 1151 nc
479 1084 595 1169 perdas
616 1082 753 1149 fructum
774 1098 835 1147 cn·¹

154 1712 374 1823 Anonymi
399 1708 550 1791 relatio
581 1703 607 1779 ι’
688 1718 698 1780 .'
724 1705 733 1723 ”
972 1743 1112 1827 „genae
1136 1708 1302 1819 Sophiae,

156 1863 199 1934 ct
239 1850 413 1932 civitate
443 1840 592 1927 Usti‘
845 1914 857 1933 .
889 1849 1190 1935 Constantiensi
1223 1874 1304 1927 con-

157 1978 501 2094 praedicatoribv
722 1988 943 2095 ,opositae

275 2126 319 2199 et
345 2122 457 2209 cont*

664 2233 701 2299 (S.
721 2234 740 2287 1.
759 2240 787 2286 et
803 2238 839 2299 a.)

467 2536 510 2597 (Ji
527 2534 587 2587 MS.
613 2533 962 2605 Vienndiio2,sol.112⁶
984 2536 1039 2601 sq.)

354 2838 552 2905 „querimonia
571 2845 668 2890 contro
686 2853 774 2904 recem
801 2834 992 2890 wenceslaum
1008 2836 1152 2893 addolor

266 3050 337 3132 daria
351 3040 524 3106 secundnm
538 3039 667 3105 boatum
689 3038 917 3121 Hieronymum
940 3057 1036 3121 snper
1057 3038 1225 3107 Ezechielc
1240 3044 1279 3109 od
1292 3062 1332 3109 ro

195 3192 237 3249 fl„
250 3144 457 3219 christianum
479 3141 618 3222 pertinet
641 3140 783 3205 defensio
805 3138 888 3221 fidei,
910 3138 1008 3204 divini
1023 3139 1126 3205 cultus
1141 3146 1333 3211 conservatio

180 3230 205 3347 t3⁵¹
218 3243 373 3329 ampliatio
398 3241 521 3305 ratione
551 3258 627 3305 suae
648 3240 817 3321 unctionis,
840 3240 923 3305 sicut
944 3240 1038 3305 etad
1060 3241 1244 3325 episcopum
1258 3244 1335 3312 etad

173 3350 390 3437 imperatorem,
420 3343 502 3407 sicut
523 3341 563 3408 ad
591 3360 713 3424 papam,
736 3342 799 3405 imo
826 3340 949 3407 ratione
978 3342 1175 3408 executionis
1201 3347 1337 3428 amplius.

167 3454 233 3537 ¹'iria
255 3443 338 3525 qnod
360 3461 424 3508 non
444 3447 552 3525 potest
573 3462 664 3525 papa,
692 3442 761 3525 ipse
784 3442 897 3523 exequi
919 3448 1064 3505 tenetur:
1080 3450 1278 3527 quiapropter
1296 3448 1337 3511 in·

163 3544 327 3625 trascripta
359 3543 515 3608 haeresim
537 3542 694 3625 sapientia
715 3542 747 3605 in
770 3540 831 3607 fido
853 3550 886 3607 et
907 3541 1049 3605 moribus
1086 3543 1242 3611 ecclcsiae
1270 3545 1340 3611 inie-

71 3639 76 3649 '
161 3650 272 3712 runtur
295 3650 406 3709 contra
427 3642 594 3708 nonnullos
617 3642 656 3709 de
679 3660 778 3723 regno
801 3642 979 3707 Boiremiae.

259 3743 406 3825 Inprimis
427 3742 554 3823 dicitur,
582 3742 666 3824 quod
688 3750 789 3808 sermm
811 3742 849 3806 D.
872 3740 1079 3808 Wenceslans
1100 3762 1157 3810 rex
1179 3747 1341 3815 Bohemiae

160 3864 198 3908 ex
220 3843 327 3909 multis
349 3843 451 3909 causis
473 3842 513 3909 de
535 3843 666 3909 crimine
680 3842 824 3909 haeresis
847 3847 880 3907 et
902 3840 1039 3909 suntoria
1060 3846 1130 3927 ejus
1145 3846 1343 3916 vehementer

160 3951 209 4009 nst
231 3950 407 4028 suspectus.

257 4046 297 4111 lt.
320 4044 394 4126 qnia
413 4046 538 4124 tolerat
560 4044 622 4111 inno
643 4046 730 4112 fovet
751 4064 787 4111 ac
808 4042 949 4110 defendit
970 4046 1209 4127 praedicatores
1224 4050 1342 4118 'haere

161 4162 228 4213 sum
251 4163 288 4211 ac
309 4162 452 4211 errorum
473 4146 605 4212 Joannis
626 4144 742 4212 Wiclci
762 4150 794 4209 ct
815 4146 905 4211 Joan.
928 4144 997 4209 Hos
1019 4146 1052 4209 in
1075 4148 1133 4213 hoc
1159 4166 1252 4216 sacro
1277 4170 1342 4217 con·

161 4243 232 4308 cilio
254 4244 480 4327 damnatorum,
503 4253 708 4312 vulneratores
730 4246 961 4311 haereticorum
991 4246 1084 4311 videl.
1126 4249 1261 4317 Joannis
1281 4252 1342 4317 Hns

163 4350 196 4407 ct
210 4343 391 4427 Hieronymi
415 4347 454 4410 dc
468 4348 567 4429 Praga
588 4348 620 4411 in
633 4348 692 4412 hoe
714 4365 804 4412 sucro
827 4346 960 4411 concilio
972 4346 1198 4429 damnatorum,
1211 4360 1245 4417 et
1256 4355 1342 4419 otiam

231 4566 246 4617 ἰ
267 4565 315 4620 ligo
334 4568 470 4611 commendo
488 4574 511 4614 to
529 4569 572 4613 deo
588 4569 646 4615 dean
665 4568 761 4616 Christo
776 4566 904 4627 psrntificuii
922 4568 1077 4625 anctoritate,
1093 4572 1149 4631 quio
1162 4578 1255 4619 tanturn
1273 4574 1341 4621 vitm.

262 4654 375 4703 qrruntunr
394 4650 562 4711 archiepiscopi
581 4660 614 4701 ic.
