2992 5258
387 392 409 442 1.
444 368 635 443 Gorulernuatio
652 392 684 443 45
702 389 875 442 articulorum
893 387 1001 442 Wiclel'.
1230 396 1290 457 329

199 597 247 658 13.
271 591 362 671 Quod
387 592 447 674 illi,
476 593 529 674 qui
558 593 722 659 dimittunt
747 592 932 673 praedicare
962 590 1092 656 verbum
1120 593 1187 672 dei,
1222 595 1290 659 1111

102 694 227 758 uerbum
256 693 307 759 dei
335 693 445 758 audire
475 700 606 776 propter
634 693 989 759 excommunicationem
1018 692 1187 773 hominum,
1216 702 1292 760 sunt

101 795 365 874 escornmunicati.
389 795 474 859 etin
497 794 547 859 die
567 794 678 874 judicii
701 795 873 860 traditores
896 793 1014 859 Christi
1038 793 1245 859 habebuntur.

200 900 248 961 14.
275 896 365 961 Licet
394 896 488 961 alicui
512 896 643 961 diacono
666 897 717 960 vel
739 896 927 978 presbytero
951 895 1137 977 praedicare
1160 896 1290 960 verbum

102 997 146 1062 dei
169 999 290 1078 absque
312 999 506 1063 auctoritate
529 996 613 1062 sedis
643 995 836 1079 apostolicae
859 996 926 1059 sive
959 995 1101 1077 episcopi
1134 996 1288 1061 catholici.

199 1101 247 1162 11.
269 1097 381 1162 Nullus
404 1107 454 1163 est
480 1097 624 1162 domiuus
657 1097 767 1175 civilis,
789 1097 895 1161 nullus
918 1103 968 1162 est
989 1096 1161 1177 praelatus,
1184 1097 1289 1161 nullus

97 1207 142 1263 est
171 1199 351 1281 episcopus,
376 1198 449 1262 dum
472 1204 523 1264 est
545 1200 577 1263 11
599 1205 729 1281 peccato
751 1199 887 1263 mortali.

197 1301 246 1364 16.
268 1299 394 1363 Domini
422 1300 614 1381 temporales
643 1306 778 1382 possunt
799 1299 839 1364 ad
861 1300 1027 1365 arbitrium
1050 1318 1141 1364 suurn
1163 1299 1289 1364 auterre

90 1396 178 1464 bona
202 1399 392 1481 temporalia
413 1399 453 1464 ab
476 1399 700 1465 ecclesiasticis
723 1400 928 1465 lrabitualiter
951 1400 1217 1482 delinquentibus.

198 1503 246 1565 17.
271 1498 313 1564 Et
327 1499 412 1580 quod
426 1500 599 1582 populares
621 1509 755 1581 possunt
777 1501 817 1565 ad
839 1519 948 1565 eorum
964 1501 1131 1566 arbitrium
1147 1501 1290 1566 dominos

79 1600 321 1681 delinquentes
345 1602 516 1682 corrigere.

198 1701 247 1766 18.
269 1700 418 1766 Decimae
441 1706 515 1766 sunt
538 1720 636 1784 purae
660 1703 868 1783 elemosynae,
891 1708 923 1768 et
945 1702 1130 1784 parochiani
1152 1709 1287 1786 possunt

69 1808 231 1887 propter
258 1808 390 1885 peccata
430 1821 558 1867 suorum
586 1803 772 1868 collatorum
800 1803 840 1867 ad
876 1803 999 1869 libitum
1022 1822 1111 1868 suum
1134 1804 1289 1870 conferre.

198 1905 247 1968 19.
271 1903 361 1983 Quod
391 1903 546 1983 speciales
578 1904 738 1968 orationes
767 1903 943 1984 applicatae
974 1904 1027 1967 uui
1053 1921 1210 1986 personae
1232 1925 1290 1987 per

61 2004 256 2089 praelatos
280 2006 329 2069 vel
352 2004 519 2083 religiosos
541 2023 604 2068 non
627 2005 698 2086 plus
714 2012 849 2085 prosunt
864 2004 975 2083 eidem,
998 2022 1091 2085 quam
1112 2006 1288 2084 generales

61 2106 213 2173 ceteris
236 2106 374 2187 paribus.

196 2204 445 2271 recondens
475 2206 626 2271 1111111111
660 2207 873 2289 elemosynam
906 2214 957 2273 est
991 2208 1289 2288 excommunicatus

59 2314 125 2374 et
149 2306 310 2389 recipiens
332 2325 371 2373 eo
395 2308 473 2389 ipso.
1102 2376 1106 2385 ¹

195 2411 246 2472 21.
269 2407 359 2485 erod
391 2408 504 2490 aliquis
537 2407 716 2488 ingreditur
749 2408 933 2488 religionem
963 2410 1119 2491 privatam
1151 2410 1290 2491 qualem·

57 2527 249 2589 cumque,
284 2516 347 2573 tam
380 2510 705 2591 possessionatorum‚
739 2528 831 2590 quam
868 2510 1122 2589 mendicantium,
1146 2509 1291 2576 redditur

58 2609 236 2692 ineptior
258 2615 291 2674 et
312 2609 484 2675 inhabilior
506 2610 545 2675 ad
568 2610 802 2675 observantium
825 2610 876 2675 dei
899 2611 1127 2676 mandatorum.

196 2716 246 2776 22.
270 2709 375 2777 Sancti
400 2711 606 2775 instituentes
629 2711 816 2791 religionem
839 2712 1004 2793 privatam,
1027 2712 1072 2776 sic
1094 2711 1289 2778 instituendo

66 2818 318 2893 peccaverunt.

195 2917 244 2977 23.
268 2913 420 2993 Religiosi
447 2913 589 2977 viventes
621 2914 652 2976 in
682 2912 889 2993 religionibus
913 2912 1045 2994 privatis
1070 2929 1131 2978 uon
1154 2919 1228 2976 sunt
1250 2913 1289 2977 de

70 3013 251 3093 religione
273 3012 454 3078 christiana.

197 3118 245 3179 24.
268 3113 399 3180 Fratres
422 3122 573 3181 tenentur
588 3133 646 3195 per
662 3114 802 3179 laborem
818 3132 965 3178 manuum
981 3114 1097 3178 victum
1112 3115 1286 3194 acquirere,

78 3229 163 3275 nou
191 3232 247 3295 per
273 3214 516 3280 mendicitatem.
562 3214 627 3280 Iste
659 3215 811 3279 articulus
836 3221 885 3279 est
907 3214 1133 3279 condemnatus
1155 3215 1195 3279 ab
1217 3215 1289 3280 Ale·

83 3313 217 3379 xaudro
239 3323 364 3395 quarto.

197 3432 290 3498 („ltam
308 3433 369 3485 alia
385 3450 455 3502 pars
472 3432 646 3486 articulorum
664 3432 691 3485 in
710 3431 763 3485 alio
780 3446 943 3500 pergameno
961 3431 1173 3500 scriptorumz¹⁴t

196 3520 244 3581 25.
268 3516 373 3582 Primo
402 3517 478 3582 dicit
506 3536 614 3582 omnes
646 3517 850 3595 1111111111,
881 3518 935 3598 qui
963 3535 997 3582 se
1026 3517 1168 3599 obligant
1196 3534 1289 3582 orare

92 3617 247 3687 Proeliis
272 3618 318 3682 eis
340 3620 372 3683 in
395 3618 623 3700 temporalibus
645 3618 915 3684 subvenientibus,

198 3721 245 3784 26.
270 3719 351 3784 Item
373 3719 475 3784 oratio
498 3719 649 3800 praesciti
672 3719 750 3783 111111
774 3719 866 3783 11111.

196 3821 244 3885 27.
268 3820 306 3885 It.
330 3820 435 3885 omnia
456 3819 495 3883 de
518 3820 709 3884 necessitate
731 3820 872 3884 ueniunt.

196 3924 244 3986 28.
274 3919 478 3985 Confirmatio
508 3921 675 4003 juvenum,
709 3921 896 3985 clericorum
931 3919 1104 4000 ordinatio,
1138 3921 1287 3984 laicorum

93 4021 294 4087 cobsecratio
327 4027 532 4086 reservantur
562 4039 662 4102 papan
693 4027 726 4085 et
748 4020 906 4102 episcopis
929 4026 1061 4102 propter
1084 4019 1288 4102 cupiditatem

93 4100 178 4182 'ucri
201 4122 384 4204 temporalis
408 4128 441 4186 et
463 4121 601 4186 honeris.

94 4299 100 4311 ἣ
199 4226 249 4288 29.
271 4222 517 4300 11111111111111,
540 4220 655 4295 studia,
689 4221 830 4301 collegia,
864 4220 1088 4301 graduationes
1111 4221 1287 4300 magisterii

92 4319 123 4366 ¹¹1
162 4323 291 4395 eisdem,
312 4331 400 4387 ¹sunt
432 4341 513 4388 vana
547 4322 725 4403 gentilitate
759 4321 941 4386 introducta
969 4328 1001 4386 et
1034 4328 1156 4385 tanturn
1179 4321 1286 4386 valent

92 4414 252 4487 eeclesiae
274 4423 358 4488 sicut
379 4423 533 4488 diabolus

201 4527 246 4588 30.
268 4525 349 4588 1111
383 4523 468 4603 dicit,
491 4524 846 4588 excommunicationem
868 4540 969 4604 papae
991 4522 1040 4587 vel
1064 4523 1287 4603 cujuscumque

92 4613 316 4689 1111111111
340 4642 411 4689 esse
435 4624 613 4703 curandam,
637 4623 710 4704 quia
732 4629 781 4688 est
803 4640 938 4688 censura
962 4621 1158 4687 Antichristi.
