2992 5258
152 426 214 501 402
252 378 256 383 ·
391 420 595 486 Controversiae
614 418 647 484 de
664 418 795 498 religione
811 422 840 484 in
857 416 1001 484 bohemia:
1021 421 1095 486 ullo.

153 634 192 695 82¹
219 636 292 707 Vm,
319 634 397 710 qnod
424 635 495 696 licet
523 634 597 695 alias
626 650 681 709 per
719 633 814 694 felicis
839 635 1054 696 recordationis
1086 634 1124 698 D.
1146 634 1346 696 Alexandrum

152 753 257 812 papam
272 736 306 807 V,
321 735 519 796 immediatum
533 736 796 810 praedecessorem
811 735 946 806 vestrum,
968 734 1075 796 inisset
1089 733 1168 796 iacta
1182 737 1346 797 venerabili

152 844 183 897 et
209 838 419 909 circumspecto
448 837 511 896 viro
534 838 571 900 D.
597 836 726 897 Henrico
748 835 937 905 Westerhelt,
960 843 1028 896 tuno
1049 837 1126 897 sacri
1148 837 1253 911 palatii
1273 852 1347 910 apo·

152 936 249 998 etolloi
278 955 431 1000 cansarum
453 939 589 1011 auditori,
619 955 677 999 nna
704 937 869 999 commissio
896 938 950 996 snb
976 937 1032 997 hec
1058 936 1152 998 forma
1174 940 1205 999 ln
1228 937 1348 1017 efecto,

151 1040 301 1101 videlicet:
320 1041 476 1115 „dignetur
497 1039 553 1100 8²⁸⁸
574 1039 628 1097 W·
647 1055 764 1099 oensem
787 1042 818 1096 et
838 1054 941 1097 causas
963 1037 1171 1111 appellationis
1193 1044 1227 1098 et
1240 1037 1346 1113 appel·

150 1140 290 1201 lationem
320 1156 374 1215 pro
404 1146 488 1214 parte
518 1140 690 1200 devotorum
721 1138 848 1198 viromm
870 1137 1026 1198 Michaelis
1059 1138 1096 1198 de
1116 1137 1264 1211 Dmovic,
1285 1138 1355 1199 Pil·

150 1239 265 1302 biconie
288 1241 325 1301 de
338 1241 448 1313 llnrne,
469 1241 550 1301 Petri
572 1240 609 1300 de
620 1240 767 1310 Valentia,
788 1238 955 1299 Erochonis
970 1237 1007 1297 de
1019 1238 1158 1299 Podvvelrl
1173 1245 1206 1300 at
1224 1239 1359 1301 suenni·

152 1342 188 1402 de
212 1342 382 1412 Landstein,
412 1341 587 1403 scholarium
614 1341 815 1401 universitatis
846 1338 934 1400 stndii
955 1339 1124 1414 Pregensis,
1158 1346 1190 1400 et
1224 1341 1357 1403 eliorum

151 1443 365 1517 magistrorum,
377 1442 529 1502 doctorum
541 1448 571 1501 et
582 1441 758 1501 scholarium
771 1441 903 1514 ejnsdem
913 1439 1118 1510 universitatis,
1131 1440 1174 1500 eie
1182 1439 1355 1502 adbaeren-

154 1544 225 1603 tinm
258 1542 288 1624 in
320 1543 466 1617 partibus,
500 1559 518 1601 e
550 1542 696 1603 nonnullis
730 1542 896 1613 praetensis
928 1538 1116 1614 generalibus
1149 1541 1352 1615 processibus,

96 1714 98 1719 Ι
154 1643 310 1717 mendatis,
343 1644 551 1703 monitionibus
583 1648 615 1703 et
635 1641 788 1702 sententiis
811 1640 935 1714 aliisque
955 1642 1072 1716 injuriis
1094 1647 1348 1703 connetenenter

152 1761 204 1803 sen
227 1744 370 1804 hahentes
393 1744 486 1804 libros
509 1744 655 1818 quondam
676 1744 801 1803 loannis
817 1741 933 1820 Wiolef,
956 1747 996 1814 et,
1011 1749 1044 1802 ut
1057 1741 1132 1802 ielse
1147 1743 1344 1815 asserebetor,

152 1843 347 1905 defendentes
377 1851 472 1906 certes
502 1851 678 1918 praetensae
701 1843 855 1918 opiniones
878 1843 957 1905 circa
979 1851 1193 1904 sacramentnm
1215 1844 1343 1917 corporis

151 1945 260 2005 domini
282 1946 376 2005 nostri
398 1947 470 2006 Jesn
493 1945 611 2016 Christi,
634 1944 809 2018 conjunctim
831 1950 862 2004 et
882 1944 1005 2015 divisim,
1027 1960 1081 2017 per
1101 1945 1137 2005 D.
1159 1944 1340 2020 Sbynconem

153 2047 407 2120 archiepiscopum
435 2048 615 2122 Pragensem
646 2062 698 2106 seu
729 2048 792 2120 eJus
820 2045 962 2106 officiales
989 2046 1020 2104 in
1047 2045 1180 2118 pertibus
1212 2044 1297 2105 factis
1317 2051 1343 2105 et

154 2147 354 2221 promulgatis,
384 2154 413 2207 et
435 2148 501 2207 eliis
524 2148 740 2222 gravaminibus
764 2147 808 2206 eis
830 2146 928 2218 illatis,
951 2147 1086 2221 quatinus
1107 2147 1168 2220 ipsi
1189 2162 1342 2220 processus

155 2265 207 2308 sen
229 2249 366 2308 mandate
380 2250 409 2307 in
425 2249 467 2308 eis
483 2256 621 2310 contente
637 2248 858 2322 quomodolibet
873 2249 966 2307 dictos
982 2248 1168 2321 appellentes
1183 2252 1343 2323 tangerent,

155 2364 208 2409 seu
234 2355 355 2423 tangere
384 2356 508 2421 possent
534 2349 564 2408 in
594 2349 736 2422 partibus,
758 2348 795 2407 ad
819 2348 918 2408 sedem
940 2349 1132 2421 apostolicam
1152 2348 1343 2421 interpositae

151 2457 182 2510 et
219 2451 462 2526 interponendae,
494 2467 529 2510 ac
550 2451 661 2524 negotii
691 2450 862 2523 principalis
892 2450 1059 2510 earumdem
1084 2465 1119 2508 ac
1147 2449 1293 2511 nullitatia
1317 2455 1345 2510 et

150 2552 314 2625 iniqnitatis
336 2553 467 2624 ipsorum
488 2558 711 2626 praetensornm
728 2567 932 2632 processuum,
954 2551 1156 2611 mandatorum
1177 2556 1209 2610 et
1229 2556 1343 2610 senten·

152 2654 265 2724 tiaram,
299 2661 328 2713 et
349 2654 431 2725 aliae,
465 2669 549 2727 quem
582 2659 613 2713 et
645 2671 716 2727 quas
750 2655 820 2713 dicti
851 2652 1036 2726 appellantes
1071 2667 1125 2729 pro
1159 2666 1192 2711 se
1226 2656 1259 2710 et
1289 2649 1344 2710 sibi

150 2753 379 2813 adhaerentibus
411 2760 562 2813 moverent
595 2770 648 2813 seu
680 2768 797 2813 movere
830 2755 985 2814 intendent
1013 2758 1117 2812 contra
1144 2758 1177 2811 et
1204 2751 1344 2812 adversus

150 2853 258 2914 dictum
280 2854 317 2913 D.
339 2854 600 2928 archiepiscopum
631 2861 662 2914 et
689 2855 776 2927 elios,
805 2871 858 2914 sua
883 2856 1027 2914 interesse
1060 2853 1226 2923 credentes,
1259 2851 1344 2912 suan

149 2954 340 3013 communiter
367 2962 398 3014 et
425 2956 554 3026 divisim,
584 2957 621 3015 de
655 2961 685 3015 et
713 2971 802 3029 super
823 2956 994 3029 praemissis
1016 2955 1148 3028 aliisque,
1170 2952 1294 3014 infamia
1315 2959 1345 3013 et

125 3054 264 3127 >iniuriis
287 3060 317 3113 et
339 3071 438 3114 earnm
470 3057 633 3127 occasione,
656 3057 836 3117 committere
859 3056 947 3117 alicui
970 3071 1005 3115 ex
1020 3055 1146 3114 dominis
1162 3054 1255 3114 vostri
1269 3053 1344 3115 sacri

70 3209 73 3215 .
149 3154 250 3226 palatii
289 3155 447 3227 apostolici
476 3174 629 3218 causarum
659 3158 843 3217 auditoribus
881 3157 1074 3227 audiendam,
1103 3155 1344 3230 cognoscendam,

150 3248 344 3314 decidendam
369 3264 398 3315 et
425 3256 481 3316 fine
517 3258 617 3319 debito
645 3260 873 3328 terminandam,
901 3275 964 3317 oum
995 3257 1130 3316 omnihus
1163 3262 1194 3316 et
1223 3256 1343 3332 singulis

150 3356 346 3429 emergentiis,
367 3357 543 3429 incidendis,
573 3359 776 3432 dependentiis
803 3364 834 3418 et
854 3360 1009 3435 connexis,
1041 3366 1078 3418 et·
1103 3376 1166 3419 cum
1195 3366 1342 3433 potestate

150 3456 260 3515 citandi
293 3456 400 3517 dictum
428 3458 464 3517 D.
492 3461 753 3533 Archiepisoopnm
786 3466 816 3519 et
847 3460 921 3520 alios
955 3460 1122 3533 praedictos
1154 3461 1185 3520 in
1213 3458 1344 3521 Romane

150 3557 232 3614 cnria
259 3564 289 3616 et
318 3562 403 3617 extra
428 3565 458 3618 et
487 3561 524 3621 ad
553 3567 654 3632 partes
676 3562 773 3630 toties,
796 3562 911 3634 quoties
934 3576 1007 3633 opus
1030 3562 1095 3632 erit,
1118 3577 1176 3620 non
1199 3562 1343 3634 obstante,

150 3657 228 3729 qnod
249 3673 355 3717 censae
377 3659 542 3732 hujnsmodi
570 3661 669 3721 forsan
692 3678 752 3720 non
781 3662 840 3720 sint
867 3664 905 3721 ed
934 3661 1042 3722 dictem
1071 3662 1181 3721 onnam
1215 3663 1342 3738 legitino

150 3755 312 3839 devolutae,
334 3775 428 3832 neque
451 3761 481 3819 in
498 3778 533 3819 ea
546 3762 583 3820 de
602 3764 669 3836 jure
686 3769 716 3821 et
731 3762 908 3822 necessitate
923 3763 1093 3821 tractandae
1109 3777 1161 3822 seu
1177 3761 1341 3825 timendae·

151 3888 188 3902 -
203 3857 267 3929 „De
289 3861 425 3919 mandato
449 3862 558 3921 domini
580 3865 673 3922 nostri
697 3880 790 3935 papae
807 3865 906 3923 audiet
927 3863 1066 3938 magister
1089 3864 1246 3937 Heariouo,
1267 3865 1340 3935 citet

150 3964 181 4019 ut
202 3960 318 4031 petitur,
341 3966 371 4019 et
389 3962 531 4033 Justltiam
554 3962 643 4022 faciat
664 3965 764 4037 vigore
788 3964 883 4023 dictae
905 3962 1145 4033 commissionis,“
1175 4002 1211 4012 -

250 4093 289 4104 -
304 4061 452 4134 praefatos
464 4063 499 4122 D.
512 4064 759 4137 archiepiscopus
781 4061 887 4122 fuisset
902 4062 1031 4137 legitima
1053 4065 1160 4125 citatus
1172 4067 1212 4126 ad
1234 4066 1339 4128 mnan

150 4159 317 4232 Romanam,
339 4163 462 4237 ipseque
485 4164 520 4223 D.
542 4166 790 4238 Archiepiscopns
813 4164 918 4223 fuisset
940 4169 969 4223 et
983 4171 1065 4225 esset
1086 4173 1243 4239 suspectus
1257 4166 1340 4228 dictis

150 4263 379 4336 exponentibus:
400 4265 587 4326 nihilominus
614 4267 708 4326 dictus
735 4262 772 4328 D.
801 4265 982 4325 Alexander
998 4280 1076 4340 papa
1104 4265 1141 4338 V,
1169 4268 1209 4329 ad
1234 4268 1381 4343 impor-

149 4370 247 4422 tnnem
279 4370 310 4423 et
341 4365 503 4437 sinistram,
536 4374 569 4427 nt
599 4367 797 4427 verisimiliter
829 4367 972 4444 creditur,
995 4365 1240 4429 informationem
1271 4362 1381 4431 dot!

150 4463 186 4525 D.
207 4464 431 4539 Archiepiseopi
453 4485 506 4526 sen
524 4469 687 4528 nuntiorum
712 4484 837 4538 snorum,
852 4484 956 4528 causes
971 4468 1180 4541 appellationis
1194 4477 1227 4531 et
1238 4468 1381 4544 appol-

150 4562 290 4624 lationum
323 4568 423 4641 vigore
457 4569 551 4628 dictae
584 4568 797 4629 commissionis
821 4569 995 4643 pendentes,
1028 4576 1061 4629 nt
1092 4571 1208 4644 dicitnr,
1238 4570 1275 4632 ad
1305 4578 1381 4631 Β

150 4665 305 4747 advocans,
327 4675 434 4729 certam
450 4676 637 4743 praetensam
651 4677 755 4732 contra
769 4670 864 4733 dicon
879 4677 1062 4745 exponentes
1075 4671 1174 4733 eidem
1185 4671 1222 4737 D.
1235 4666 1381 4733 amat-
