2992 5258
149 416 212 483 278
360 412 433 468 Petri
450 413 485 467 de
503 411 680 466 Mladeucuic
696 410 795 466 relatio
812 410 846 466 de
864 411 902 466 M.
920 412 946 466 J.
964 412 1022 466 llus
1039 425 1134 466 causa:

150 615 225 681 liter
256 618 288 681 in
320 634 430 681 mensa
451 616 484 680 in
506 615 580 680 dote
614 612 775 695 cujusdam
802 613 929 695 plebani
959 615 1129 696 Pragensis
1151 614 1348 681 defendisset

151 717 236 781 illam
257 719 466 783 assertionem
488 734 576 780 sumu
608 714 647 779 dc
670 715 866 779 remanentia
887 716 979 796 panis
1001 715 1187 781 materialis.
1208 716 1251 781 Et
1274 735 1346 781 cum

151 817 212 882 sibi
233 817 387 898 plebanus
402 816 529 897 quidam
550 815 741 880 auctoritate
756 816 844 881 beati
867 816 1011 897 Gregorii
1035 816 1198 897 objiceret,
1214 834 1347 898 respou-

151 919 235 984 disse
247 919 350 999 ipsum
361 917 403 982 hl.
415 918 570 983 Joaunem
584 915 704 993 dicunt,
726 916 951 999 quodsanctus
968 917 1144 996 Gregorius
1166 925 1348 983 essetuuus

147 1019 305 1100 joculator
336 1017 387 1082 vel
419 1016 662 1097 rhythmisatcr,
695 1017 842 1096 eoquod
872 1016 1050 1098 rhythmice
1072 1016 1158 1083 dicta
1179 1034 1238 1084 sua
1259 1034 1346 1083 corn·

150 1118 292 1200 pilasset.
313 1118 355 1182 Et
366 1118 408 1182 ll.
424 1118 566 1183 loannes
578 1115 668 1180 dixit:
685 1115 753 1194 Ego
770 1116 874 1197 ipsum
888 1117 989 1181 habeo
1000 1134 1060 1198 pro
1072 1117 1349 1199 praestantissimo

151 1218 306 1284 ecclesiae
328 1226 457 1283 sanctae
480 1217 620 1282 doctore.

250 1318 369 1396 Quibus
395 1316 655 1383 altercationibus
677 1315 884 1396 cessantibus,
913 1316 993 1382 dixit
1021 1316 1191 1382 cardinalis
1211 1315 1346 1382 Floren-

150 1419 253 1484 tinus:
280 1419 322 1482 M.
349 1419 505 1484 loannes!
533 1435 590 1482 vos
619 1417 723 1497 scitis,
752 1417 826 1497 quia
853 1418 1094 1498 scriptumest,
1127 1417 1213 1498 quod
1234 1417 1269 1483 in
1290 1435 1348 1484 ore

152 1518 285 1583 duorum
307 1518 357 1583 vel
378 1518 475 1584 trium
496 1518 625 1583 testium
647 1522 711 1582 stet
732 1534 824 1581 omne
846 1517 985 1581 verbum.
1015 1517 1058 1582 Et
1079 1535 1168 1597 ecce,
1199 1518 1252 1582 hic
1274 1524 1349 1584 sunt

152 1626 264 1683 contra
296 1636 351 1683 vos
384 1618 465 1685 bene
496 1617 611 1699 viginti
644 1623 760 1694 testes,
793 1618 945 1698 praelati,
978 1617 1127 1682 doctores
1156 1623 1189 1683 et
1210 1618 1266 1684 alii
1287 1617 1349 1682 riri

151 1720 257 1798 magni
279 1725 314 1782 et
333 1720 506 1798 notabileS,
540 1736 672 1798 quornm
695 1717 791 1798 aliqui
822 1734 860 1780 ex
882 1717 991 1781 auditu
1014 1716 1152 1783 etfama
1179 1719 1347 1798 communi,

151 1818 206 1883 alii
238 1836 314 1883 vero
347 1818 491 1883 descire
524 1817 705 1899 deponunt,
739 1835 851 1882 causas
874 1817 1027 1882 scientiae
1049 1818 1257 1883 rationabiles
1271 1818 1348 1884 alle·

152 1924 284 1998 pantes:
307 1919 383 2000 quid
404 1937 480 1998 ergo
502 1925 613 1983 contra
641 1935 751 1983 omnes
768 1918 833 1998 jam
849 1918 944 1982 vultis
966 1919 1108 1998 negare?
1137 1918 1180 1984 Et
1199 1918 1274 2000 ipse
1297 1936 1348 1984 re·

152 2019 299 2100 spondit:
322 2019 365 2084 Et
386 2019 413 2083 si
434 2018 580 2082 dominus
607 2018 686 2082 deus
708 2022 742 2082 et
763 2019 957 2082 couscientia
978 2037 1049 2082 mea
1071 2019 1133 2082 mei
1148 2026 1250 2084 testes
1265 2024 1349 2098 sunt,

154 2119 295 2200 quodid,
318 2119 402 2200 quod
414 2118 479 2199 jam
495 2124 607 2184 contra
622 2136 673 2182 me
689 2117 861 2199 deponunt,
887 2135 947 2182 nec
961 2117 1151 2199 praedicavi,
1172 2136 1234 2183 uec
1249 2118 1349 2199 docui,

153 2237 212 2282 nec
243 2219 276 2282 in
309 2236 364 2284 cor
394 2237 498 2283 meum
529 2218 688 2297 ascendit,
723 2224 756 2282 et
777 2217 804 2281 si
836 2235 945 2282 omnes
967 2217 1143 2283 adversarii
1165 2224 1279 2283 contra
1298 2238 1347 2284 ms

153 2318 459 2401 deponereut‚.quid
480 2337 540 2399 ego
562 2337 699 2402 possum,
723 2335 783 2382 nec
803 2317 864 2381 hoc
885 2317 962 2381 mihi
983 2317 1120 2382 finaliter
1142 2326 1249 2383 nocet.

255 2417 346 2482 Card.
359 2416 596 2483 Cameracensis
619 2417 712 2480 dixit:
735 2417 801 2481 Nos
823 2433 1065 2497 nonpossumus
1079 2416 1351 2484 secuudumtuam

154 2519 381 2585 conscientiam
395 2517 546 2598 judicare,
563 2517 619 2583 sed
635 2517 806 2581 secuudum
822 2516 873 2580 hie
888 2517 1023 2598 probata
1038 2522 1071 2582 et
1085 2517 1224 2583 deducta
1238 2524 1349 2583 contra

153 2627 186 2686 te
212 2626 245 2685 et
266 2619 373 2699 aliqua
398 2618 588 2698 confessam:
624 2625 657 2684 et
678 2636 734 2682 vos
762 2619 848 2684 forte
876 2635 985 2682 omnes
1006 2616 1271 2685 velletis'voenrc
1291 2619 1350 2685 ini·

152 2720 251 2785 micos
266 2725 299 2784 et
319 2719 519 2785 adversarios
533 2726 677 2798 vestros,
699 2719 752 2800 qui
769 2725 880 2783 contra
901 2735 956 2782 vos
979 2717 1117 2783 scientes
1140 2719 1238 2784 etiam
1253 2719 1350 2802 depo-

152 2825 249 2891 nunt,
284 2836 396 2884 causas
421 2820 626 2885 rationabiles
655 2820 807 2884 scientiae
836 2818 1030 2899 allegantem
1053 2824 1182 2900 oportet
1203 2837 1264 2885 nos
1284 2819 1349 2885 illis

152 2920 293 2985 credere.
315 2918 359 2984 Et
372 2936 430 2984 vos
443 2919 582 2997 dixistis,
605 2918 689 3001 quod
704 2919 864 2983 haberetis
880 2926 1062 3000 suspectum
1083 2918 1126 2982 hl.
1149 2918 1348 3002 Stephanum

151 3020 273 3099 Palem,
296 3020 349 3101 qui
364 3038 422 3101 pro
445 3024 534 3084 certo
548 3018 600 3100 pie
622 3026 656 3084 et
677 3017 769 3084 valde
784 3019 896 3084 habuit
917 3037 952 3082 se
974 3018 1154 3083 humaniter
1176 3036 1246 3084 cnm
1262 3020 1354 3086 libris

152 3120 216 3185 illis
249 3126 282 3185 et
314 3120 472 3198 articulis,
506 3120 601 3184 etiam
622 3120 729 3184 mitius
751 3118 824 3184 illos
853 3117 1065 3197 extrahendo,
1099 3136 1192 3198 quam
1213 3118 1249 3184 in
1270 3120 1352 3186 libro

153 3221 373 3298 continentur,
396 3227 429 3285 et
451 3220 597 3284 similiter
618 3236 726 3285 omnes
748 3219 802 3284 alii
824 3219 983 3283 doctores.
1013 3218 1080 3283 lmo
1103 3218 1261 3284 dicebatis
1281 3238 1354 3286 ean-

154 3321 315 3386 ccllarium
348 3321 561 3385 Parisieusem
594 3318 686 3384 vobis
708 3335 780 3383 esse
802 3324 999 3398 suspectum,
1032 3319 1086 3398 qui
1107 3335 1166 3398 pro
1190 3324 1284 3384 certo
1306 3328 1354 3386 est

153 3422 199 3486 ita
213 3419 366 3486 solemnis
390 3420 510 3498 doctor,
541 3420 624 3485 sicut
639 3437 720 3484 unus
745 3420 779 3483 in
801 3425 870 3484 tota
896 3418 1138 3484 Christ-ienitate
1165 3426 1281 3500 posset
1305 3436 1354 3485 re·

154 3539 262 3602 perrrr.
1102 3534 1106 3541 ·

251 3620 332 3685 ltem
354 3620 499 3701 ponitur,
528 3621 613 3703 quod
634 3620 738 3685 dictus
760 3621 851 3685 Joan.
873 3619 942 3684 Hus
964 3618 1178 3701 pertinaciter
1199 3618 1354 3685 articulos

155 3738 307 3786 emoneos
323 3720 438 3785 Wiclef
457 3721 490 3784 iu
511 3723 640 3786 civitate
659 3722 812 3800 Pragensi
827 3720 859 3783 iu
873 3719 988 3784 scholis
1011 3726 1044 3783 et
1062 3717 1354 3799 praedicatiombus

153 3821 289 3904 publicis
322 3821 518 3902 praedicavit
548 3828 581 3887 et
612 3821 768 3886 defendit:
802 3819 984 3902 respondit,
1026 3817 1112 3900 quod
1143 3836 1204 3884 uec
1231 3816 1354 3903 Wiclet⁴

154 3940 213 3987 nec
235 3920 368 4001 alicujus
390 3920 522 3986 alterius
544 3920 741 4002 praedicavit
754 3939 813 3986 uec
835 3920 925 4001 sequi
946 3919 1047 3984 voluit
1068 3918 1251 3984 doctrinam
1266 3934 1354 3985 erro<

153 4041 254 4100 nutam,
271 4040 340 4086 curn
354 4020 471 4086 Wicles
483 4039 545 4086 uon
560 4023 656 4086 fuerit
672 4026 764 4103 pater
781 4040 858 4085 suus
874 4038 933 4084 nec
947 4019 1124 4095 Bohemus3
1148 4024 1182 4083 et
1196 4018 1225 4083 si
1243 4014 1354 4085 Wteltd

154 4121 277 4202 aliquos
299 4123 467 4186 seminavit
481 4141 624 4202 errores,
646 4123 776 4187 videant
796 4121 921 4201 Anglici
943 4120 983 4185 de
998 4119 1063 4183 illo.
1085 4118 1129 4183 Et
1150 4118 1280 4199 quando
1294 4115 1353 4183 sibi

155 4221 357 4302 objiceretur,
381 4222 456 4302 quia
476 4223 598 4287 restitit
611 4223 820 4287 articulorum
844 4221 961 4284 Wiclel
977 4219 1063 4283 XLV
1086 4216 1347 4306 condemnationi,

155 4319 332 4403 respoudit,
356 4320 441 4401 quod
462 4340 502 4386 eu
513 4340 575 4402 quo
592 4323 739 4386 doctores
754 4321 906 4387 articulos
922 4320 1007 4384 XLV
1029 4319 1130 4401 ipsius
1142 4318 1192 4382 W.
1210 4317 1347 4384 condent·

155 4421 274 4481 ruerunt
296 4434 336 4479 ex
358 4422 417 4486 hac
439 4440 544 4502 causa,
568 4422 652 4501 quod
674 4422 780 4486 nullus
803 4441 841 4485 ex
865 4421 912 4484 eis
934 4427 986 4485 est
1007 4419 1194 4498 catholicus,
1216 4414 1346 4499 sedani·

155 4515 235 4581 libet
266 4520 380 4584 exeis
410 4526 465 4585 aut
496 4526 547 4586 est
575 4521 771 4601 haereticus,
801 4528 857 4585 aut
887 4536 1041 4585 erroneus
1062 4524 1118 4584 aut
1140 4518 1345 4590 nantuacus

155 4614 225 4696 ipse
240 4620 374 4696 propter
391 4620 542 4688 offensam
565 4624 780 4688 conscientiae
794 4641 855 4687 uon
879 4620 938 4688 fuit
955 4638 1051 4686 ausus
1067 4619 1195 4686 illorum
1210 4617 1345 4687 condem·
