2992 5258
395 430 539 480 coarcere
554 425 628 494 apud
644 425 744 480 stanes
762 425 974 480 Praedicatoree.
1008 428 1051 481 57.
1074 429 1113 482 58.
1303 433 1353 497 992

229 628 495 695 llsstllrrlstannus
516 632 559 696 an
569 628 731 696 vobiscum
752 637 828 709 stat,
849 631 978 704 nescio;
1003 649 1090 712 rogo,
1109 630 1256 700 salutetis
1273 651 1345 699 eum

150 739 181 797 et
201 730 240 795 D.
263 730 485 797 wenceslaum
507 738 541 796 et
562 731 641 798 alios
662 731 820 797 Bohemos
842 730 961 797 fideles,

254 831 363 897 Nolite
385 832 564 910 attaediari,
587 832 672 914 quod
694 840 950 915 expensaesunt
971 852 1080 911 caram
1100 835 1344 902 accommodetis

149 939 183 997 ut
203 931 350 1015 potestis.
374 932 407 998 Si
422 932 501 998 dens
517 935 671 998 Anserem
687 934 725 998 de
741 954 869 1001 carcere
885 935 1078 1014 liberaverit,
1094 934 1223 1016 efficiet,
1238 943 1274 1001 ut
1288 955 1344 1003 vos

149 1033 273 1099 illorum
295 1040 478 1116 sumptuum
497 1034 625 1098 minime
648 1036 819 1118 poeniteat.
842 1036 950 1102 Facite
963 1037 1040 1102 satis
1063 1038 1235 1119 promissis,
1257 1055 1344 1120 rogo,

248 1133 281 1200 Si
303 1141 354 1200 est
374 1134 413 1198 D.
436 1135 595 1200 Henricus
617 1134 658 1199 de
680 1135 831 1215 Plnmlou‚
854 1136 904 1200 vel
927 1135 1084 1201 Stiborius
1107 1136 1147 1203 de
1171 1136 1267 1204 Boczi
1292 1136 1345 1220 (i).

149 1251 237 1314 rogo,
261 1233 407 1301 mutetis
431 1253 486 1301 eos
509 1241 543 1300 et
563 1253 673 1325 omnes
696 1234 862 1300 Bohemos.

248 1333 329 1400 Cras
350 1339 423 1400 octo
446 1334 661 1401 hebdomadae
685 1343 787 1415 erunt,
815 1336 901 1417 quod
923 1336 992 1402 Hus
1019 1338 1124 1420 posita
1150 1345 1201 1404 eet
1229 1338 1269 1405 ad
1296 1358 1345 1405 re·

150 1435 330 1501 sectoriam.
758 1446 760 1451 ’
801 1448 806 1455 ’
839 1436 841 1440 ’
903 1475 905 1479 -

247 1534 372 1600 Nobilis
394 1543 428 1601 et
448 1536 589 1618 gratiose
611 1536 746 1600 Domine
769 1543 801 1601 et
823 1542 988 1618 protector
1010 1539 1156 1604 veritatis
1184 1559 1248 1606 una
1277 1558 1346 1605 cum

149 1635 186 1700 l).
209 1632 365 1715 ilenrico,
394 1641 478 1701 state
501 1641 702 1712 constanter,
729 1636 830 1701 donec
851 1634 923 1702 finis
945 1638 1067 1719 veniat,
1101 1639 1142 1707 ad
1170 1654 1262 1722 quem
1291 1639 1347 1707 do·

148 1737 252 1800 minus
273 1734 370 1801 lesus
393 1735 539 1802 Obrutus
560 1726 656 1801 faciet
677 1754 800 1802 mecum
820 1735 861 1803 ad
883 1737 1015 1818 gloriam
1039 1757 1144 1820 suam,
1168 1745 1202 1806 et
1229 1740 1269 1806 ad
1291 1741 1346 1806 de·

147 1835 278 1901 lendum
300 1842 433 1918 peccata
454 1855 531 1903 mea
564 1837 665 1915 Istum
694 1835 910 1905 fidelissimum
940 1839 1074 1903 amicum
1105 1838 1194 1906 vobis
1224 1859 1346 1907 recom-

148 1936 273 2014 mendo,
296 1943 330 2002 et
351 1939 457 2020 placet
477 1938 562 2018 mibi,
585 1937 670 2019 quod
691 1936 820 2002 fecistis.
843 1937 997 2003 Libenter
1020 1940 1177 2021 viderem,
1201 1942 1285 2024 quod
1307 1943 1345 2007 D.

148 2036 217 2100 lieu
237 2036 408 2103 mandaret
427 2037 487 2103 eibi
510 2037 579 2103 dari
601 2037 827 2119 responsiones
854 2055 942 2103 meas
968 2039 1009 2104 ad
1037 2041 1191 2106 articulos
1214 2040 1346 2107 Wicleli.

149 2136 226 2202 Osi
245 2137 327 2204 deus
348 2137 525 2220 inspiraret
543 2155 581 2202 os
603 2139 681 2219 ejus,
704 2143 741 2203 nt
760 2156 797 2202 se
813 2145 955 2219 poneret
977 2157 1048 2204 cum
1068 2140 1267 2224 principibus
1289 2159 1348 2224 pro

151 2237 327 2304 veriatel.
376 2290 379 2295 <
989 2244 992 2249 '

250 2337 354 2403 Hodie
379 2340 534 2421 complevi
563 2356 659 2404 nnum
689 2340 895 2404 uacatulum
925 2339 963 2405 de
992 2358 1126 2423 corpore
1148 2338 1283 2423 Christi,
1315 2349 1349 2408 et

154 2436 221 2505 beri
249 2454 345 2503 unum
372 2437 413 2504 de
434 2439 653 2517 matrimonio;
682 2445 794 2521 postea
815 2438 939 2506 iacietis
963 2442 1099 2523 copiare.
1132 2441 1265 2520 Quidam
1291 2442 1349 2508 mi·

155 2538 225 2603 lites
247 2539 358 2605 Poloni
369 2539 580 2605 visitaverunt
600 2559 659 2618 me,
683 2540 741 2604 sed
763 2559 825 2605 non
840 2541 982 2622 Boheml,
1005 2542 1066 2607 nisi
1085 2561 1156 2608 cnm
1170 2542 1234 2609 illis
1256 2561 1347 2609 nnus.

252 2655 327 2709 Edit.
346 2656 377 2708 ior
393 2656 448 2724 Ep.
467 2657 544 2724 pilos.
562 2652 588 2707 J.
608 2656 631 2709 l.
668 2657 739 2725 Opp.
763 2654 835 2717 Has,
854 2659 879 2711 1.
901 2656 936 2709 73
952 2667 979 2709 et
994 2655 1040 2721 93.
1058 2656 1156 2724 (Nuus
1175 2656 1244 2724 LI.)

718 3038 777 3111 58.

361 3228 523 3313 Amicis
554 3233 642 3312 suis
673 3243 773 3338 poet
803 3231 952 3341 fugam
982 3260 1137 3340 papae.

591 3446 675 3509 (1415,
694 3444 913 3512 poetboldartl
1038 3501 1041 3505 ,
1168 3501 1172 3507 ,
1223 3452 1226 3457 ’

257 3647 329 3713 Sum
351 3647 433 3714 bene
455 3648 637 3714 consolatus
650 3664 689 3711 ex
711 3647 894 3712 visitatione
909 3645 1107 3711 dominorum
1124 3646 1347 3727 Bohemorum,

178 3745 220 3807 sad
238 3746 321 3814 dolrri
335 3749 428 3830 'quod
450 3766 512 3815 non
533 3748 624 3830 potui
647 3765 703 3812 vos
726 3746 843 3814 vidore
878 3746 1033 3828 Magister
1061 3747 1271 3815 Christannns
1298 3766 1349 3812 re·

179 3848 264 3927 ausit,
285 3855 321 3916 ut
336 3856 481 3932 portaret
503 3849 737 3933 expeditionem
749 3848 788 3912 Ι).
803 3847 946 3922 Henrici,
970 3853 1003 3911 et
1024 3848 1176 3929 magister
1191 3849 1348 3914 Jesenicz.

180 3942 331 4014 bremun
360 3951 509 4017 turbatur
530 3955 662 4033 propter
685 3967 786 4030 papae
809 3964 985 4025 recessum,
1009 3956 1044 4012 ut
1073 3948 1216 4014 aestimo.
1246 3948 1348 4025 Ratio,

181 4047 236 4122 quala
254 4051 357 4130 didici,
379 4050 463 4132 qnod
485 4050 629 4115 omnibus
652 4051 685 4114 in
706 4049 798 4115 factis
821 4047 1010 4132 peragendis
1034 4050 1100 4113 sive
1123 4048 1272 4131 peractis
1294 4047 1348 4112 de·

181 4142 222 4209 bct
239 4152 385 4234 praeponi
409 4150 487 4215 deus
499 4150 654 4216 humanae
677 4149 802 4229 rationi,
816 4149 900 4231 quod
911 4148 1038 4213 minime
1051 4148 1205 4221 fecerunt,
1223 4146 1294 4213 ideo
1314 4165 1348 4212 ac.

259 4249 290 4314 si
318 4250 398 4315 dens
427 4250 516 4316 dabit
548 4251 624 4316 mihi
654 4251 772 4315 exitum
801 4250 934 4325 bonum,
963 4267 1026 4314 non
1056 4249 1225 4314 obliviscar
1254 4248 1348 4313 istius

182 4345 253 4411 amici
271 4348 380 4416 fidelis.
403 4350 435 4416 Si
457 4369 533 4415 vero
556 4349 722 4416 differetur
745 4350 858 4429 eritne,
881 4351 984 4431 ipsum
1006 4348 1096 4412 vobis
1113 4348 1346 4414 recommendo.

261 4448 407 4532 Cognovi,
430 4451 512 4531 quod
535 4450 573 4514 D.
596 4452 782 4516 Wilhelmus
805 4456 855 4515 est
876 4449 995 4515 amictu
1017 4466 1114 4514 meus.
1138 4449 1227 4527 Rogo
1240 4466 1349 4529 regra-

185 4540 282 4613 tienini
303 4551 373 4616 sibi.

262 4648 424 4716 Dominum
455 4651 675 4716 Wenceslaum
704 4651 744 4715 de
774 4651 866 4716 Duba
896 4650 1093 4715 consideravi
1121 4649 1346 4727 lacrimantem,

1152 4747 1184 4800 *p
