2992 5258
149 418 211 482 642
397 409 603 470 controversiae
622 408 656 468 de
673 409 804 481 religione
821 411 848 468 in
866 409 1013 468 Bohemiae:
1032 412 1105 468 1416.

149 620 317 686 diocesano
345 623 553 701 praesentent
579 619 760 683 carceribus
789 615 1049 699 mancipandum,
1077 622 1174 700 prout
1202 615 1282 682 boec
1312 623 1343 683 et

149 721 211 785 alia
231 720 264 784 in
286 719 371 784 dicto
394 719 562 784 monitorio
590 719 685 783 latins
708 719 921 784 continentur.
945 717 1098 800 Quodque
1119 725 1194 801 post
1216 726 1252 784 et
1271 725 1343 784 ante

150 820 368 886 executionem
383 820 458 885 dicti
481 820 643 885 monitorii
666 819 868 902 supradictus
883 818 920 883 D.
937 820 1005 884 Rex
1027 825 1060 884 et
1081 819 1196 901 regina
1212 820 1344 885 eundem

149 923 304 988 ioannem
325 940 389 986 non
411 920 554 986 vitabant
575 938 679 1003 neque
700 922 813 997 vitant,
847 920 904 985 sed
925 920 1029 1001 ipsum
1063 921 1097 985 in
1118 919 1251 987 civitate
1272 922 1344 986 Pra-

150 1022 240 1103 geusi
262 1022 416 1087 loventot
431 1023 570 1086 libenter
592 1041 663 1086 eum
675 1021 816 1102 andiunt,
839 1021 872 1085 in
885 1021 1090 1103 vilipendium
1106 1021 1343 1087 ecclesiasticae

151 1141 314 1189 censurae.

249 1225 326 1288 Post
348 1224 473 1301 dicitur,
498 1224 580 1305 quvod
600 1223 694 1305 quasi
716 1223 748 1287 in
769 1222 909 1289 favorem
931 1222 1166 1288 haereticorum
1180 1222 1344 1300 ecclesias,

150 1325 343 1389 monasteria
364 1343 536 1405 corumque
559 1325 728 1407 praelatos,
751 1330 894 1389 rectores
916 1323 1025 1389 fideles
1047 1322 1229 1405 spoliarunt
1241 1322 1346 1388 obedi·

151 1433 243 1491 cutes
265 1425 420 1490 ecelesiae
443 1425 628 1505 catholicae,
650 1427 730 1491 alios
754 1426 948 1498 occiderunt,
971 1425 1051 1489 alios
1073 1423 1278 1490 trucidarunt
1291 1423 1345 1487 im-

151 1525 342 1605 manissime,
373 1527 453 1590 aiios
474 1528 702 1592 mutilaverunt
723 1532 756 1592 et
785 1527 864 1592 alios
886 1524 1011 1608 injuriis
1033 1518 1210 1590 innumeris
1237 1523 1345 1590 affece-

151 1632 235 1691 runt
253 1626 343 1703 Quod
366 1634 474 1692 autem
495 1628 670 1710 praemissa
684 1628 754 1708 regi
776 1628 982 1710 imputentur,
1005 1626 1056 1692 vel
1077 1627 1153 1708 quin
1166 1639 1227 1708 per
1247 1626 1344 1708 ipsum

152 1725 240 1809 fiunt,
265 1727 315 1791 vel
336 1745 395 1809 per
418 1745 490 1792 eum
512 1746 576 1792 non
597 1728 802 1809 corriguntur
823 1743 861 1792 sc.

652 1917 850 1928 ——--

706 2050 792 2183 roo.

153 2332 360 2416 Mandata
390 2334 554 2442 aliquot
579 2333 720 2443 regia,
767 2331 1011 2415 civitatibus
1056 2333 1181 2443 regni
1207 2328 1339 2415 Bohe-

154 2471 265 2550 miae
305 2464 589 2549 sedandarum
630 2464 684 2548 de
712 2465 919 2577 religione
961 2467 1338 2549 controversiarum

605 2622 733 2683 causa
761 2602 904 2684 missa.
977 2637 978 2640 ¹

728 2882 765 2949 A.

594 3082 718 3148 Civitati
741 3082 903 3149 Tuetenei.

531 3284 645 3354 Pragae,
664 3300 685 3340 a.
703 3301 728 3339 a.
748 3283 801 3352 (die
820 3285 853 3338 18
869 3285 962 3354 Mart.)

654 3496 852 3505 ..fi—..—

241 3584 301 3651 (Eae
318 3586 388 3654 orio.
407 3585 545 3640 tabularii
562 3588 634 3642 cinit.
656 3586 730 3640 rust.
748 3587 896 3655 descripsit
912 3588 977 3640 olim
994 3585 1052 3640 Joc.
1070 3582 1267 3656 Dodroweky'.)

357 3887 562 3956 Wenceslaus
584 3888 636 3954 dei
657 3891 761 3970 gratia
783 3890 994 3957 Romanorum
1015 3908 1073 3954 rer
1095 3908 1223 3974 semper
1243 3892 1337 3971 Angu-

440 3997 508 4056 stus
530 3997 563 4055 et
587 3990 758 4057 Bohemiae
780 4011 846 4058 rex.

258 4137 384 4206 Fideles
399 4141 521 4208 dilectil
544 4142 706 4208 Fidelitati
728 4142 863 4210 Vestrae
879 4141 1102 4225 praesentibus
1117 4143 1240 4209 seriose
1261 4157 1341 4225 prae

159 4242 292 4325 cipimus
315 4248 347 4308 et
368 4242 565 4323 mandamns,
600 4245 725 4309 omuino
753 4245 909 4318 volentes,
936 4248 1093 4326 quatenus
1121 4261 1267 4310 rumores
1286 4243 1343 4308 sin·

159 4343 251 4425 gulos
273 4344 306 4407 in
328 4342 457 4408 civitate
480 4349 587 4409 vestra
608 4344 811 4427 intercipere,
834 4350 868 4408 et
889 4344 1062 4426 quemlibet
1082 4344 1244 4425 libertate,
1264 4341 1343 4410 robis

159 4444 277 4508 dudum
299 4444 338 4509 de
361 4445 542 4511 visitatione
558 4432 735 4509 divinorum
757 4463 794 4510 ao
816 4444 979 4510 audientia
1000 4444 1249 4527 praedicationis
1265 4439 1343 4509 verbi

159 4544 211 4608 dei
233 4561 398 4621 concessa,
428 4546 520 4625 juxta
541 4544 712 4626 cujuslibet
739 4545 832 4610 liberi
853 4543 981 4609 arbitrii
1003 4545 1216 4625 voluntatem,
1251 4543 1296 4611 uti
1315 4546 1343 4607 et

159 4645 299 4730 gaudere
322 4647 508 4727 permittere
531 4647 691 4727 debeatis,
724 4652 758 4712 ct
779 4646 905 4711 omniuo
928 4646 1109 4729 prohibere,
1131 4665 1173 4712 ne
1196 4659 1342 4728 unapars
