2992 5258
152 420 214 482 542
400 412 606 466 coutroversiae
624 409 658 465 de
675 411 806 478 religione
824 411 852 464 in
870 412 1014 466 Bobemias
1034 415 1106 467 ltlb.

153 617 336 698 petiissent,
370 614 429 679 sub
450 614 513 678 ista
533 617 610 678 tunc
632 613 690 677 fuit
712 613 893 679 conditione
916 614 1096 691 absolutus,
1130 616 1216 697 quod
1238 634 1347 699 procu·

152 724 291 782 ratonem
324 716 499 797 legitimum
521 715 696 779 constituat
717 713 757 785 ad
778 715 971 780 sententiam
992 715 1170 796 terendam,
1204 718 1281 799 quia
1301 723 1347 782 eat

152 819 183 882 in
206 817 340 882 materia
361 815 444 894 fidei,
467 833 575 898 perse
598 815 743 880 omnibus
764 815 865 879 modis
887 817 1003 894 veniat,
1026 817 1168 898 qualibet
1183 818 1346 884 occasione

153 919 263 1001 procul
275 927 376 997 mota,
399 918 573 982 solaeausa
595 915 787 981 infirmitatis
811 916 974 982 dumtaxat
997 924 1145 1000 excepta,
1168 918 1345 1000 quamcito

152 1037 210 1099 per
232 1037 322 1083 suum
352 1024 590 1099 procuratorem
617 1017 714 1081 tuerit
737 1017 931 1094 intimatunr;
955 1024 987 1082 et
1009 1036 1106 1084 causa
1126 1017 1187 1083 tuit
1208 1018 1272 1084 sibi
1293 1037 1347 1101 per

149 1119 287 1199 judicem
315 1118 468 1197 allegata;
491 1124 679 1199 postquam
706 1116 745 1181 ad
768 1117 828 1182 hoc
850 1118 952 1182 noluit
974 1119 1172 1197 consentire,
1194 1126 1346 1202 reputans

153 1238 186 1284 so
209 1220 277 1285 fore
300 1225 480 1298 gravatum,
511 1219 585 1297 quia
607 1236 741 1299 poenam
764 1225 796 1282 et
819 1218 1048 1299 poenitentiam
1070 1219 1102 1282 in
1124 1220 1262 1285 materia
1275 1218 1346 1284 fidei

152 1329 360 1403 procuratore
376 1337 434 1401 pro
457 1318 624 1399 principali
639 1317 680 1402 (l)
703 1337 768 1384 non
789 1325 898 1401 potest
911 1319 1080 1384 sustinere.
1104 1319 1165 1396 Qui
1187 1319 1346 1401 accipiens

152 1420 415 1486 deliberationem
438 1419 470 1483 in
493 1420 682 1498 crastiuum,
716 1419 848 1485 veniens
870 1437 975 1484 coram
998 1419 1036 1483 D.
1058 1420 1247 1487 Patriarcha
1269 1419 1345 1485 Con·

152 1521 434 1603 stantinopolitano
457 1527 491 1584 et
512 1520 657 1602 pluribus
680 1520 830 1591 notariis,
850 1520 971 1602 juravit
991 1519 1117 1600 ibidem,
1141 1539 1177 1586 se
1199 1519 1262 1586 sub
1283 1520 1347 1586 iau·

153 1623 236 1686 toria
257 1621 400 1686 haeresis
424 1629 458 1687 et
479 1639 583 1703 poena
608 1621 941 1687 excommunicationis
963 1622 1048 1687 latae
1068 1623 1252 1688 sententiae
1273 1622 1346 1688 acti·

152 1722 260 1787 tando.
284 1722 403 1787 Contra
426 1741 518 1803 quem
542 1741 639 1805 super
662 1725 752 1788 XXX
773 1724 899 1788 articuli
922 1729 997 1788 sunt
1019 1724 1125 1789 oblati.
1160 1723 1203 1787 Et
1225 1723 1273 1788 sic
1293 1722 1347 1788 fer.

151 1822 182 1886 II
205 1823 255 1888 vel
276 1821 323 1886 111
346 1821 504 1887 dominica
529 1823 643 1888 ludica
672 1824 683 1905 t
689 1827 812 1889 18—19
840 1823 949 1903 Mart.)
974 1824 1061 1888 exire
1084 1831 1135 1888 est
1157 1824 1346 1905 permissus:

151 1923 207 1988 sed
223 1924 362 2001 timetur,
385 1924 470 2004 qnod
485 1925 617 1989 veniens
637 1925 678 1990 ad
693 1944 758 2003 vos,
781 1925 844 1989 alia
865 1923 1030 1989 mendacia
1051 1924 1232 2004 seminabit,
1254 1930 1346 2006 prout

151 2028 202 2088 est
223 2041 291 2088 mos
313 2023 450 2088 omnimn
474 2022 728 2087 Wiclefistarum.

251 2123 400 2189 Ceterum
413 2124 537 2201 scitote,
550 2124 635 2205 quod
646 2125 814 2206 episcopus
828 2124 1060 2190 Cnmdaemone
1072 2121 1104 2206 *l
1115 2128 1192 2189 ante
1203 2123 1246 2188 M.
1260 2121 1347 2189 Chri·

152 2231 299 2289 stannum
322 2243 384 2288 uua
406 2224 565 2305 quindena
587 2231 734 2302 venerat,
770 2230 804 2290 et
824 2224 885 2290 fuit
905 2232 1084 2291 arrestatus
1104 2222 1175 2305 (ad)
1197 2222 1346 2288 adhiben-

152 2325 225 2389 dum
247 2325 461 2390 testimouium
492 2324 629 2390 veritati.
673 2324 733 2402 Qui
756 2324 884 2389 nomine
908 2324 944 2387 D.
967 2324 1063 2403 Regis
1085 2321 1296 2407 (Wenceslai)
1316 2328 1347 2388 et

152 2425 220 2506 ejus
254 2425 421 2506 legationis
455 2425 678 2504 subterfugere
712 2425 883 2490 laboravit:
911 2425 968 2491 sed
1001 2431 1113 2506 postea
1136 2444 1194 2507 pro
1229 2424 1345 2491 bonore

152 2526 236 2605 regis
259 2533 293 2591 et
315 2526 384 2606 ejus
406 2527 611 2590 excusatione
634 2544 670 2590 se
692 2526 853 2607 deponere
876 2526 1023 2591 submisit
1045 2544 1152 2590 eoram
1174 2525 1213 2589 D.
1235 2523 1346 2590 Cardi-

151 2626 214 2691 nali
237 2625 467 2704 Cameracensi,
491 2626 542 2690 cui
565 2644 661 2691 causa
682 2625 756 2690 tidei
779 2632 828 2690 est
851 2626 1033 2703 commissa,
1056 2631 1091 2690 et
1112 2643 1220 2690 coram
1241 2624 1346 2691 docto

152 2726 240 2790 ribus
263 2745 375 2790 sacrae
408 2726 587 2806 theologiae
617 2727 734 2791 ibidem
767 2727 978 2808 congregatis.
1023 2725 1114 2802 Quod
1137 2732 1170 2790 et
1191 2725 1285 2802 iecit,
1317 2731 1346 2789 et

151 2826 189 2890 b.
213 2828 331 2907 Regem
367 2826 618 2910 tillenceslaum)
651 2828 831 2893 excusando
865 2827 1115 2907 rationabiliter,
1147 2832 1261 2891 eontra
1281 2825 1347 2889 Hos

151 2927 281 2992 realiter
303 2925 470 3008 deposuit,
503 2929 588 2994 inter
621 2936 730 2994 cetera
761 2926 950 3008 asserendo,
986 2926 1143 3009 quomodo
1170 2925 1271 3008 (Hus)
1291 2942 1347 3009 per

150 3027 253 3108 ipsum
274 3045 383 3107 regem
399 3026 496 3093 tuerit
511 3028 689 3096 destinatus
712 3029 753 3094 ad
775 3031 836 3095 boc
850 3028 1026 3106 concilium,
1050 3035 1085 3093 ut
1100 3047 1135 3092 se
1157 3027 1199 3091 de
1220 3025 1347 3091 infamia

151 3136 183 3192 et
205 3145 336 3208 regnum
360 3128 530 3194 Bobemiae
554 3139 755 3211 expurgaret.
801 3131 842 3196 Et
863 3131 909 3195 sic
931 3130 990 3195 deo
1013 3129 1191 3210 inspirante
1213 3127 1344 3207 angelus

150 3227 286 3292 Satanae
308 3229 369 3292 tuit
390 3229 423 3292 in
445 3230 592 3310 augelurn
615 3230 695 3295 lucis
716 3237 936 3296 commutatus.
959 3232 1149 3310 Postquam
1173 3226 1347 3310 depositio·

151 3347 222 3392 uem
255 3329 425 3409 oportebat
457 3348 529 3394 eum
562 3331 680 3396 furtive
713 3330 881 3410 recedere,
915 3330 1025 3395 habitu
1058 3329 1243 3405 immutato,
1277 3328 1349 3409 quia

151 3426 347 3493 Wicletistae
370 3429 473 3512 ipsum
496 3431 658 3495 offendero
681 3432 873 3496 nitebantur.

249 3530 408 3611 Scriptum
429 3531 461 3594 in
484 3531 680 3609 Constantia,
705 3532 763 3597 ier.
778 3530 825 3596 Ill
840 3537 914 3614 post
924 3531 1042 3613 pascha
1053 3529 1103 3609 (ε
1119 3536 1139 3594 2
1152 3529 1228 3610 Apr.
1243 3526 1347 3607 1415).

250 3629 329 3694 Item
352 3631 477 3709 sciatiS,
511 3632 594 3712 quod
616 3631 685 3714 ipsa
707 3631 758 3696 die
793 3632 851 3697 ter.
873 3632 921 3695 Ill
943 3632 956 3712 t
959 3638 978 3695 2
1011 3630 1102 3713 Apu.)
1124 3648 1184 3711 per
1205 3627 1350 3694 dominos

150 3730 339 3809 cardinales,
373 3732 604 3797 ambasiatores
628 3734 713 3813 regis
745 3733 898 3798 Franciae
925 3739 958 3797 et
990 3729 1211 3795 universitatis
1233 3728 1350 3794 Parisi-

150 3831 236 3895 ensis
259 3831 319 3897 luit
334 3833 497 3897 humiliter
513 3833 550 3896 ll.
575 3834 654 3912 Regi
670 3832 901 3915 (Sigismundo)
922 3831 1144 3913 supplicatum,
1166 3836 1204 3894 ut
1219 3834 1350 3910 treugas

151 3931 191 3996 ad
212 3937 279 3998 tres
301 3951 428 3998 menses
451 3952 520 3998 curu
542 3932 624 3997 duce
647 3933 811 3998 Friderieo
837 3933 986 3997 Austriae
1009 3929 1128 3995 babere
1150 3930 1349 4010 dignaretur,

151 4042 187 4097 ut
218 4033 256 4096 D.
279 4031 482 4114 apostolicus
514 4032 555 4096 ad
588 4033 761 4113 proximam
783 4033 990 4097 munitionem
1022 4031 1160 4096 civitatis
1194 4029 1349 4096 Consum-

209 4233 234 4299 *)
252 4238 368 4296 Opinione
388 4244 468 4282 nostra
486 4238 580 4283 nomine
602 4235 646 4282 hoe
675 4237 815 4296 designatur
831 4237 945 4282 Nicolaua
962 4237 1087 4296 episcopus
1104 4234 1288 4287 Numerata,
1313 4233 1346 4279 iu·

248 4322 348 4380 quisitor
367 4322 499 4367 baereticae
518 4322 645 4379 pravitatis
663 4321 769 4366 civitatis
782 4327 806 4366 et
823 4318 936 4367 dioecesis
955 4319 1088 4379 Pragenais‚
1106 4319 1346 4378 cujuateatimoninm

250 4406 273 4449 ic
292 4404 365 4449 Hussi
383 4405 485 4463 gratiam
503 4405 541 4448 die
560 4405 590 4449 30
612 4406 675 4461 Aug.
697 4404 758 4448 llll
783 4404 866 4448 ‹laturn
883 4403 1009 4449 retulimus
1033 4417 1106 4462 supra
1123 4416 1180 4462 pag.
1199 4403 1258 4449 24³.
1277 4400 1346 4461 bega·-

250 4500 302 4531 mus
320 4489 381 4532 enim
400 4501 483 4532 nomeu
502 4488 561 4532 illud
582 4487 657 4546 ,Cum
675 4482 804 4532 daemone“
823 4488 847 4532 in
865 4486 1006 4535 radicetis.
1023 4485 1231 4532 idladenovieiano
1249 4481 1283 4545 (p.
1296 4478 1358 4545 ⁵9ir'

250 4571 291 4615 ubi
308 4571 399 4615 (lictum
424 4571 585 4615 testimonium
603 4570 740 4620 exhibetur.
766 4571 907 4629 inscriptum
930 4569 954 4614 in
972 4567 1068 4615 modum
1086 4574 1157 4615 nouo
1180 4566 1345 4615 interlinearis·

249 4653 332 4699 Fuerit
348 4655 368 4700 is
387 4653 485 4700 forsitan
504 4654 589 4709 italus,
607 4654 787 4717 „ermenone
808 4653 882 4713 vulgo
900 4654 1043 4714 appellatus.
