2992 5258
159 399 200 462 88
299 426 307 442 ·
487 391 624 463 Epistulae
645 389 761 456 scriptae
780 387 957 469 Constantiae¹
972 393 1036 446 1415
1093 432 1096 437 .

158 597 327 679 legendum
346 616 456 663 meam
484 597 620 678 copiam,
653 614 690 660 an
721 596 763 660 sit
784 595 881 659 mea?
909 594 1087 678 Respondi,
1122 589 1207 675 quod
1228 586 1283 650 sic.
1315 581 1358 647 Et

157 699 300 778 aestimo,
323 697 406 780 quod
425 716 488 762 nou
509 697 692 780 suipraeter
714 697 936 763 salutationem
958 697 999 761 M.
1016 685 1136 761 Pulcer
1151 699 1273 761 tantum
1288 690 1356 750 tur·

157 802 250 867 batus
272 800 304 865 in
327 799 439 879 animo,
470 818 562 880 quom
585 817 643 880 per
663 797 733 864 illas
763 798 886 878 literas,
915 796 1026 863 dolens
1055 796 1096 861 de
1124 793 1267 876 nequitia
1295 793 1355 858 Mi·

158 902 275 968 chaelis
295 907 328 967 et
350 919 478 966 suorum
500 901 743 983 speculatorum,
767 898 861 964 etde
883 898 924 963 M.
947 897 1120 977 Jacobello,
1140 896 1193 978 qui
1219 896 1355 961 maxime

157 1002 329 1085 praedicat,
353 1005 389 1066 ut
410 1006 542 1067 caveant
564 1001 624 1066 sibi
646 1001 790 1066 homiues
812 999 852 1064 ab
863 998 1049 1082 hypocritis,
1072 1003 1105 1062 et
1116 998 1202 1062 solus
1218 998 1354 1062 maxime

157 1103 316 1185 decipitur
344 1122 402 1186 per
431 1101 613 1185 hypocritas
640 1109 673 1168 et
702 1100 804 1166 credit
833 1100 1023 1182 hypocritis3
1045 1103 1079 1163 et
1092 1096 1243 1178 aestimo,
1266 1100 1352 1179 quod

156 1203 267 1269 duram
287 1203 418 1286 scripsit
444 1203 587 1281 literam,
620 1221 713 1284 quam
735 1220 798 1266 non
821 1200 951 1283 perlegi.
982 1199 1100 1264 Ambae
1130 1198 1214 1264 anim
1242 1200 1352 1282 copiae

157 1308 248 1368 eraut
270 1303 302 1367 iu
325 1322 387 1368 uua
408 1304 511 1382 litera,
535 1310 567 1369 et
588 1302 794 1369 aestimabam
816 1320 856 1367 ex
878 1301 1024 1383 abrupto,
1048 1299 1132 1381 quod
1154 1317 1217 1364 non
1235 1300 1351 1366 fuisset

156 1403 323 1485 responsio
346 1403 386 1468 ad
407 1422 525 1484 meam,
540 1402 597 1468 sed
613 1402 697 1485 quod
718 1403 832 1468 suisset
853 1402 944 1484 copia
966 1402 1059 1466 unius
1081 1400 1195 1465 literae
1224 1399 1353 1482 plebani

156 1502 196 1567 de
217 1502 377 1569 Janovicz.

254 1618 330 1674 Edit.
350 1620 380 1673 ia
396 1619 547 1691 Eppiioe.
567 1618 606 1673 H.
624 1613 661 1669 1⁶.
699 1618 770 1687 Opp.
790 1616 863 1679 Has,
881 1618 907 1681 1,
924 1610 956 1670 71
974 1626 998 1670 et
1015 1613 1062 1671 90.
1091 1615 1192 1684 (Nam.
1211 1615 1350 1681 XLIII.)

657 1773 852 1781 ——-

722 1949 785 2025 49.

529 2139 560 2225 J
562 2142 690 2224 oanni
722 2140 776 2222 de
807 2135 975 2223 Ohlum.

157 2323 370 2383 Commemorat,
400 2324 430 2375 io
453 2323 553 2389 paidos
576 2322 658 2374 rebus
676 2322 730 2389 frat
754 2322 808 2372 citi
829 2322 937 2391 injuria
969 2339 989 2371 α
1012 2323 1128 2374 concilio
1151 2331 1175 2373 et
1200 2323 1352 2388 deputatio,

155 2407 275 2474 dicitque
283 2422 313 2459 ae
323 2423 432 2475 cupere,
456 2424 548 2476 repent
557 2408 681 2473 aliosque
690 2413 770 2458 testes
779 2405 874 2458 adesse
884 2406 1044 2459 audientiae
1052 2407 1182 2474 publicae
1188 2428 1196 2466 ‚·
1211 2414 1352 2474 postremo

155 2500 246 2559 repat,
264 2508 298 2544 rte
315 2506 368 2544 rem
383 2492 539 2559 perrnittat,
559 2499 662 2559 etpost
680 2491 854 2543 aetdimtiam
866 2491 966 2543 iterum
984 2491 1013 2542 in
1027 2507 1163 2543 carcerem
1177 2492 1351 2560 conjiciatur.

709 2623 747 2692 (S.
766 2622 801 2690 d.)

252 2794 285 2860 Si
307 2813 371 2859 non
395 2796 444 2858 est
467 2792 589 2859 directa
610 2794 705 2859 litera
726 2813 796 2859 mea
818 2794 858 2860 ad
879 2794 1078 2873 Bohemiam,
1110 2795 1244 2860 servetis
1268 2814 1349 2873 earu,

154 2901 186 2960 et
208 2912 272 2960 uon
293 2894 446 2977 dirigatis,
470 2897 545 2976 quia
566 2903 676 2977 posset
698 2898 730 2959 in
752 2895 866 2960 nralum
888 2896 998 2960 venire
1019 2913 1055 2961 tc.

252 2995 342 3076 Item,
375 2996 403 3060 si
432 3015 489 3062 rex
512 3003 695 3077 qtraereret,
725 2996 795 3077 quis
818 2996 934 3061 debeat
957 3015 1028 3061 esse
1058 3013 1145 3062 meus
1180 2995 1287 3078 judex,
1310 3017 1351 3062 ex

154 3116 216 3180 quo
238 3097 405 3165 concilium
427 3115 485 3165 nec
513 3117 563 3163 me
586 3098 718 3176 vocavit,
750 3115 809 3163 nec
829 3117 880 3164 me
902 3100 1027 3180 citavit,
1059 3117 1276 3180 necunquam
1299 3117 1351 3165 ae-

152 3205 282 3267 cusatus
304 3217 373 3263 sum
395 3215 500 3265 coram
523 3199 666 3279 concilio,
690 3206 722 3263 et
745 3200 910 3265 concilium
934 3219 984 3265 me
1006 3200 1216 3267 incarceravit
1228 3206 1261 3267 et
1272 3219 1345 3284 pro·

153 3306 333 3368 curatorem
356 3318 446 3366 suum
469 3306 580 3366 contra
601 3318 652 3383 me
674 3301 851 3375 coustituit.
1382 3289 1385 3295 ’

250 3400 331 3467 Item
357 3419 450 3482 rogo,
474 3400 588 3466 nobilis
610 3407 644 3466 et
665 3401 805 3482 gratiose
826 3401 977 3480 ioannes,
1001 3404 1028 3467 si
1050 3401 1178 3467 dabitur
1195 3404 1271 3468 mihi
1290 3423 1347 3470 au·

151 3503 287 3581 aientia,
311 3507 346 3567 ut
369 3520 423 3567 rex
446 3501 546 3581 adsit,
576 3507 609 3566 et
631 3502 715 3583 quod
736 3520 837 3584 prope
861 3521 933 3568 eum
956 3503 1032 3567 mihi
1053 3502 1142 3568 locus
1165 3503 1348 3585 deputetur,

152 3610 188 3669 ut
209 3603 311 3686 possit
344 3620 393 3668 me
422 3601 503 3667 beroe
532 3600 643 3667 audire
667 3607 699 3667 et
727 3603 916 3683 intelligere.
939 3603 981 3668 Et
1009 3622 1064 3669 vos
1093 3605 1187 3670 etiam
1216 3624 1286 3670 cum
1310 3604 1348 3670 Ι).

151 3702 301 3782 Hemico,
325 3721 394 3767 cum
419 3702 456 3767 D.
479 3702 666 3769 Weuceslao
690 3710 722 3767 et
744 3703 814 3768 aliis
837 3704 962 3785 utique,
986 3705 1013 3768 si
1036 3704 1201 3786 poteritis,
1224 3706 1347 3786 adsitis,

150 3808 183 3868 et
205 3802 350 3883 audiatis,
374 3801 605 3884 quiddominus
626 3803 900 3882 desus‘Christus,
923 3823 1012 3869 meus
1035 3813 1224 3888 procurator
1247 3807 1347 3873 etad·

149 3909 280 3971 vocatus
302 3909 335 3969 et
357 3903 450 3984 judex
472 3905 730 3986 gratiosissimus,
754 3904 841 3970 dabit
863 3905 896 3968 in
919 3923 954 3970 os
977 3925 1093 3987 meum,
1119 3920 1162 3987 ut,
1194 3908 1261 3973 sive
1283 3926 1350 3973 mo·

151 4005 224 4084 rior,
246 4004 312 4070 sive
336 4004 445 4084 vivam,
468 4006 598 4087 possitis
624 4025 695 4071 esse
718 4005 785 4070 veri
808 4012 841 4071 et
863 4005 969 4072 idonei
992 4013 1102 4087 testes
1125 4024 1166 4072 ue
1179 4007 1348 4075 mendaces

149 4105 264 4184 dicant,
287 4104 372 4186 quod
393 4108 582 4171 recesserim
604 4127 623 4173 a
646 4107 788 4186 veritate,
812 4125 904 4187 quam
927 4106 1117 4188 praedicavi.

247 4204 328 4270 ltem
351 4206 474 4286 sciatis,
497 4206 581 4287 quod
603 4225 710 4273 coram
733 4207 869 4272 testibus
892 4213 925 4271 et
946 4208 1080 4273 notariis
1097 4208 1270 4274 incarcere
1292 4229 1347 4292 pe·

149 4305 205 4369 tivi
221 4304 462 4387 commissarios,
479 4312 514 4371 ut
533 4307 609 4370 mihi
624 4307 816 4389 deputarent
831 4313 1070 4389 procuratorem
1093 4313 1125 4372 et
1145 4306 1347 4375 advocatum:

149 4405 202 4486 qui
225 4405 448 4487 promiserunt,
473 4413 505 4472 et
527 4412 639 4488 postea
661 4407 737 4473 dare
761 4408 940 4473 noluerunt.
964 4407 1031 4490 Ego
1059 4408 1200 4474 commisi
1223 4428 1273 4474 me
1292 4409 1347 4476 do·

149 4505 234 4571 mino
254 4505 332 4571 Jcsu
357 4506 502 4583 Christo,
530 4512 566 4572 ut
587 4507 656 4589 ipse
679 4513 830 4589 procuret
859 4514 893 4574 et
914 4507 1050 4574 advocet
1072 4514 1104 4575 et
1122 4508 1245 4590 judicet
1274 4529 1347 4575 carr·

149 4624 215 4671 sam
237 4624 347 4671 meam.
