2992 5258
154 413 192 475 14
613 410 752 479 Epistulae
770 413 887 480 scriptae

153 609 342 674 Richardmn
372 630 442 677 cum
470 612 637 692 fratribus,
670 614 723 694 qui
758 614 873 680 multas
902 616 967 696 jam
996 616 1220 682 tribulationes
1249 619 1345 685 susti·

152 714 228 777 nuit.
272 712 404 794 Suscipe
427 719 460 776 et
480 732 530 778 me
552 713 715 794 miserum,
747 722 782 781 ut
811 734 881 780 cum
910 715 1062 782 fratribus
1083 717 1162 782 meis
1185 717 1260 799 sim,
1290 718 1344 801 qui

152 823 236 879 tuam
258 814 360 896 legem
382 815 414 878 in
436 813 540 879 medio
562 815 777 896 generationis
799 836 917 899 pravae
940 826 974 883 et
995 818 1160 884 adulterae
1182 816 1343 900 intrepide

151 913 354 994 confitentum
387 913 540 980 danobis
569 915 718 982 auxilium
747 916 786 982 de
809 918 1031 999 tribulatione,
1061 920 1135 1002 quia
1156 936 1237 983 vana
1258 918 1343 984 salus

151 1015 327 1094 hominum3
358 1015 392 1079 in
413 1021 446 1079 te
469 1014 511 1078 sit
533 1032 606 1096 spes
626 1024 759 1097 nostra,
789 1017 829 1083 ad
851 1024 884 1082 te
905 1035 964 1083 nos
991 1019 1098 1084 trahat
1123 1018 1239 1100 triplex
1262 1017 1344 1083 iuni-

151 1115 253 1195 culns,
284 1134 375 1196 quem
396 1115 508 1196 nequit
528 1113 725 1198 dirumpere,
756 1117 830 1198 quia
858 1117 961 1200 ipsum
990 1117 1169 1184 construxit
1198 1117 1343 1184 dominus

150 1217 245 1281 iesus
267 1212 423 1281 Christus.
456 1215 539 1297 lpse,
568 1215 773 1282 dilectissime
801 1217 908 1296 frater,
941 1224 1086 1300 praestet
1107 1217 1166 1283 tibi
1188 1236 1258 1283 cum
1280 1219 1344 1284 tuis

150 1316 347 1397 adjutoribus
370 1316 465 1381 uitam
486 1316 518 1380 in
541 1316 643 1395 gloria
671 1317 873 1397 incolumem,
903 1325 939 1383 ut
966 1318 1071 1400 possis
1094 1317 1197 1400 longis
1220 1324 1343 1402 tempo·

151 1417 238 1482 ribus
259 1418 375 1496 vivere,
399 1422 432 1481 et
453 1433 529 1480 oves
551 1423 697 1482 errantes
718 1416 759 1482 ad
780 1417 862 1483 vium
884 1417 991 1483 redire
1014 1417 1097 1498 (sie)
1119 1418 1274 1485 veritatis.

250 1515 350 1583 Valde
366 1516 493 1596 gavisus
508 1533 577 1580 suin
592 1523 625 1581 et
641 1534 758 1598 omnes,
782 1518 835 1598 qui
854 1517 1013 1598 diligimus
1029 1519 1236 1600 evangelium,
1259 1517 1344 1600 quod

149 1618 217 1684 Tua
231 1618 354 1684 Caritas
377 1634 412 1681 se
428 1617 565 1698 benigne
586 1617 679 1683 nobis
701 1617 852 1697 exhibuit,
875 1636 933 1684 nos
948 1618 1120 1683 salubriter
1135 1616 1342 1685 informando.

150 1718 303 1784 Dominus
321 1737 378 1784 rex
400 1724 519 1797 noster,
543 1723 610 1783 tota
632 1718 720 1783 curia
741 1736 806 1797 sua,
830 1719 948 1800 regina,
970 1718 1107 1784 barones
1123 1725 1156 1783 ct
1172 1718 1343 1783 communis

150 1819 285 1901 populus
307 1825 383 1884 sunt
404 1835 462 1900 pro
484 1817 582 1882 verbo
604 1818 683 1884 Jesu
705 1815 832 1883 Christi.
860 1817 984 1884 Salutat
1006 1818 1141 1884 ecclesia
1163 1817 1280 1883 Christi
1302 1817 1343 1883 de

149 1918 301 1984 Bohemia
322 1919 488 1984 ecclesiam
510 1917 629 1983 Christi
647 1918 684 1982 in
700 1917 821 2000 Anglia,
851 1924 965 2000 optans
988 1936 1060 1984 esse
1086 1918 1247 2002 particeps
1269 1937 1344 1986 con·

149 2017 297 2085 fessionis
319 2025 447 2084 sanctae
468 2017 542 2083 fidei
564 2018 598 2082 in
619 2018 722 2099 gratia
750 2017 868 2083 domini
889 2019 969 2084 iesu
991 2017 1119 2085 Christi.
1163 2019 1250 2084 Deus
1273 2019 1342 2100 glo·

150 2120 253 2185 riosus
275 2120 318 2185 sit
346 2137 469 2185 merces
496 2124 621 2198 restra,
651 2118 735 2200 quod
764 2119 861 2184 tantis
888 2119 1049 2185 laboribus
1077 2119 1222 2201 exempla
1249 2119 1342 2184 nobis

150 2219 316 2302 egentibus
323 2219 520 2286 ministrasti.
532 2221 598 2285 Pax
607 2219 706 2299 robis,
719 2238 799 2302 quae
808 2228 941 2303 superat
948 2238 1072 2286 omnem
1079 2237 1216 2284 sensum.
1232 2220 1342 2283 Amen.

249 2352 277 2405 Ε
292 2350 434 2408 111111.
453 2352 517 2407 bibl.
535 2352 678 2441 uniuersit.
699 2347 786 2420 Prae.
805 2352 863 2415 XI,
882 2353 915 2406 E.
934 2349 962 2413 3,
976 2352 1028 2421 foi.
1048 2348 1107 2406 113.

248 2453 303 2506 Eri.
322 2452 424 2523 Hester
442 2454 483 2515 ΙΙ,
501 2452 618 2506 219-4.

730 2798 764 2875 7.

526 2991 737 3077 Monacho
770 2993 950 3077 cuidam.

151 3211 282 3264 Recenset
299 3211 481 3264 auctoritates
499 3208 547 3263 SS.
567 3209 697 3270 Petrum,
721 3209 820 3276 quibus
837 3208 1013 3262 interdicitur
1031 3208 1138 3260 clericis
1154 3208 1340 3274 reprimitur,

542 3309 577 3346 ere
594 3293 665 3360 quid
679 3294 793 3362 proprii
809 3293 938 3346 babeant.

581 3463 665 3525 (1411,
685 3463 717 3513 18
734 3477 770 3513 m.
787 3458 910 3526 dannan)

468 3644 608 3713 „Epistola
626 3643 659 3697 do
678 3642 780 3711 regulis
797 3642 912 3697 fratrum
930 3641 1019 3696 omnia
1035 3642 1305 3697 abrenuntiantirrm.“

248 3815 338 3882 Salus
361 3820 396 3880 et
416 3814 520 3895 gratia
545 3833 563 3878 a
584 3813 710 3880 domino
731 3812 810 3878 Jesu
833 3811 969 3878 Christo.
1007 3811 1219 3877 Dilectissimo
1241 3810 1341 3877 irater

150 3919 180 3980 in
211 3915 338 3981 Christo
359 3915 451 3980 Jesul
486 3913 736 3979 Fundamentum
766 3912 953 3978 clericorum
982 3911 1086 3993 quoad
1113 3928 1219 3976 rerum
1250 3912 1338 3978 nabi-

149 4018 277 4094 tionem,
299 4021 333 4081 et
347 4014 530 4096 specialiter
545 4013 768 4096 professorum,
792 4020 843 4077 est
864 4012 981 4077 habere
1003 4010 1108 4076 omnia
1125 4012 1158 4076 in
1174 4013 1339 4093 communi,

146 4117 237 4195 juxta
257 4117 335 4182 illud
359 4117 425 4181 Act
448 4115 493 4180 11:
516 4122 609 4180 erant
631 4115 677 4180 eis
701 4114 805 4178 omnia
826 4112 1012 4178 communia
1035 4111 1083 4175 Ex
1105 4129 1167 4192 quo
1189 4112 1288 4178 traxit
1308 4114 1338 4178 b.

147 4217 343 4299 Augustinus
359 4223 392 4283 et
406 4217 513 4300 posuit
533 4216 566 4281 in
589 4233 647 4280 sua
669 4211 886 4294 regulaistud
907 4212 1038 4279 dictum:
1060 4212 1139 4278 haec
1161 4219 1236 4279 sunt
1258 4216 1338 4294 quiae

87 4395 96 4411 Ι
149 4317 274 4398 ut(cr‘e)
284 4317 494 4399 praecipimus
510 4323 545 4380 ut
557 4314 735 4380 observetis
747 4314 779 4378 in
794 4311 987 4379 monasterio
1000 4312 1182 4393 constituti;
1197 4321 1230 4379 et
1242 4313 1337 4378 inira:

150 4423 181 4481 ct
196 4436 260 4482 non
284 4417 397 4483 dicatis
422 4434 478 4482 vos
502 4414 622 4496 aliquid
647 4415 809 4496 proprium
832 4413 958 4478 habere.
1002 4414 1082 4479 ltem
1105 4414 1280 4496 Grgoerius
1307 4414 1339 4478 in

149 4518 245 4583 tertio
261 4516 455 4596 dialogorum
472 4517 557 4581 circa
570 4513 663 4579 finem
678 4513 753 4578 lacit
775 4532 874 4596 propo
891 4520 957 4577 tres
972 4530 1088 4577 aurcos
1099 4513 1228 4579 fratrem
1240 4514 1340 4578 iusti·

150 4636 223 4683 num
237 4618 423 4683 monachum
438 4616 471 4680 in
484 4614 715 4696 sterquilinium
731 4615 896 4696 projicere,
912 4621 946 4679 ct
956 4612 1117 4678 mandavit
1128 4614 1288 4695 iratribus,
1304 4623 1340 4680 ut
