2992 5258
393 444 536 486 earcere
552 427 626 499 epod
643 427 743 483 iratres
761 428 890 484 Minores.
926 429 969 485 lt.
987 428 1088 485 7177.
1288 433 1348 498 123

248 635 334 705 trem
348 633 389 700 ad
404 632 578 699 secundum
593 631 634 698 de
649 633 800 716 perjurio.
825 631 908 697 Illud
923 631 1100 716 perjurium
1114 633 1142 698 si
1165 636 1261 711 esset,
1283 647 1349 698 non

153 734 390 804 redundaretin
411 752 483 808 ros,
506 733 618 799 sedin
639 733 721 813 illos,
744 735 799 815 qui
821 733 960 813 exigunt.
987 733 1068 799 Item
1089 751 1154 799 non
1175 738 1251 798 sunt
1273 732 1348 798 hae·

153 854 240 902 reses
261 837 366 920 quoad
387 853 460 916 ros,
488 841 634 901 cessante
655 834 842 916 pertinacia
865 833 1072 915 Augustinus,
1095 834 1261 915 Origenes,
1282 854 1348 901 ma·

152 938 503 1020 gistcrsententiarum
528 952 566 1002 rc.
596 939 800 1014 erraverunt,
829 934 987 1000 laetanter
1008 934 1131 1001 reversi
1152 942 1236 1001 sunt.
1279 935 1348 1018 Ego

152 1039 272 1122 pluries
286 1038 406 1105 credidi
428 1038 534 1120 eliqua
554 1054 605 1102 me
619 1037 701 1102 bene
716 1035 905 1118 intelligere,
933 1036 965 1100 in
988 1036 1103 1118 quibus
1125 1034 1243 1115 deieci;
1276 1056 1344 1103 cor-

152 1147 259 1207 rectus
281 1140 465 1206 exultanter
491 1137 686 1204 revertebar.

224 1307 228 1315 ,
247 1240 330 1307 Item
351 1237 457 1305 scribo
470 1238 620 1318 breviter,
643 1237 718 1318 quia
731 1235 838 1303 scribo
852 1236 893 1304 od
906 1237 1148 1319 intelligentem.
1174 1238 1245 1305 Non
1259 1258 1348 1308 rece·

152 1342 234 1409 detis
250 1339 427 1422 averitate,
440 1338 497 1406 sed
511 1338 673 1406 accedetis
687 1338 728 1403 ad
742 1339 921 1419 veritatem,
937 1357 998 1405 nec
1020 1339 1184 1423 pejoratis,
1207 1340 1266 1406 sed
1282 1360 1349 1409 mc-
1408 1418 1411 1428 ,

151 1443 289 1523 lioretis3
310 1458 376 1509 non
394 1438 664 1520 scandalizabitis,
686 1438 744 1505 sed
758 1437 976 1506 aedificabitis.
998 1439 1172 1507 Eleazarus
1191 1440 1350 1523 gloriosus

151 1543 293 1611 Judaeus
315 1543 384 1623 fuit,
406 1542 530 1610 Judaea
551 1560 621 1606 cum
644 1547 768 1624 septem
788 1539 863 1606 filiis
885 1546 919 1607 et
940 1546 1013 1608 octo
1035 1542 1229 1625 martyribus
1252 1544 1348 1627 glori·

152 1646 250 1726 osior,
271 1643 474 1710 nihilominus
497 1644 613 1709 Paulus
629 1642 805 1708 submissus
821 1648 872 1708 e'st
886 1643 919 1707 iu
935 1649 1045 1726 sporta
1060 1642 1100 1709 ad
1115 1645 1350 1727 procurandum

153 1745 294 1812 meliora
316 1744 421 1812 Jnder
436 1744 661 1827 appellationis
675 1747 803 1809 restrae
818 1742 964 1809 dominus
976 1744 997 1810 J
998 1761 1072 1812 esus
1087 1743 1143 1811 dat
1163 1746 1253 1812 vobis
1275 1765 1351 1830 epo·

154 1846 252 1913 stolos
280 1852 313 1912 et
339 1851 415 1912 sunt
441 1846 487 1911 hi:
520 1844 633 1911 Adhuc
654 1845 774 1927 majora
796 1842 957 1912 dabuntur
977 1845 1036 1912 tibi
1066 1862 1125 1928 pro
1145 1845 1209 1915 fide
1231 1847 1350 1915 Christi

154 1949 335 2015 certamine
807 1969 812 1981 ·

250 2064 280 2119 E
294 2062 357 2118 MS.
374 2063 500 2118 Menam.
522 2081 553 2133 p·
570 2060 616 2117 99.
652 2062 737 2118 MSS.
763 2062 860 2118 7111111.
879 2063 965 2126 4524,
983 2063 1009 2136 s
1027 2062 1072 2119 89.
1091 2093 1120 2103 -
1140 2063 1349 2138 4557‚s.162.

156 2147 237 2214 4902,
249 2150 277 2223 s.
292 2147 339 2204 92.
358 2178 390 2190 -
408 2148 471 2204 MS.
489 2151 574 2219 capit.
592 2148 682 2218 Prae.
700 2147 721 2211 f.
739 2147 785 2202 80.
809 2147 956 2203 Universit.
975 2148 1065 2218 Prap.
1078 2148 1103 2219 s.
1122 2147 1191 2204 205.

250 2252 306 2306 Ed.
323 2253 354 2305 in
371 2251 426 2321 Ep.
443 2252 523 2321 piiss.
543 2249 578 2305 G.
597 2249 623 2305 8.
660 2249 733 2319 Opp.
752 2247 828 2311 Has,
845 2250 871 2313 I,
890 2248 970 2305 701
987 2247 1033 2304 89.

721 2580 778 2657 77.

400 2774 456 2859 Μ.
490 2775 684 2860 <Ioannes
715 2772 810 2859 Hus
848 2773 1080 2881 ,Patrio

159 2990 256 3046 Cosam
273 3000 360 3045 antea
375 2993 508 3061 prolatas
525 3001 651 3061 repetens
668 2993 699 3046 in
720 2997 858 3048 concertio
881 3010 935 3046 sua
950 3000 1110 3062 perseverat
1130 3007 1217 3061 nequo
1233 3001 1347 3046 recanat

637 3087 752 3132 mortem
768 3079 868 3133 subire.

705 3245 744 3314 (S·
763 3245 800 3313 d.)

350 3412 470 3480 ,liuslis
491 3414 631 3483 responsio
654 3413 692 3469 ed
714 3414 943 3482 exhortationem,
970 3414 1042 3483 quod
1070 3414 1128 3469 vult
1150 3414 1298 3483 persistere
1321 3414 1349 3468 in

416 3503 509 3552 sancto
527 3498 673 3567 proposito,
693 3512 742 3567 per
760 3504 873 3553 mortem
891 3497 1075 3555 confirmando
1095 3496 1266 3554 veritatem.“

247 3668 336 3733 Haec
358 3666 463 3732 omnia
478 3667 652 3748 postulavit
672 3688 692 3733 a
712 3686 763 3734 me
780 3668 908 3750 saepius
931 3668 1111 3734 concilium:
1138 3667 1195 3734 sed
1210 3668 1284 3750 quia
1297 3666 1352 3735 ille
1379 3660 1382 3669 ’

153 3768 324 3850 implicant,
357 3765 442 3849 quod
464 3785 620 3846 revocem,
642 3768 784 3849 abjurem
808 3776 841 3834 et
863 3769 1092 3850 poenitentiam
1115 3769 1294 3851 suscipiam,
1318 3769 1350 3834 in

151 3869 260 3950 quibus
283 3872 450 3950 oporteret
463 3886 514 3933 me
534 3887 555 3934 1
575 3869 682 3934 multis
697 3870 887 3936 veritatibus
902 3869 1069 3948 recedere;
1092 3869 1233 3936 secundo
1255 3887 1349 3951 opor·

151 3975 231 4037 teret
251 3987 303 4035 me
325 3969 473 4052 abjurare
495 3976 529 4035 et
550 3970 597 4035 sic
618 3969 797 4036 confitendo
821 3970 861 4035 de
876 3988 927 4036 mc
950 3988 1077 4036 errores
1099 3970 1175 4035 milri
1190 3969 1269 4035 lalse
1293 3969 1350 4034 im·

150 4071 268 4152 positos
289 4071 454 4154 perjurum
469 4087 554 4150 esse;
581 4070 750 4144 11111111
775 4071 829 4137 illo
853 4070 1101 4138 scandalizarem
1123 4069 1274 4153 populum
1298 4069 1350 4135 dei

150 4172 294 4253 multum,
321 4172 371 4237 cui
394 4170 584 4254 praedicavi,
613 4177 746 4254 propter
761 4171 846 4254 quod
867 4171 1050 4256 expediret,
1074 4176 1109 4235 ut
1131 4169 1350 4251 imponeretur

149 4271 220 4337 milui
241 4272 327 4338 mole
347 4272 495 4352 asinaria,
517 4278 552 4338 et
572 4289 736 4356 mergerer
756 4273 789 4339 in
811 4272 1003 4357 profundum
1023 4273 1139 4352 maris;
1169 4279 1203 4337 et
1224 4280 1347 4353 quarto,

149 4373 173 4437 si
193 4372 255 4439 hoc
276 4372 423 4452 lacerem,
451 4373 562 4438 voleus
584 4372 801 4439 contusionem
822 4374 951 4440 brevem
975 4381 1009 4439 et
1030 4391 1164 4454 poenam
1196 4374 1347 4456 effugere,

149 4472 320 4540 inciderem
347 4471 381 4537 in
404 4473 620 4539 confusionem
643 4480 676 4539 et
697 4491 832 4556 poenam
854 4473 1036 4554 maximam,
1063 4474 1090 4539 si
1112 4479 1189 4541 aute
1210 4483 1348 4542 mortem

149 4572 330 4653 marusime
345 4592 408 4641 non
424 4574 629 4657 poeniterem.
655 4574 747 4643 Unde
770 4592 827 4658 pro
845 4574 1077 4641 confortatione
1092 4592 1163 4640 mee
1176 4584 1350 4643 occurrunt

149 4670 220 4742 nihi
248 4671 372 4765 septem
398 4681 557 4761 martyres
587 4675 788 4758 Mochebaei,
816 4675 869 4760 qui
898 4675 1004 4763 potius
1032 4694 1092 4761 per
1113 4682 1222 4760 partes
1252 4677 1349 4750 incidi
