2992 5258
136 208 197 270 312
348 202 422 256 Petri
439 199 473 255 de
491 200 670 256 Mladenowic
686 201 785 256 relatio
802 200 836 255 de
854 200 893 255 Μ.
910 200 936 255 1.
954 201 1014 256 1111
1031 216 1125 256 causa:

136 404 215 471 tibi?
241 405 283 470 Et
308 403 376 469 ille:
399 404 560 482 Quomodo
582 403 694 469 debuit
714 404 791 468 mihi
813 404 956 485 placere,
985 423 1065 483 cum,
1088 409 1125 471 ιι1
1145 404 1238 487 prius
1259 404 1338 485 dixi,

136 523 304 586 numquam
330 504 416 570 illam
437 505 525 569 vidi?
557 505 599 570 Et
623 505 671 570 'illi
694 504 733 569 ad
760 523 849 569 enm:
877 504 941 571 Sed
968 511 1075 571 utrum
1096 505 1201 571 adhuc
1229 507 1336 591 placet

136 605 218 670 tibi?
248 606 437 687 Respondit:
466 605 537 669 Non
559 606 672 687 placet.
706 605 749 670 Et
775 624 815 669 ex
843 611 934 671 tauta
964 606 1132 671 vexatione
1154 606 1222 688 jam
1242 604 1335 672 valde

136 705 274 789 pallidus
304 712 389 784 erat,
423 705 497 787 quia
526 712 561 770 ut
586 706 752 785 dixerunt,
780 705 895 786 quibus
924 708 1108 786 constabat,
1141 705 1228 788 quod
1249 707 1335 772 illam

135 811 263 872 noctem
291 814 390 873 totam
417 806 508 871 duxit
540 806 731 885 insomnem,
763 806 838 887 quia
864 806 973 872 dolore
1001 806 1144 872 dentium
1165 813 1199 873 et
1220 807 1334 890 capitis

136 907 321 987 vexabatur,
344 914 377 972 et
398 907 497 972 febris
519 925 591 972 eum
612 924 764 988 quassare
787 913 947 989 coeperat.

236 1009 314 1073 Post
335 1008 394 1073 hoc
417 1007 565 1088 legerunt
586 1026 683 1071 unum
704 1007 872 1072 articulum
894 1007 933 1072 de
956 1005 1059 1071 tribus
1080 1006 1257 1085 decollatis
1272 1007 1334 1088 qui,

135 1114 175 1174 ut
206 1114 396 1191 posuerunt,
426 1115 560 1189 propter
590 1109 689 1190 ipsius
726 1107 942 1173 scandalosam
968 1106 1252 1188 praedicationem,
1274 1127 1336 1189 qua

136 1208 226 1290 ipsos
252 1208 293 1272 ad
320 1208 567 1273 inobedientiam
597 1209 683 1273 sedis
711 1209 904 1290 apostolicae
931 1217 964 1272 et
989 1208 1154 1274 literarum
1175 1208 1334 1291 papalium

137 1307 327 1387 inducebat,
362 1309 465 1374 litoris
494 1308 678 1390 apostolicis
714 1308 924 1373 reclamantes
953 1307 1101 1372 decollati
1135 1314 1227 1387 sunt,
1255 1326 1333 1389 quos

27 1428 30 1435 ’
138 1408 208 1490 ipse
230 1413 344 1490 postea
364 1407 431 1472 suis
454 1409 579 1473 clericis
602 1416 635 1474 et
656 1408 822 1490 discipulis
844 1407 883 1472 ad
905 1408 1060 1489 capellam
1080 1406 1249 1473 Bethleem
1265 1426 1333 1472 curn
1403 1473 1404 1478 ,

138 1515 248 1574 cantu:
273 1508 348 1588 ,Isti
371 1516 446 1573 sunt
467 1509 587 1573 sancti“
611 1509 771 1574 mandarit
793 1507 965 1588 deportari,
989 1507 1076 1573 etin
1099 1507 1250 1586 crastino,
1265 1506 1333 1572 loco
1374 1540 1404 1576 ι

136 1609 253 1673 missae
275 1608 509 1688 defunctorum,
537 1609 665 1673 missam
687 1609 727 1673 de
749 1608 943 1689 martyribus
965 1606 1088 1673 cantari
1104 1605 1218 1688 jussit,
1241 1612 1277 1672 et
1290 1608 1404 1678 sice.

137 1708 209 1773 illos
231 1708 404 1773 decollatos
427 1709 636 1774 sanctificarit
658 1716 704 1788 et,
733 1709 939 1788 quantumin
962 1725 1000 1773 eo
1021 1707 1095 1787 luit,
1126 1707 1404 1787 canonisavit2.;

139 1815 267 1890 etpost
287 1809 321 1872 in
342 1827 489 1873 sermono
505 1809 593 1888 dixit,
616 1808 699 1890 quod
714 1810 815 1875 nollet
836 1809 924 1890 ipsos
946 1808 1022 1873 dare
1044 1825 1103 1890 pro
1126 1813 1217 1873 tanta
1231 1825 1404 1877 mesen

138 1909 274 1990 argenti,
296 1914 416 1974 certam
438 1927 574 1974 massam
596 1911 628 1974 iu
651 1908 775 1991 capella
795 1909 881 1974 dicta
902 1908 1159 1974 demonstrando.

238 2007 281 2072 Et
301 2009 454 2090 magister
475 2009 659 2090 respondit:
683 2010 801 2074 Verum
825 2017 888 2089 est,
913 2009 1157 2090 quiadecollati
1178 2014 1265 2087 sunt,
1280 2008 1404 2080 sebe

140 2107 224 2188 qarod
247 2126 306 2189 ego
327 2107 457 2173 fecerim
479 2128 534 2173 eos
557 2127 626 2173 curn
648 2110 705 2174 tali
727 2120 821 2174 cantu
849 2108 1036 2190 deportare,
1058 2113 1196 2173 nonest
1218 2126 1404 2180 vernum

139 2207 213 2287 quia
235 2214 311 2272 tuuc
331 2226 395 2272 non
422 2227 508 2273 eram
530 2209 582 2274 ibi.

239 2306 281 2371 Et
302 2309 410 2373 statim
432 2327 565 2390 surgens
586 2310 671 2374 Naso
694 2310 789 2374 dixit:
811 2309 928 2373 Audite
944 2328 1008 2387 me,
1031 2325 1119 2389 rogo,
1142 2307 1206 2373 diro
1228 2308 1404 2381 verba<

139 2404 188 2469 Ex
220 2424 281 2487 qno
309 2407 349 2472 de
377 2409 448 2474 istis
477 2409 641 2475 decollatis
670 2410 706 2475 fit
726 2411 861 2489 mentio,
888 2409 964 2474 mihi
986 2410 1068 2474 benc
1091 2415 1231 2488 coastat,
1262 2409 1401 2491 quii]

140 2523 226 2571 eram
248 2514 324 2571 tunc
346 2527 415 2573 cum
437 2529 513 2592 rege
534 2510 716 2590 Bobcmiac,
739 2518 816 2576 tunc
837 2512 1058 2589 Romanorum,
1081 2511 1150 2585 ubi,
1165 2518 1393 2591 11511111.-

140 2605 202 2670 1511
224 2607 292 2671 llus
309 2610 407 2674 multa
421 2620 533 2678 contra
554 2612 801 2677 inobedientiam
816 2611 901 2676 sedis
917 2611 1110 2693 apostolicae
1127 2620 1160 2675 ot
1171 2611 1309 2676 literam·
1320 2632 1384 2679 t.

139 2707 299 2788 papalium
315 2712 547 2792 praedicasset,
571 2721 604 2778 et
624 2714 791 2779 audientes
807 2731 881 2778 suos
903 2712 943 2776 ad
966 2709 1098 2776 eandem
1120 2730 1354 2793 provocasse»

139 2824 212 2870 mox
234 2808 310 2873 dicti
326 2810 473 2877 decollati
496 2814 529 2877 in
551 2831 697 2878 sermone
718 2814 853 2894 quodam
868 2813 1084 2877 clamaverunt
1099 2818 1212 2877 contra
1226 2812 1367 2878 liter-.

140 2909 340 2988 apostolicas,
364 2916 398 2976 et
412 2930 468 2976 rex
481 2912 651 2979 Bobcmiac
663 2914 735 2979 illos
750 2913 901 2978 decollari
917 2913 1091 2988 mandavit:
1115 2921 1190 2993 post
1204 2930 1358 2994 quous

141 3005 384 3075 decollationem
406 3012 468 3076 iste
490 3013 687 3093 praedicavit
708 3014 741 3077 in
765 3013 948 3090 Bethleem,
977 3013 1059 3076 sicut
1081 3012 1142 3077 sibi
1164 3011 1284 3093 placuit

141 3105 224 3171 sicut
250 3108 314 3189 jam
336 3111 510 3177 audivistis.
549 3113 666 3177 Postea
685 3119 819 3194 propter
840 3113 912 3177 illos
936 3113 1142 3176 communitas
1164 3111 1332 3175 insumo:

141 3212 252 3271 contra
280 3211 444 3275 consilium
474 3218 506 3276 11
534 3220 646 3280 contra
674 3213 821 3278 consules
850 3215 1044 3291 l’ragenses,
1072 3212 1236 3291 dicentes,
1263 3228 1333 3292 qu

141 3306 326 3374 innocentes
348 3310 490 3377 homines
514 3321 546 3378 et
567 3314 686 3395 injuste
707 3314 912 3378 mandassent
934 3312 1106 3390 decollare3
1128 3317 1163 3377 et
1184 3310 1325 3376 tumuli

143 3413 176 3472 et
201 3427 310 3474 rumor
338 3430 470 3492 magnus
499 3420 585 3493 erat:
614 3432 685 3481 nam
713 3414 813 3478 multa
833 3420 969 3479 centena
998 3413 1158 3476 hominum
1182 3428 1314 3476 venen

142 3506 183 3571 ad
205 3512 409 3591 praetorium,
432 3512 612 3595 dicentium,
636 3514 710 3594 quia
732 3520 765 3577 et
787 3513 848 3594 ipsi
870 3513 951 3576 mori
965 3511 1084 3577 vellent
1105 3529 1164 3594 pro
1186 3511 1307 3577 11111ε

142 3612 219 3672 tate.
242 3609 366 3675 Deinde
389 3614 534 3678 consules
549 3633 613 3679 non
639 3614 781 3679 valentes
798 3612 911 3677 sedare
926 3611 1103 3688 tumultum,
1126 3616 1297 3677 venerunt

143 3725 260 3789 regem,
283 3712 358 3790 quid
373 3713 538 3779 mandaret
554 3715 668 3792 lacero,
692 3713 776 3793 quod
791 3731 855 3776 non
876 3717 1008 3793 possent
1029 3709 1144 3776 sedare
1159 3710 1290 3776 tumultu

142 3805 185 3871 Et
212 3826 269 3873 rex
296 3809 467 3878 Bobcmiac
496 3814 591 3878 dixit:
614 3815 683 3878 Etsi
706 3813 793 3877 mille
815 3812 896 3877 tales
919 3817 1044 3890 essent,
1076 3810 1133 3875 fiat
1154 3806 1283 3893 ipsiasi

142 3913 176 3971 11
203 3908 280 3988 11115;
316 3918 349 3976 11
370 3913 398 3977 51
419 3933 483 3978 111
505 3912 667 3979 sufficiunt
698 3912 787 3977 vobis
815 3911 981 3993 justitiarii
1015 3918 1049 3975 et
1070 3910 1200 3976 lictores
1228 3907 1273 3973 bic

142 4025 250 4088 regno,
273 4008 385 4077 faciam
407 4013 446 4077 dc
461 4013 652 4093 aliisssterris
675 4013 746 4077 illos
758 4012 880 4077 adduci.
905 4013 955 4077 Et·
966 4011 1119 4091 magister
1140 4008 1266 4075 nixitzl

143 4105 277 4190 domini,
310 4112 372 4178 isto
404 4114 516 4178 doctor
548 4114 694 4194 injuriam
728 4113 805 4179 iacit
827 4113 952 4178 domino
984 4112 1067 4192 regi,
1101 4130 1173 4176 curn
1194 4126 1249 4176 rex

142 4209 302 4276 mandavit
331 4214 402 4279 illos
424 4213 585 4278 decollari,
608 4215 649 4279 Et
672 4215 782 4279 l‘alecz
806 4232 940 4292 surgons
963 4213 1059 4277 dixit:
1082 4213 1164 4289 Quia
1183 4228 1240 4276 rex

144 4307 231 4374 davit
251 4314 440 4392 proclamari
461 4316 604 4397 publice,
635 4321 671 4380 ut
692 4317 798 4379 nullus
821 4315 915 4378 bullis
944 4312 1111 4396 papalibus
1134 4319 1238 4377 contro

143 4416 176 4475 et
210 4410 264 4475 isti
300 4414 561 4481 contradixerunt
582 4416 645 4482 illis
668 4416 809 4498 publice,
840 4415 912 4480 ideo
944 4416 1063 4480 virtute
1090 4412 1175 4478 illius
1195 4428 1229 4476 m¹
