2992 5258
368 411 437 450 anuo
458 397 521 452 1414
539 415 573 453 ox
590 400 685 459 itinere
706 403 911 457 Constanticnsi.
946 407 987 458 37.
1233 408 1272 472 73

179 595 312 662 Magister
328 597 449 651 Joannes
465 599 533 665 Hus,
552 600 579 653 iu
597 616 646 669 spe
664 603 791 657 sacerdos
810 610 837 658 et
854 619 947 657 servus
965 602 1065 657 domini
1082 605 1149 659 Jesu
1165 604 1272 670 Christi,

84 679 203 733 omnibus
220 679 347 734 fidelibus
364 688 392 734 et
409 681 515 737 dilectis
533 683 662 739 iratribus
680 686 868 755 sororibusque
887 687 913 740 in
932 687 1038 742 domino
1057 690 1133 754 Jesu,
1152 688 1198 756 qui
1215 703 1273 741 ver·

84 764 143 816 bum
162 762 208 816 dei
224 779 273 832 per
299 780 341 817 mc
360 764 521 820 audiverunt
539 775 567 821 et
583 777 760 838 acceperunt,
787 771 900 837 gratiam
924 778 952 824 et
974 787 1067 839 pacem
1090 788 1106 824 a
1129 771 1179 825 deo
1197 778 1274 838 patre

83 853 172 900 uostm
191 854 219 900 et
235 862 252 901 a
270 848 365 917 spiritu
383 857 476 904 sancto
493 857 577 919 optat,
596 858 625 905 ut
644 853 701 907 siue
720 854 825 907 macula
842 855 871 908 in
888 855 1001 908 veritate
1020 855 1080 923 ejus
1098 854 1227 908 habitent.

179 930 290 986 Fideles
308 938 336 986 et
352 931 444 987 dilecti
462 935 552 988 amicit
580 935 673 1002 Scitis,
700 953 743 990 me
766 953 813 991 vos
836 942 886 1005 per
908 936 1017 1005 longum
1035 945 1141 1006 tempus
1158 937 1275 991 fideliter

82 1015 246 1083 instituisse,
271 1017 474 1084 praedicantem
491 1019 566 1074 vobis
588 1019 632 1074 dei
654 1020 765 1074 verbum
788 1022 847 1076 sine
870 1022 977 1083 haeresi
1002 1027 1029 1075 et
1052 1023 1110 1075 sine
1128 1021 1272 1086 erroribus,

83 1099 149 1152 sicut
166 1099 249 1168 scitis,
267 1105 348 1168 atque
366 1116 474 1170 semper
490 1103 618 1171 quaesivi,
636 1119 737 1171 quaero
755 1111 783 1159 ot
794 1120 922 1172 quaeram
941 1121 1025 1174 usque
1043 1106 1078 1161 ad
1096 1111 1209 1158 mortem
1228 1120 1272 1157 vo·

84 1190 163 1236 sunm
181 1184 305 1238 salutern
322 1187 412 1253 Atque
431 1186 624 1241 constitueram
637 1187 713 1241 vobis
730 1188 888 1256 praedicare
915 1197 977 1243 ante
994 1191 1047 1245 iter
1072 1204 1169 1255 meum,
1187 1188 1273 1254 prins-

83 1282 160 1333 quam
184 1267 370 1335 proficiscerer
396 1269 431 1324 ad
457 1269 599 1340 concilium
617 1270 815 1339 Constantiam,
842 1279 870 1325 ot
887 1272 1009 1339 inprimis
1037 1271 1181 1325 enunciare
1200 1270 1274 1324 vobis

83 1349 150 1404 inlsa
166 1351 321 1407 testimonia
338 1351 475 1421 falsosque
494 1359 590 1421 testes,
616 1355 661 1422 qui
684 1360 842 1410 contremo
864 1358 955 1411 testati
978 1364 1069 1423 erunt,
1096 1371 1163 1423 quos
1182 1370 1275 1408 ornnes

84 1451 134 1489 una
150 1451 212 1489 cum
225 1451 317 1491 eorum
335 1437 494 1492 testimoniis
511 1438 599 1492 habeo
611 1439 698 1493 literis
710 1441 895 1507 consignatos3
916 1440 961 1507 qui
973 1440 1047 1493 vobis
1060 1438 1287 1493 enunciabnutur.

84 1519 194 1587 idcirco,
220 1535 264 1586 ne,
283 1521 305 1573 si
323 1520 470 1575 infamatus
487 1521 530 1575 vel
548 1523 636 1590 capite
654 1522 798 1577 damnatus
816 1538 878 1590 ero,
904 1539 951 1578 vos
969 1524 1020 1577 hoc
1038 1523 1154 1576 scientes
1171 1529 1273 1576 terrea-

84 1602 152 1669 mini,
170 1603 249 1670 qnasi
265 1610 377 1672 propter
394 1604 478 1658 ullam
495 1606 638 1674 haeresim,
657 1623 737 1675 quam
756 1615 871 1675 teneam,
891 1607 1032 1662 damnatus
1051 1608 1109 1674 sim,
1130 1605 1275 1661 etidcirco

83 1703 200 1755 quoqne,
228 1694 258 1740 ut
274 1689 454 1755 perseveretis
471 1690 529 1743 sine
547 1699 620 1745 metu
639 1698 667 1745 et
683 1691 741 1746 siue
760 1691 929 1745 vacillatione
947 1692 974 1744 in
993 1706 1026 1744 ca
1043 1691 1169 1756 veritate,
1195 1705 1275 1757 quam

84 1771 204 1826 dominus
222 1770 291 1824 deus
308 1787 357 1839 per
374 1772 470 1827 fideles
488 1773 689 1841 praedicatores
707 1781 735 1828 et
757 1791 807 1843 per
824 1791 866 1828 me
885 1774 1047 1828 imbecillum
1071 1774 1146 1828 vobis
1164 1789 1275 1841 cognos-

84 1855 192 1909 cendam
211 1853 302 1922 dedit,
320 1856 429 1910 tertium
448 1856 555 1925 idcirco,
574 1864 605 1911 nt
621 1856 730 1912 dolosos
748 1865 775 1911 et
787 1864 873 1912 tectos
885 1858 1086 1927 prrnedicatorcs
1104 1873 1198 1911 cavere
1216 1873 1276 1925 pos·

85 1939 147 1993 sitis.
181 1939 244 1993 Jam
262 1954 326 1993 sero
342 1940 395 1995 iter
411 1940 549 2009 ingressus
567 1957 626 1996 sum
643 1942 702 1996 sinc
719 1941 794 1996 salso
812 1941 946 1996 conductu
964 1941 999 1995 ad
1018 1942 1147 1994 maximos
1164 1941 1276 1995 multos-

86 2038 134 2089 que
151 2022 282 2089 inimicos,
300 2022 372 2077 inter
389 2040 456 2091 quos
473 2024 639 2079 infestissimi
657 2030 720 2078 sunt
741 2024 880 2079 domestici
898 2027 1004 2093 inimici,
1023 2024 1050 2078 id
1068 2024 1139 2093 quod
1152 2041 1186 2078 er
1203 2025 1278 2078 testi-

87 2108 178 2161 moniis
197 2107 365 2173 cognoscetis
383 2114 411 2161 et
428 2108 504 2162 finito
527 2109 639 2162 concilio
657 2108 843 2176 comperietis,
870 2109 969 2162 inimici
991 2116 1081 2162 nutem
1107 2109 1201 2176 plnres
1223 2108 1277 2161 exi·

86 2198 162 2259 stent,
181 2207 263 2260 quam
282 2192 430 2245 extiterunt
446 2191 577 2246 adversus
588 2198 709 2247 nostrum
723 2193 881 2246 clementem
894 2192 1100 2261 redemptorem,
1119 2199 1147 2246 et
1159 2192 1278 2259 episcopi

86 2286 111 2329 et
126 2275 248 2344 magistri
266 2282 298 2347 et,
311 2275 446 2343 principes
464 2275 601 2330 seculares
619 2283 647 2330 et
664 2275 819 2330 sacerdotes
836 2275 975 2344 regulares
993 2275 1199 2341 (athonnilrdv).
1225 2275 1276 2328 Vo-

86 2376 141 2413 mm
158 2358 267 2414 confido
287 2374 346 2413 meo
365 2360 495 2427 propitio,
523 2360 639 2428 sapienti
662 2368 689 2415 et
712 2360 815 2428 potenti
839 2359 980 2427 salvatori,
1007 2374 1068 2412 eum
1091 2365 1201 2427 propter
1218 2374 1278 2426 pro-

86 2444 192 2497 missum
210 2458 290 2496 suurn
307 2449 335 2496 et
351 2449 463 2510 propter
480 2449 584 2498 vosbas
601 2444 696 2498 fideles
714 2460 809 2513 preces
827 2445 891 2498 mihi
910 2443 1034 2497 daturum
1047 2458 1108 2497 esse
1120 2442 1280 2511 sapientiam

85 2533 110 2580 et
125 2525 305 2580 constantiam
323 2526 432 2593 spiritus
451 2527 545 2592 sancti,
566 2533 595 2581 ut
606 2543 785 2596 perseverem,
805 2542 871 2581 neve
890 2527 929 2581 illi
948 2542 990 2580 mc
1008 2527 1035 2579 in
1047 2541 1157 2594 pravam
1175 2531 1280 2593 partem

85 2610 185 2679 possint
201 2609 356 2676 declinare;
375 2624 536 2678 quamquam
555 2611 631 2665 dabit
648 2612 713 2665 mihi
732 2612 915 2678 tentationem,
938 2611 1064 2675 convicia,
1084 2624 1219 2664 carcerem
1236 2609 1279 2662 vel

85 2700 194 2749 mortem
210 2694 285 2761 pati,
309 2700 338 2747 ut
355 2695 413 2762 ipse
431 2711 537 2763 quoque
555 2711 652 2763 passus
676 2703 718 2750 est
742 2703 770 2750 et
787 2711 850 2750 suos
868 2695 1057 2750 dilectissimos
1074 2709 1167 2747 servos
1184 2692 1279 2746 iisdem

86 2778 198 2846 subiecit
214 2777 347 2844 nobisque
365 2777 518 2846 exemplum
536 2779 664 2846 reliquit,
688 2786 719 2833 ιιι
735 2786 846 2847 propter
868 2779 956 2846 ipsum
973 2784 1146 2844 nostramque
1164 2775 1279 2830 salutem

84 2863 222 2930 patiamur.
258 2860 309 2915 Ille
328 2862 398 2916 cuim
416 2868 458 2916 est
476 2862 552 2930 deus,
577 2878 626 2916 nos
644 2870 784 2917 creaturae
804 2863 877 2931 ejus,
904 2861 950 2915 illc
968 2860 1104 2926 dominus,
1129 2876 1177 2913 nos
1195 2859 1280 2924 servi3

84 2946 127 2999 ille
144 2945 264 3000 universi
281 2945 374 2999 mundi
391 2960 448 3013 rex,
467 2962 516 3001 nos
533 2947 688 3000 homunculi
706 2946 822 3012 infirmi;
840 2946 886 2999 illo
898 2951 1008 3012 peccato
1021 2958 1129 3009 vaenue,
1148 2958 1197 2995 nos
1214 2958 1275 3010 pec-

84 3039 201 3100 catores3
225 3029 273 3084 illc
290 3028 367 3084 nulla
391 3044 421 3084 re
439 3044 531 3099 egens,
554 3046 603 3085 nos
621 3037 739 3098 egentes.
773 3031 844 3097 lpse,
862 3044 943 3096 quum
961 3028 1024 3082 talis
1042 3027 1085 3094 sit,
1109 3041 1206 3094 passus
1224 3034 1282 3078 cst:

84 3115 173 3183 quidni
190 3131 241 3170 nos
253 3115 407 3183 padamml
424 3115 504 3169 Certe
521 3122 614 3169 nostra
631 3115 721 3182 passio
739 3115 766 3167 in
779 3114 866 3182 gratia
883 3119 925 3165 est
936 3110 1060 3180 purgatio
1077 3117 1170 3164 nostra
1187 3124 1277 3185 apec-

85 3200 147 3254 catis
165 3204 194 3254 et
211 3198 337 3253 liberatio
355 3197 390 3251 ab
408 3196 526 3251 aeternis
544 3197 716 3250 cruciatibus.
751 3197 876 3251 Proiecto
894 3195 968 3249 fidoli
987 3193 1047 3262 ejus
1065 3208 1141 3247 servo
1153 3191 1277 3245 accidere

85 3299 134 3336 non
150 3287 252 3351 potest,
271 3286 301 3335 ut
318 3289 422 3350 pereat,
440 3282 463 3335 si
481 3279 627 3347 adjuvante
646 3296 677 3335 eo
696 3280 888 3349 perseverabit.
923 3278 1039 3332 Proinde
1063 3275 1154 3330 dilecti
1173 3275 1280 3341 iratres,

85 3365 198 3421 dilectae
217 3379 334 3430 sorores,
352 3370 428 3435 orato
446 3364 534 3431 enixe,
559 3371 588 3418 ut
605 3363 671 3419 daro
694 3364 758 3417 milri
777 3363 902 3431 dignetur
925 3360 1152 3430 perseverantiam
1175 3367 1203 3414 et
1220 3375 1279 3427 pro·

86 3450 177 3504 hibere
193 3465 239 3505 ma
257 3465 274 3504 a
290 3447 405 3503 macula
422 3450 463 3502 hc
480 3449 502 3502 si
520 3447 584 3516 quid
602 3448 637 3502 ad
656 3449 716 3515 ejus
728 3448 841 3516 gloriam
859 3454 1029 3513 vestramque
1046 3445 1190 3499 utilitatem
1208 3458 1282 3495 mors

85 3549 142 3587 mea
158 3532 274 3598 confert,
292 3532 384 3586 iacere
401 3531 540 3599 dignetur,
567 3538 597 3586 ut
614 3549 673 3586 eam
692 3533 750 3585 sino
768 3538 841 3586 metu
868 3529 939 3584 malo
963 3529 1084 3584 subeam.
1115 3527 1162 3582 Sin
1188 3526 1280 3581 utilius

84 3618 158 3673 nobis
176 3618 237 3685 erit,
255 3615 381 3685 dignetur
398 3612 529 3671 ms'vobis
545 3616 671 3684 reddere,
690 3616 761 3671 ultro
779 3617 900 3683 citroque
917 3629 960 3668 me
973 3613 1075 3667 ducens
1093 3611 1151 3665 sine
1164 3609 1279 3669 macula,

85 3708 113 3753 ut
128 3700 245 3768 amplius
262 3699 400 3769 conjuncti
417 3699 505 3768 legem
524 3701 583 3770 ejus
601 3700 762 3756 edoceamur
780 3708 807 3755 ot
822 3698 983 3754 Antichristi
1000 3698 1097 3751 retium
1114 3695 1281 3763 aliquantum

85 3784 252 3851 divellamus,
272 3783 425 3851 futurisque
443 3783 573 3840 fratribus
584 3785 683 3839 bonnm
701 3784 853 3852 exemplum
871 3781 1062 3849 relinquamus.
1082 3781 1209 3834 Fortasse
1225 3777 1282 3846 jam

87 3868 185 3935 Progne
203 3874 267 3922 ante
285 3874 399 3922 mortem
417 3883 460 3922 me
478 3884 531 3923 non
549 3861 737 3937 conspicietis';
756 3868 796 3921 sin
815 3872 910 3942 potens
928 3865 995 3919 deus
1014 3880 1056 3918 me
1074 3863 1149 3917 vohis
1169 3860 1281 3916 reddero

86 3950 244 4019 dignabitur,
269 3967 301 4006 eo
320 3950 448 4006 laetiores
464 3967 514 4006 nos
530 3952 644 4005 invicem
662 3951 871 4019 conspiciemus,
894 3954 967 4003 certe
992 3964 1062 4008 vero,
1081 3961 1163 4014 quum
1181 3945 1209 3996 in
1226 3943 1280 3995 lac-

86 4037 142 4090 titia
159 4035 273 4091 coelesti
290 4036 489 4090 conveniemus.
523 4036 599 4090 Deus
616 4036 777 4101 misericors,
804 4035 849 4102 qui
867 4035 923 4089 suis
940 4048 1034 4102 pacem
1053 4045 1152 4099 puram
1170 4027 1284 4094 largitur

88 4128 113 4172 et
128 4120 171 4174 bic
189 4128 217 4174 et
234 4125 296 4187 post
313 4125 435 4186 mortem,
453 4119 604 4186 quieduxit
618 4119 776 4174 demortuis
794 4125 929 4186 pastorem
941 4132 1075 4184 magnum,
1094 4112 1204 4180 profuso
1223 4110 1283 4178 ejus

89 4204 225 4271 sanguine,
243 4203 289 4271 qui
307 4203 403 4257 salutis
421 4210 530 4258 nostras
548 4211 687 4258 aeternum
706 4202 887 4257 testimonium
905 4207 962 4267 ost,
988 4205 1082 4266 aptare
1101 4211 1148 4250 vos
1165 4195 1193 4248 in
1210 4193 1282 4247 omni

90 4287 154 4342 bono
172 4287 307 4356 dignetur,
325 4295 356 4341 ut
374 4286 481 4343 faciatis
499 4287 558 4355 ejus
576 4288 742 4343 voluntatem
758 4288 786 4341 iu
805 4284 947 4340 concordia
965 4283 1023 4337 sine
1035 4279 1156 4345 dissidio,
1175 4283 1205 4331 ut
1217 4291 1283 4344 pace

93 4369 208 4426 fruentes
224 4372 253 4425 in
270 4371 415 4425 virtutibus
440 4372 641 4443 consequamini
665 4378 802 4425 aeternam
827 4383 936 4437 pacem,
964 4381 1013 4433 per
1036 4363 1172 4418 dominum
1188 4361 1282 4414 desum

92 4454 229 4522 Christum,
250 4455 295 4522 qui
316 4462 358 4510 est
375 4455 442 4509 dens
465 4460 592 4509 aeternus
610 4462 638 4509 et
654 4456 733 4509 homo
752 4470 838 4519 verus,
857 4468 890 4505 ex
908 4450 1009 4516 virgine
1025 4447 1113 4503 Maria
1130 4452 1217 4500 natus.
1236 4443 1285 4497 Cui

95 4538 149 4594 laus
166 4548 208 4594 est
225 4544 254 4594 et
271 4538 323 4594 erit
339 4538 366 4591 in
384 4545 524 4593 aeternum
543 4555 602 4593 cnm
620 4539 743 4594 omnibus
761 4538 863 4597 electis,
882 4535 1049 4605 quibuscum,
1069 4533 1092 4587 si
1109 4531 1153 4587 hic
1169 4531 1197 4583 in
1215 4528 1283 4589 veri-

100 4630 148 4681 tate
165 4623 408 4694 perseverabimus,
427 4623 455 4677 in
472 4623 576 4680 laetitia
594 4624 704 4679 coelesti
723 4621 911 4679 habitabimus.
945 4619 1041 4671 Amen.
