2992 5258
149 421 210 482 520
389 410 593 464 Controversiae
611 410 645 464 de
663 410 793 480 religione
810 412 839 467 in
856 411 1001 468 Bohemia:
1018 412 1093 468 1414.

151 621 246 687 etiam
275 620 315 683 de
342 617 491 700 parvulis,
521 618 642 683 acriter
665 617 849 701 increpatis,
873 618 930 684 sed
953 624 1077 684 vestros
1099 620 1257 686 sectarios
1278 638 1350 704 per-

146 724 245 804 JuroS,
279 719 492 802 blasphemos
515 719 698 796 homicidas,
722 718 809 783 frares
832 726 865 785 et
890 720 1053 788 adulteros
1068 723 1187 789 leniter
1201 722 1350 806 palpatis.

149 825 328 890 Nominatis
361 824 392 886 iu
428 823 522 888 litera
555 840 725 904 personam
755 823 901 903 nobilem,
937 825 986 889 eui
1021 831 1160 891 vestram
1192 824 1351 891 infamiam

149 925 322 1008 imponitis
353 925 437 1005 quod
466 926 559 988 etium
589 925 687 988 multo
710 925 824 989 minori
847 925 953 992 facere
975 926 1156 992 nullatenus
1179 926 1353 994 deberetis,

154 1027 245 1106 erod
275 1025 370 1105 aliqui
400 1025 612 1090 admittuntur
641 1025 680 1089 ad
709 1031 940 1091 sacramentum
971 1027 1115 1110 corporis
1137 1028 1298 1109 dominici,
1320 1037 1353 1096 et

150 1131 202 1196 alii
232 1134 383 1193 arcentur
410 1127 581 1204 abstinero,
614 1144 675 1190 non
698 1145 813 1191 novum
836 1134 900 1206 cst;
926 1127 966 1192 ab
989 1129 1128 1210 antiquis
1150 1131 1353 1213 temporibus

151 1230 351 1295 confessores
381 1229 496 1292 multos
526 1235 559 1292 et
588 1229 703 1293 multas
736 1235 953 1309 semoveruut3
983 1229 1016 1294 in
1049 1230 1109 1297 boc
1138 1249 1202 1296 non
1229 1233 1353 1316 accipio

151 1348 315 1415 personas,
331 1336 367 1393 ut
382 1329 457 1393 mibi
472 1329 640 1409 ascribitis,
664 1329 721 1395 sed
736 1330 852 1395 merita
866 1348 1085 1412 personarum.
1124 1330 1354 1400 confessiones

150 1451 213 1498 non
243 1431 361 1496 debent
388 1430 533 1509 revelari,
564 1430 661 1494 nolite
692 1448 796 1495 seram
819 1431 904 1496 illam
927 1440 1069 1513 tangere,
1093 1433 1167 1514 quia
1190 1441 1353 1501 secretum

150 1551 254 1598 meum
282 1532 367 1610 nubi,
399 1531 477 1595 dicit
507 1532 674 1613 scriptura.
719 1531 802 1596 Item
831 1533 949 1613 ponitis
980 1533 1011 1597 in
1041 1533 1136 1599 litera
1164 1539 1284 1614 vestra,
1309 1536 1356 1600 sic

151 1635 294 1713 aestimo,
325 1633 408 1714 qrrod
435 1633 554 1706 dicitis,
592 1633 749 1714 quomodo
783 1634 884 1697 solum
920 1639 1055 1715 propter
1086 1635 1356 1716 inpugnationem

151 1736 335 1814 criminum,
367 1753 446 1814 quac
475 1734 579 1798 clerus
610 1733 783 1815 prohdolor
812 1730 974 1815 sequitur,
1005 1753 1064 1816 ego
1094 1737 1353 1817 persecutionem

152 1845 185 1903 et
216 1835 569 1901 excommunicationem
598 1834 711 1916 patior.
757 1834 782 1899 0
818 1854 909 1916 quarn
943 1835 1082 1901 libenter
1113 1836 1227 1900 vellem
1259 1836 1353 1908 scire,

151 1939 211 2003 hoc
234 1956 305 2002 esse
336 1937 466 2000 verrrml·
508 1936 564 2000 sed
586 1954 667 2016 quae
690 1941 798 2018 potest
821 1955 892 2001 esse
915 1938 1033 2003 veritas
1055 1938 1154 2004 vestri
1171 1937 1259 2018 dicti,
1281 1956 1353 2004 cum

150 2040 233 2104 fama
260 2038 387 2121 publica
417 2038 459 2101 sit
490 2043 523 2101 et
552 2054 665 2115 gretes
696 2043 807 2102 eontra
836 2055 891 2102 uos
920 2055 1100 2120 processus,
1123 2038 1164 2105 de
1187 2039 1354 2104 erroribus

152 2140 269 2204 Wiclef
297 2139 335 2203 de
359 2139 481 2219 Augila,
512 2144 545 2201 ct
577 2139 741 2219 signanter
767 2139 807 2203 de
837 2141 1028 2205 venerabilis
1058 2141 1202 2223 corporis
1225 2147 1259 2207 et
1280 2158 1352 2206 san·

154 2229 257 2323 guinis
280 2239 427 2303 dominici
451 2248 658 2317 sacramento,
689 2240 729 2304 de
752 2258 813 2320 quo
837 2242 914 2306 estis
938 2242 1063 2323 publice
1084 2242 1264 2308 infamatus.
1311 2241 1354 2306 Et

154 2343 180 2406 si
215 2341 297 2405 forte
332 2338 492 2415 diceretis,
521 2340 595 2419 quia
623 2340 701 2404 false
734 2340 824 2406 vobis
857 2338 1007 2422 imposita
1039 2349 1122 2422 silut,
1155 2343 1353 2425 praesumtio

153 2443 324 2506 vehemens
353 2447 419 2520 cst;
448 2459 520 2505 nam
550 2458 607 2505 vos
638 2440 762 2522 publice
792 2442 890 2507 libros
913 2443 999 2507 illius
1020 2442 1145 2523 Anglioi
1169 2443 1352 2519 defenditis,

153 2548 187 2606 et
215 2541 354 2623 insuper,
385 2541 438 2606 arbi
472 2543 514 2606 sit
543 2542 646 2606 anima
672 2542 766 2620 illiue,
797 2543 840 2606 ibi
868 2548 901 2607 et
930 2551 1070 2609 vestram
1100 2542 1294 2611 desideratis
1322 2550 1354 2609 et

154 2644 324 2725 postulatis
354 2641 437 2721 fieri;
467 2644 581 2707 vellem
611 2661 670 2723 ego
693 2644 836 2725 pusillus,
868 2651 903 2708 ut
926 2647 1030 2711 anima
1052 2653 1161 2712 vestra
1181 2647 1228 2712 ibi
1250 2645 1352 2728 fieret

153 2745 207 2809 ubi
230 2745 375 2809 Christus
398 2752 456 2820 est,
479 2745 511 2807 in
534 2743 666 2809 dextera
688 2744 740 2809 dei
763 2745 967 2823 sedena,·sed
989 2764 1052 2811 nou
1075 2747 1129 2812 ubi
1152 2756 1204 2813 est
1230 2748 1352 2831 Wiclef,

153 2848 243 2928 cujus
258 2846 409 2911 articulos
432 2846 558 2928 publice
581 2845 772 2928 praedicatis
796 2855 828 2913 et
850 2849 882 2912 in
905 2848 1021 2913 scholis
1043 2849 1146 2931 palam
1169 2848 1351 2917 defenditis.

153 2948 289 3028 Insuper
310 2947 394 3011 circa
417 2944 510 3012 finem
534 2953 690 3012 tractatus
705 2948 814 3024 vestri,
838 2968 930 3030 quem
946 2949 1120 3031 scripsistis
1136 2949 1176 3016 de
1195 2950 1350 3032 Ecclesia,

156 3049 308 3114 videmini
331 3049 416 3114 XLV
447 3050 590 3114 articulis
618 3050 718 3130 ipsius
741 3049 863 3127 Wiclef,
891 3051 924 3114 in
950 3050 1092 3131 generali
1115 3051 1257 3118 Romano
1281 3072 1352 3120 con·

154 3153 226 3216 cilio
257 3159 289 3215 et
312 3150 441 3215 Parisiis
472 3158 505 3215 et
527 3152 648 3230 Pragae
672 3151 898 3230 condemnatis
927 3168 998 3216 csse
1022 3151 1152 3217 nimium
1174 3151 1351 3220 favorosus.

155 3252 182 3317 0
205 3254 366 3333 magister,
390 3252 445 3317 sed
469 3271 531 3317 uon
554 3253 585 3315 in
609 3252 724 3316 Israel!
748 3271 810 3316 non
833 3252 986 3317 veremini
1009 3251 1125 3332 dicere,
1149 3254 1235 3335 quod
1252 3256 1353 3321 solum

155 3358 287 3435 propter
318 3353 587 3435 impugnationem
616 3353 787 3425 criminum,
815 3373 895 3435 quae
925 3354 1028 3419 clerus
1052 3353 1208 3435 sequitur,
1231 3374 1352 3422 excom·

155 3454 400 3519 municationem
434 3463 467 3518 et
504 3455 760 3536 persecutionem
797 3454 956 3536 patimini!
1003 3455 1079 3532 eris
1112 3472 1193 3534 ergo
1228 3457 1352 3537 passive

154 3554 368 3637 persequitur,
392 3555 461 3635 quis
483 3555 553 3620 aliis
576 3555 831 3637 persecutionem
853 3563 1014 3637 procurat,
1037 3556 1106 3637 quis
1132 3555 1261 3637 spoliat,
1284 3558 1352 3641 quis

155 3656 186 3718 iu
217 3654 327 3719 faciem
357 3656 469 3734 caedit,
500 3657 570 3736 quis
599 3657 768 3738 vituperat,
800 3656 870 3737 quis
899 3657 1092 3721 monasteria
1121 3656 1172 3719 vel
1201 3658 1351 3724 ecclesias

156 3755 392 3837 depraedatur?
422 3775 525 3820 nonne
553 3774 609 3820 vos
640 3760 672 3819 et
702 3757 850 3838 discipuli
883 3757 1006 3821 vestri‘.>
1048 3755 1163 3821 Dicitis
1187 3756 1229 3822 de
1251 3760 1352 3824 erimi-

156 3856 250 3920 nibus
274 3857 477 3928 clericorum:
500 3856 557 3920 sed
579 3857 618 3921 dc
642 3858 805 3922 erroribus
828 3863 861 3922 et
884 3858 973 3921 libris
995 3857 1119 3936 Wiclef,
1142 3877 1223 3939 quos
1247 3868 1351 3944 prote·

155 3958 239 4039 gitis,
267 3958 385 4021 nullam
414 3958 607 4023 mentionem
638 3958 750 4024 facitis
795 3959 863 4040 Ego
887 3976 1009 4040 pauper
1031 3958 1201 4024 homuncio
1223 3961 1305 4040 dico,
1327 3961 1352 4026 si

155 4078 219 4123 non
247 4060 318 4138 elia,
346 4064 478 4140 propter
506 4060 576 4135 hoc,
605 4060 689 4141 quod
718 4059 910 4141 praedicatis
941 4066 1053 4125 contra
1075 4060 1222 4140 clericos,
1246 4063 1351 4128 nullus

155 4178 220 4239 vos,
244 4166 280 4225 ut
301 4161 442 4239 aestimo,
467 4164 772 4238 excommunicaret;
795 4180 867 4225 nam
890 4167 923 4226 et
937 4161 977 4226 ab
992 4161 1132 4243 antiquis
1156 4164 1352 4246 temporibus

153 4259 301 4339 ‚Milicius
325 4259 499 4340 Concedite,
522 4260 653 4340 Scelus,
678 4268 711 4325 et
732 4260 786 4325 alii
809 4280 901 4342 quam
924 4261 1060 4342 plurimi,
1083 4268 1198 4328 contra
1221 4263 1351 4330 clericos

156 4360 436 4440 praedicaverunt;
465 4361 569 4427 nullus
592 4369 698 4427 tamen
721 4368 854 4442 propter
869 4361 929 4427 boo
943 4363 1280 4451 excommunicationis
1295 4363 1350 4428 fuit

128 4444 336 4524 'sententiae
361 4461 531 4542 subjectus.
576 4461 734 4542 Deponite
750 4461 875 4538 nubem,
899 4462 1001 4528 tollite
1018 4462 1228 4545 occasionem,
1252 4481 1349 4529 semo·

157 4564 229 4623 vete
261 4565 411 4641 stramen,
445 4568 479 4626 ut
509 4562 651 4626 homines
678 4561 807 4626 videant
836 4561 951 4627 nudam
983 4581 1059 4643 rem,
1094 4570 1231 4646 propter
1263 4582 1350 4648 quam

157 4662 485 4729 excommunicamiuit
529 4662 623 4729 Latet
652 4663 764 4743 anguis
791 4663 825 4728 in
853 4663 965 4744 herba;
999 4668 1032 4733 et
1053 4663 1080 4729 si
1102 4664 1258 4749 populum
1279 4664 1348 4732 sim·
