2992 5258
151 430 213 496 452
410 424 615 480 Controvereiae
633 423 667 478 de
684 425 814 492 religione
833 425 858 478 in
878 423 1019 479 Buhemia:
1040 425 1113 477 1412.

150 627 413 709 Christianorum,
436 628 663 693 conclusenrnt
677 634 711 694 et
725 633 908 695 statuerunt
923 627 982 693 sub
996 627 1119 708 magnis
1142 635 1176 693 et
1206 625 1355 710 gravibus

150 731 278 813 poenis,
309 729 393 812 quod
422 728 527 794 nullus
556 728 596 793 de
624 728 732 811 aliqua
766 729 890 793 illarum
921 729 1181 794 communitatum
1208 728 1351 794 existens

151 837 286 913 teneret,
309 836 478 911 assereret,
501 830 704 912 praedicaret
729 831 778 896 vel
801 829 1030 912 dogmatisaret
1056 829 1194 909 aliquem
1216 828 1258 895 de
1279 828 1356 895 arti-

151 932 231 997 culis
260 931 491 1013 infrascriptis:
521 929 594 995 ideo
627 936 761 1013 propter
793 931 946 995 honorem
977 929 1100 995 domiui
1138 929 1241 995 nostri
1269 928 1354 994 ser¹¹²¹

150 1033 238 1097 Rom.
266 1037 299 1097 e't
334 1031 463 1097 Bohem.
502 1032 602 1114 regia,
631 1037 763 1113 propter
796 1031 913 1095 bonum
948 1029 1055 1110 regni,
1087 1030 1186 1096 tutius
1216 1028 1294 1094 oleri
1323 1034 1355 1093 et

152 1133 252 1198 totius
275 1132 386 1215 populi
408 1131 550 1214 ejusdem
572 1133 673 1213 regni,
697 1133 824 1197 videtur
847 1149 918 1196 esse
941 1148 1024 1195 trous
1045 1130 1177 1207 modus,
1194 1129 1280 1211 quod
1301 1129 1354 1195 do-

70 1285 73 1290 .
150 1233 255 1298 minus
276 1232 535 1315 archiepiscopus
551 1251 621 1297 cum
643 1250 800 1298 consensu
823 1239 856 1296 et
877 1231 995 1297 auxilio
1020 1231 1247 1313 praelatorum,
1271 1231 1354 1313 capi·

151 1333 211 1399 tuli
232 1333 402 1415 Pragensis
425 1338 459 1398 et
480 1333 613 1399 aliorum
636 1333 863 1415 capitulorum,
891 1351 960 1397 cum
983 1349 1140 1397 consensu
1165 1339 1352 1397 etessensu

151 1435 369 1501 universitatis
399 1440 431 1499 et
459 1433 668 1517 singulariter
695 1435 833 1499 omnium
856 1440 889 1500 ot
911 1432 1110 1515 singulorum
1132 1433 1301 1498 doctorum
1321 1438 1352 1497 et

151 1535 390 1618 magistrorum,
417 1534 627 1602 demandato
650 1535 769 1600 domini
790 1536 892 1601 nostri
917 1534 1004 1615 regis
1026 1533 1198 1616 praedicti,
1222 1531 1351 1600 eandm

151 1637 385 1703 conclusionem
415 1634 454 1700 de
484 1653 566 1701 novo
598 1636 720 1702 faceret
747 1636 903 1718 publicari
933 1640 966 1699 et
991 1634 1094 1701 teneri
1116 1633 1223 1715 quoad
1246 1649 1351 1699 omnes

150 1736 210 1802 sub
231 1737 343 1821 poenis
367 1735 701 1802 excommunicationis
724 1744 757 1801 et
779 1738 837 1802 sub
860 1735 933 1801 aliis
956 1734 1083 1817 poenis,
1114 1752 1194 1815 quas
1209 1733 1350 1799 dominus

150 1842 260 1902 noster
281 1854 338 1901 rex
360 1835 544 1917 praedictus
559 1854 629 1900 cum
652 1854 710 1901 suo
733 1836 866 1901 consiliu
890 1837 988 1901 vellet
1006 1835 1143 1918 apponi3
1166 1840 1199 1900 et
1222 1835 1346 1916 quicun-

150 1953 211 2016 que
234 1936 399 2001 doctorum
427 1935 477 2000 vel
499 1936 740 2017 magistrorum,
772 1936 1051 2002 baccalaureorum
1072 1935 1123 2001 vel
1145 1934 1345 2012 studentium,

150 2035 337 2102 clericorum
352 2042 408 2101 aut
429 2037 590 2117 laicorum,
614 2037 714 2103 nollet
728 2036 769 2102 ad
791 2036 878 2102 illam
899 2037 1134 2103 conclusionem
1160 2035 1345 2109 consentire,

150 2136 235 2219 quod
257 2136 329 2202 talis
356 2155 495 2219 arogno
518 2138 691 2204 Bohemiae
714 2138 949 2204 excluderetur.

351 2238 485 2304 Articuli
506 2244 698 2320 sequuntur:

251 2342 278 2402 1.
300 2339 422 2403 Primo:
439 2338 623 2405 Substantia
638 2340 729 2422 panis
750 2339 925 2406 materialis
941 2345 975 2405 et
1000 2337 1148 2405 similiter
1169 2335 1338 2403 substantia

149 2437 215 2503 vini
235 2445 365 2504 manent
386 2439 417 2503 in
445 2445 644 2505 sacramento
666 2440 786 2505 altaris.
812 2438 1021 2525 (Haereticam
1041 2437 1110 2519 eet.)

249 2544 278 2603 2.
300 2539 391 2605 Item.
414 2538 600 2606 decidentia
616 2541 707 2624 panis
725 2559 788 2607 uon
804 2546 936 2607 manent
951 2540 1019 2605 sine
1034 2539 1180 2620 subjecto
1196 2538 1231 2603 in
1244 2536 1342 2603 eodem

150 2645 359 2705 sacramento.
386 2638 594 2723 (Haereticam
619 2640 689 2723 est.)

250 2744 279 2805 3.
301 2739 339 2806 It.
368 2739 514 2806 Christus
548 2760 611 2808 non
648 2749 698 2807 est
725 2740 758 2805 in
786 2740 897 2807 eodem
925 2745 1126 2806 sacramento
1154 2739 1290 2805 identioe
1311 2739 1339 2798 et

151 2841 290 2922 realiter,
312 2842 346 2907 in
368 2841 499 2924 propria
521 2842 705 2924 praesentia
726 2843 893 2923 corporali.
917 2842 1122 2925 (Haereticam
1144 2838 1215 2922 eac.)

248 2943 277 3006 4.
299 2941 339 3006 It.
369 2941 402 3007 Si
431 2942 598 3024 episcopus
622 2942 670 3008 vel
693 2942 843 3009 sacerdos
871 2943 988 3008 existat
1009 2942 1042 3005 in
1065 2933 1336 3024 peccatormorttli

149 3061 212 3109 non
234 3043 370 3123 ordinat,
393 3061 456 3108 nou
477 3042 617 3123 conficit,
639 3063 698 3109 nec
719 3051 904 3122 consecrat,
925 3062 985 3109 nec
1007 3044 1157 3125 baptisat.
1181 3036 1334 3123 (Haeret

150 3164 205 3207 cres
225 3148 293 3222 est.)

249 3247 278 3308 5.
301 3245 340 3308 It.
362 3243 433 3309 Non
448 3249 500 3308 cst
513 3242 678 3309 fundatum
695 3246 727 3309 in
749 3246 925 3327 cvangelio,
948 3245 1032 3327 quod
1054 3244 1203 3309 Christus
1224 3242 1331 3307 nisan

150 3344 354 3411 ordinaverit.
379 3344 561 3428 (Erroneam
582 3344 652 3427 eet.)

249 3448 278 3511 6.
300 3446 339 3511 It.
362 3444 450 3509 Deus
472 3444 569 3511 debet
591 3445 723 3510 obedire
745 3444 881 3512 diabolo.
904 3447 1109 3529 (Erroneam.)

250 3549 277 3612 7.
305 3547 343 3612 lt.
366 3546 400 3612 Si
421 3546 517 3611 homo
539 3545 636 3612 fuerit
658 3547 766 3613 debite
789 3548 961 3627 contritae,
995 3546 1099 3613 omnis
1122 3545 1328 3611 confessioet·

150 3647 251 3712 terior
273 3654 324 3713 est
345 3647 405 3711 sibi
428 3645 590 3727 superflua
611 3653 644 3712 et
665 3648 796 3713 inutilis.
820 3648 1023 3730 (Haereticam
1044 3647 1115 3730 eat.)

249 3752 279 3813 8.
308 3749 346 3813 It.
377 3748 410 3814 Si
436 3766 520 3829 papa
546 3749 588 3813 sit
610 3748 788 3830 praescitus
815 3751 984 3829 otmarus,
1016 3753 1049 3813 et
1070 3765 1129 3829 per
1151 3753 1328 3826 consequeus

150 3849 324 3915 membrum
346 3849 481 3927 diaboli,
511 3866 573 3914 non
596 3849 693 3916 habet
715 3858 906 3932 potestatem
928 3869 1025 3932 super
1047 3847 1159 3914 fideles
1181 3847 1221 3914 ab
1241 3846 1327 3925 aliquo

150 3951 210 4015 sibi
225 3951 339 4029 domm,
352 3950 412 4014 nisi
428 3949 510 4015 forte
526 3969 545 4014 a
560 3950 706 4017 Caesare.
737 3949 878 4030 (Falsus,
895 3969 1042 4012 monera
1064 3955 1092 4009 et
1116 3940 1328 4021 scandulaca.)

249 4054 277 4117 9.
300 4050 338 4115 It.
362 4053 440 4117 Post
462 4049 624 4117 Urbanum
647 4058 772 4117 sextium
794 4072 858 4118 non
881 4059 931 4118 est
952 4049 1067 4132 aliquis
1091 4048 1288 4131 recipiendus
1305 4044 1329 4108 in

149 4171 271 4234 papam,
295 4153 352 4217 sed
374 4154 541 4219 vivendum
564 4161 614 4219 est
635 4171 722 4219 more
748 4153 943 4219 Graecorum
966 4151 1024 4216 sub
1047 4147 1173 4228 legibus
1196 4145 1329 4232 propriis.

151 4250 284 4334 (Falsus
305 4260 333 4315 et
354 4254 527 4337 monam.)

251 4358 297 4419 10.
319 4354 355 4418 lt.
379 4353 498 4422 Contra
511 4356 702 4439 scripturam
718 4374 839 4421 sacram
866 4365 926 4437 est,
949 4355 1034 4438 quod
1056 4356 1117 4420 viri
1139 4346 1332 4422 ecclesiastici

149 4452 287 4520 habeant
309 4456 539 4537 possessiones.
562 4455 807 4538 (Temerarius.)

252 4559 298 4619 ll.
321 4555 360 4620 It.
381 4555 494 4621 Nullus
517 4555 679 4638 praelatus
704 4555 801 4620 debet
822 4555 958 4636 aliquem
982 4547 1334 4634 excommunicarent

150 4656 239 4739 prius
267 4657 348 4722 sciat
374 4657 477 4739 ipsum
499 4657 804 4722 excommunicatum
826 4675 845 4720 a
866 4655 943 4734 deo;
966 4661 1000 4720 et
1022 4655 1076 4737 qui
1099 4656 1147 4720 sic
1169 4669 1333 4721 exeommu-
