2992 5258
368 432 411 485 46.
445 429 581 484 iudicium
598 431 669 484 univ.
687 431 763 498 Prag.
783 431 817 486 de
834 434 957 488 articulis
973 435 998 489 J.
1017 434 1126 492 Wiclef.
1289 440 1351 504 455

250 626 300 697 43ζ
325 632 362 697 It.
385 633 573 699 duramenta
603 633 714 698 illicita
743 642 837 714 sunt,
873 655 952 718 quae
974 636 1055 703 fiunt
1076 639 1115 703 ad
1138 638 1351 704 roborandum
1465 614 1468 619 ¹

151 732 306 798 humanos
333 738 515 799 contractus
538 741 571 800 et
597 736 784 800 commercia
807 736 918 803 civilia
964 737 1194 820 (Contrnjora
1214 742 1352 802 4144444

150 833 279 914 414444.)

252 940 302 1000 44.
326 935 363 999 lt.
389 936 595 1014 Augustinus,
616 934 811 1000 Benedictus
831 944 865 1000 et
886 936 1090 1003 Bernhardus
1113 938 1252 1004 damnati
1268 947 1352 1019 sunt,

151 1037 211 1100 nisi
235 1037 463 1117 poenituerunt
491 1035 532 1099 de
554 1036 627 1113 hoc,
655 1036 739 1115 quod
766 1037 947 1102 habueruut
969 1039 1188 1119 possessiones
1211 1040 1352 1105 4114411-

150 1143 284 1202 tuerunt
299 1142 332 1201 et
345 1136 549 1202 intraverunt
565 1135 755 1215 religiones;
778 1144 811 1202 et
826 1138 872 1202 sic
894 1157 913 1201 a
928 1157 1012 1220 papa
1034 1157 1134 1220 usque
1157 1140 1198 1220 ad
1213 1140 1352 1205 infimum

147 1235 336 1316 religiosum
371 1253 480 1300 omnes
512 1244 587 1301 suut
617 1235 779 1320 haeretici.
824 1238 973 1321 (Falsus,
1005 1261 1152 1303 44444444
1180 1250 1208 1303 41
1241 1251 1353 1305 contro

151 1339 411 1418 approbet-ionem
434 1337 621 1418 eccleciae),

251 1441 301 1503 45.
325 1439 363 1503 11.
387 1439 506 1505 Omnes
537 1442 707 1523 religiones
742 1441 964 1508 indifferenter
991 1443 1192 1513 introductae
1226 1450 1302 1509 sunt
1334 1465 1353 1511 4

151 1536 288 1604 diabolo.
334 1539 480 1621 (Falsus,
507 1543 678 1624 monaca.)

736 1942 770 2007 B.

252 2143 332 2208 Item
355 2150 489 2227 apparet
511 2145 612 2224 nobis,
636 2144 720 2225 qrrod
743 2145 775 2208 in
799 2144 908 2209 eadem
932 2144 1178 2226 congregatione
1200 2146 1287 2226 cleri,
1311 2145 1352 2229 de

154 2261 310 2309 consensu
334 2253 367 2310 et
389 2246 536 2311 rnandato
559 2265 595 2310 ac
625 2247 684 2311 sub
705 2246 818 2329 poenis
841 2244 1049 2327 supradictis
1080 2244 1284 2328 infrascripta
1299 2238 1353 2312 ad·

150 2344 364 2426 jungerentur
387 2347 417 2410 in
441 2347 671 2428 publicatione:

255 2447 283 2509 1.
310 2449 431 2513 Primo:
455 2447 515 2525 Qui
532 2448 626 2513 aliter
642 2449 740 2512 sentit
756 2447 795 2512 de
818 2447 1026 2512 sacramentis
1043 2455 1076 2513 et
1098 2448 1239 2512 clavibus
1254 2447 1355 2513 eccle-

154 2552 229 2632 siae,
254 2569 346 2632 quarn
369 2555 479 2614 sanctu
501 2549 643 2613 Romana
665 2547 808 2626 ecclesia,
836 2554 975 2609 censetur
997 2549 1177 2611 acaciana.

254 2655 282 2716 2.
306 2650 345 2715 It.
369 2649 460 2728 Quod
475 2649 525 2713 bis
540 2648 652 2713 dicbus
669 2649 711 2714 sit
726 2648 780 2713 ille
792 2666 925 2728 magnus
942 2649 1157 2714 Antichristus
1184 2656 1217 2713 ct
1232 2653 1354 2729 regnet,

153 2753 205 2834 qui
237 2751 411 2816 secundum
440 2749 534 2814 fidcrn
568 2748 722 2815 ccclesiae
755 2754 788 2813 et
823 2749 996 2813 secundum
1020 2750 1210 2830 scripturam
1233 2767 1354 2814 sacram

153 2860 185 2916 ct
208 2859 338 2916 sanctos
361 2851 510 2916 doctores
533 2851 564 2913 iu
588 2848 649 2914 fine
672 2847 772 2913 seculi
796 2856 845 2913 est
868 2855 1031 2929 venturus,
1054 2857 1099 2911 est
1121 2870 1211 2911 44444·
1232 2849 1355 2911 atoma

152 2952 324 3014 terrendum
345 2952 579 3031 eaperieutiam.

255 3059 283 3117 3.
306 3054 343 3117 11.
367 3053 491 3132 Dicere,
516 3053 599 3135 quod
615 3052 861 3118 constitutiones
878 3058 1060 3116 sanctorum
1082 3057 1207 3132 patrum
1232 3055 1354 3116 41444-

152 3153 341 3220 suetudines
373 3153 549 3218 laudabiles
582 3154 614 3216 in
647 3153 782 3218 ecclesia
815 3172 876 3218 non
914 3152 979 3216 sint
1012 3150 1184 3230 tenendae,
1217 3151 1291 3232 quia
1323 3152 1356 3215 in

153 3253 314 3335 scriptura
335 3252 452 3317 bibliae
476 3269 538 3316 non
555 3252 767 3330 continentur,
791 3259 834 3312 441
856 3272 954 3314 error.

254 3357 282 3420 4.
305 3353 396 3418 lteru.
412 3351 505 3429 Quod
522 3351 676 3431 reliquiae
692 3358 724 3416 ct
741 3370 813 3417 ossa
828 3359 1020 3431 sanctorum,
1036 3358 1070 3417 41
1084 3352 1234 3417 similiter
1249 3358 1356 3416 vestes

152 3463 185 3522 41
208 3456 337 3520 habitus
366 3473 486 3531 eororn,
510 3471 573 3519 non
596 3459 671 3517 suut
693 3454 893 3518 venerandae
917 3472 975 3520 444
997 3452 1172 3519 venerandi
1195 3472 1214 3518 a
1236 3451 1356 3517 Christi

129 3554 318 3635 'fidelibus
342 3576 431 3616 error
456 3562 510 3618 eet.

255 3659 283 3720 5.
306 3656 345 3720 lt.
369 3657 459 3734 Quod
482 3657 666 3722 sacerdotes
693 3675 755 3721 non
778 3656 949 3721 absolvunt
970 3674 990 3720 4
1012 3655 1152 3738 peccatis
1175 3672 1234 3719 nec
1249 3652 1353 3719 dimit-

152 3765 225 3823 tunt
237 3764 370 3839 peccata
380 3757 641 3836 ministerialiter,
658 3757 850 3822 conferendo
867 3763 900 3822 ct
914 3756 1103 3839 applicando
1120 3761 1354 3821 sacramentum

152 3857 389 3940 poenitentiae,
415 3857 473 3922 sed
495 3858 579 3939 quod
602 3858 702 3923 solum
725 3858 915 3923 denuntient
937 3856 1142 3922 confitentem
1164 3856 1355 3935 absolutum,

151 3966 196 4020 eat
220 3978 323 4022 error.

253 4062 284 4125 6.
305 4059 344 4124 lt.
368 4058 459 4137 Quod
475 4078 557 4141 papa
579 4060 757 4140 nonpossit
772 4060 804 4124 in
827 4060 1021 4124 necessitate
1044 4075 1178 4124 evocare
1201 4073 1356 4138 personas
1440 4141 1442 4146 Ι

152 4158 274 4225 Christi
297 4159 445 4237 fidelium,
467 4167 523 4223 aut
546 4158 688 4224 subsidia
709 4160 749 4224 ab
772 4160 818 4223 eis
845 4160 1032 4242 temporalia
1053 4164 1165 4241 petere
1189 4156 1354 4223 441414144-

152 4261 292 4326 dendum
321 4260 431 4324 sedern
464 4261 687 4341 apostolicam,
719 4267 836 4324 statum
866 4266 995 4326 sanctae
1025 4260 1111 4323 Rom.
1148 4258 1302 4323 ccclesiae
1324 4263 1357 4322 et

152 4361 251 4440 urbia,
275 4367 309 4425 et
330 4360 369 4424 ad
393 4362 655 4443 compescendum
671 4368 703 4426 41
718 4362 929 4427 revocandum
947 4361 1147 4426 adversarios
1163 4366 1197 4425 et
1211 4359 1356 4448 inimicos

152 4462 369 4540 Christianos,
394 4462 560 4541 largiendo
591 4463 709 4527 Christi
738 4462 883 4527 fidelibus
918 4461 1055 4527 fideliter
1083 4460 1356 4541 subvenientibus,

151 4581 227 4627 cere
261 4564 517 4645 poenitentibuS,
551 4563 705 4628 conlessis
739 4571 773 4629 et
794 4563 941 4628 contritis
975 4563 1102 4644 plenam
1136 4561 1356 4626 remissionem

147 4665 521 4747 omniumpeccatorum,
543 4671 708 4727 44144444.
797 4736 800 4743 Ι
