2992 5258
150 384 212 449 530
402 377 608 434 &andreutius
625 377 659 432 de
677 377 808 445 religione
824 379 852 433 in
870 379 1013 435 Bobenia:
1033 380 1106 434 1414.

151 592 201 650 est
222 583 329 666 pravis
359 579 597 646 decertantibus
620 599 658 645 ex
676 579 822 661 justitiae
844 597 953 646 amore
975 582 1137 648 resistere.
1182 582 1225 648 Et
1246 585 1348 650 sancti

149 691 258 767 patres
281 682 392 760 nostri,
416 682 468 763 qni
491 680 645 746 hactenus
667 680 834 751 ecclesiam
856 680 908 746 dei
931 691 1092 762 rexerunt,
1119 683 1241 764 dieunt,
1266 683 1347 766 qnod

150 803 227 849 vera
241 782 411 866 prudentia
426 781 573 846 consistit
594 780 627 844 iu
648 780 769 845 tribus:
784 782 959 863 praeterita
974 782 1146 862 recordari,
1162 784 1347 866 praesentia

149 885 231 951 bene
253 884 438 966 disponere,
462 889 496 948 et
516 882 624 947 futura
644 882 823 966 providere.
846 881 1044 948 Reducamus
1067 901 1143 965 ergo
1166 883 1208 949 ad
1228 902 1346 951 memo

150 985 228 1051 riam
251 1004 298 1064 ea,
321 1002 402 1065 quae
425 982 465 1047 de
487 983 563 1048 Ario
586 983 810 1049 haeresiarcha
831 983 965 1049 maximo
988 983 1203 1067 Hieronymus
1226 992 1345 1063 narrat,

149 1085 268 1165 dicere,
291 1083 376 1164 quod
398 1084 429 1147 in
452 1083 588 1148 ecclesia
609 1083 824 1149 Alexandrina
839 1083 934 1148 Arius
956 1083 1011 1149 ille
1033 1085 1187 1166 quaedam
1209 1084 1348 1151 scintilla

149 1185 224 1265 fuit,
258 1202 340 1266 quiae
363 1201 421 1266 pro
444 1201 497 1263 eo,
531 1183 646 1265 quiea
678 1173 835 1266 principio
867 1200 932 1248 uon
964 1184 1120 1264 erdncta,
1152 1185 1222 1251 fere
1248 1193 1345 1251 totum

148 1285 298 1350 mundum
320 1283 533 1349 inflammavit.
563 1284 629 1349 Nos
652 1285 856 1350 enimomnes
879 1285 1014 1367 praelati
1037 1286 1219 1368 praecipue,
1244 1285 1286 1352 ad
1301 1303 1346 1351 so

149 1385 214 1449 lum
247 1385 339 1450 deum
362 1392 396 1449 et
418 1384 553 1450 salutem
586 1384 695 1466 populi
725 1385 880 1450 babentes
910 1389 1098 1466 respectum,
1127 1387 1213 1451 omui
1236 1386 1346 1468 tepidi·

150 1488 217 1549 tate
244 1491 368 1550 remota
389 1492 536 1551 tenemur
558 1485 590 1549 iu
613 1485 676 1550 isto
704 1485 750 1550 sic
771 1486 860 1566 gravi
883 1485 1064 1551 discrimine
1086 1492 1232 1551 mutuum
1256 1487 1343 1553 uobis

149 1585 317 1650 consilium
350 1591 383 1651 et
404 1585 555 1651 auxilium
578 1585 743 1667 praebere.
788 1585 932 1652 Viriliter
961 1604 1037 1667 ergo
1059 1586 1145 1666 agite
1169 1594 1202 1652 et
1224 1587 1344 1652 consor-

150 1690 237 1750 tetur
259 1704 313 1750 cor
336 1694 490 1760 vestrum,
526 1687 601 1767 qnia
627 1685 844 1751 indubitanter
872 1686 1064 1752 universitas
1086 1688 1256 1752 veritatem
1277 1687 1344 1753 fidei

150 1803 276 1868 semper
299 1792 482 1852 constanter
504 1786 664 1851 sustinere
690 1787 872 1863 cousuevit;
895 1791 928 1851 et
943 1806 1000 1852 nos
1023 1805 1133 1852 omues
1155 1788 1202 1853 ita
1224 1788 1344 1853 ferven-

151 1891 200 1950 ter
223 1905 281 1968 per
302 1887 353 1951 dei
375 1887 509 1968 gratiam
532 1886 694 1951 vobiscum
721 1886 916 1961 laboramus,
949 1887 1034 1968 qnod
1055 1887 1088 1952 in
1112 1887 1200 1952 brevi
1224 1906 1343 1954 reseca·

150 1986 269 2052 buntur
301 2006 413 2053 carnes
446 1987 593 2068 putridae
617 1993 649 2052 et
679 1987 847 2068 abjicietur
869 1987 937 2052 ovis
960 1987 1117 2060 morbida,
1152 2006 1192 2051 ue
1215 1988 1343 2070 amplius

150 2085 270 2154 inficiat
292 2106 431 2168 gregem.
455 2087 571 2153 Cetera
596 2088 759 2171 supplebit
781 2088 864 2153 idem
881 2090 994 2154 Petrus
1017 2088 1100 2154 lator
1120 2088 1343 2171 praesentium,

150 2187 204 2267 qni
227 2193 276 2251 est
298 2205 379 2252 unus
401 2188 502 2252 bonus
530 2193 563 2251 et
585 2187 693 2252 valens
715 2189 808 2254 homo
832 2195 865 2253 et
886 2189 1019 2253 multum
1042 2189 1340 2254 recommendandus

151 2292 285 2368 propter
306 2288 442 2368 labores,
466 2306 544 2368 quos
567 2288 600 2352 iu
626 2308 721 2353 causa
743 2287 815 2353 tidei
839 2288 976 2353 sustinet
998 2289 1044 2354 ita
1065 2288 1202 2353 viriliter
1224 2296 1258 2354 et
1279 2287 1341 2353 dili·

150 2393 273 2467 genter.
296 2389 384 2452 Deus
398 2388 600 2469 omnipotens
622 2406 678 2454 vos
697 2389 835 2455 feliciter
849 2389 1016 2468 custodiat,
1040 2393 1076 2452 ut
1089 2389 1221 2472 optatis.
1243 2387 1340 2470 Serip

152 2493 218 2552 tum
251 2487 392 2568 Parisiis,
424 2488 475 2553 die
497 2488 604 2554 XXVI
626 2490 744 2554 mensis
777 2488 975 2571 Septembris
996 2488 1075 2556 ad.
1099 2488 1272 2554 M⁰cccc⁰
1291 2488 1339 2552 dc·

151 2587 231 2653 cimo
253 2594 376 2668 quarto.
957 2618 965 2633 ·

272 2720 379 2787 Simon
406 2721 584 2786 Cardiualis
607 2721 772 2787 Remeusis
799 2728 886 2786 totus
908 2728 1024 2802 vester,
1048 2742 1142 2789 maon
1165 2722 1302 2806 propria.
