2992 5258
411 413 457 467 lV.
475 413 516 466 Dc
534 413 572 466 ld.
588 413 614 467 J.
633 412 692 465 llus
710 412 851 467 audientia
868 412 910 466 die
926 415 943 467 8
959 412 1042 467 Junii.
1259 415 1321 482 297

107 621 231 694 ‹yuabit
251 634 376 691 regnum
397 617 552 676 coelorum.
597 616 636 675 Et
656 617 756 675 Lucae
770 612 829 675 lX⁰
850 625 880 675 et
901 616 947 674 Χο
967 618 1047 675 idem
1068 623 1157 688 patet.
1180 618 1220 676 Et
1240 622 1322 689 patet

103 720 213 777 etiarn
237 736 293 790 per
312 719 428 776 beatum
441 717 631 790 angustinum
663 717 690 774 in
714 717 837 788 prologo
860 733 976 774 suorum
999 733 1178 790 sermonum,
1207 718 1255 790 qui
1277 718 1320 776 di·

99 821 183 879 cit:
205 819 297 877 Pauci
319 826 387 876 sunt
402 817 580 883 sacerdotes,
602 816 650 887 qui
672 817 792 874 veritum
808 818 854 875 dei
874 819 953 887 juste
970 819 1148 888 praedicant,
1172 819 1224 877 sed
1240 818 1321 876 multi

111 928 207 991 sunt,
231 920 281 992 qui
311 919 516 977 damnabiliter
544 923 650 975 tacent.
694 916 734 974 Et
753 914 838 974 'idem
864 916 973 975 ibidem
1000 918 1059 975 late
1088 919 1241 978 deducitur
1269 936 1323 991 per

103 1021 247 1078 'lreatum
269 1018 477 1092 Hieronymum
500 1033 589 1088 super
603 1018 710 1077 Erech.
735 1020 760 1085 3,
783 1024 814 1076 ct
835 1034 888 1089 per
910 1018 1026 1076 beatum
1039 1019 1213 1092 Gregorium
1227 1020 1320 1090 iupa·

83 1121 230 1179 storali
253 1119 324 1192 cap⁰
347 1122 394 1177 15.
430 1118 470 1177 Et
492 1119 559 1178 dist.
590 1120 637 1174 43.
661 1117 705 1175 Sit
732 1126 837 1179 rector.
882 1119 921 1177 Et
942 1135 996 1190 per
1022 1119 1138 1177 beatum
1165 1119 1320 1191 Isidorum,

98 1220 206 1278 libro
229 1217 265 1278 3⁰
286 1220 323 1277 de
345 1235 456 1277 summo
479 1219 573 1291 bono,
607 1233 729 1290 quorum
750 1219 939 1277 auctoritates
968 1226 1036 1277 sunt
1056 1220 1087 1276 iu
1115 1225 1196 1278 textu
1217 1218 1319 1277 libelli,

100 1321 174 1379 Ad
199 1320 357 1378 secundam
390 1318 561 1390 particulam
583 1318 689 1375 dicitur
718 1318 797 1376 circa
818 1316 918 1375 finern:
949 1319 995 1376 Ex
1024 1320 1081 1377 isto
1114 1325 1210 1390 patet,
1244 1318 1321 1391 qnod

95 1421 303 1493 jnraedicare
333 1419 493 1487 sacerdoti,
523 1424 553 1475 et
585 1417 780 1490 elemosynam
809 1419 880 1476 dare
907 1419 1004 1487 diviti,
1038 1436 1096 1476 nou
1135 1425 1203 1478 suut
1229 1433 1322 1491 opera

96 1520 233 1590 xnedia,
256 1520 310 1579 sad
331 1521 476 1578 mandata.
519 1516 650 1577 Ulterius
672 1525 761 1590 patet,
784 1519 862 1590 qnod
885 1519 908 1577 si
933 1535 1010 1590 papa
1030 1519 1078 1576 vel
1099 1519 1174 1577 alius
1195 1533 1321 1590 praepo·

118 1621 206 1679 situs
230 1621 349 1679 mandat
370 1620 517 1678 sacerdoti
538 1635 596 1677 non
619 1619 791 1690 praedicare
819 1621 861 1678 sic
883 1619 1040 1690 disposito,
1072 1625 1104 1677 ut
1130 1619 1238 1678 dictum
1267 1623 1321 1687 est,

85 1721 170 1779 vel
193 1736 255 1779 non
276 1720 346 1778 dare
370 1719 554 1792 elemosynas
576 1719 673 1787 diuiti,
696 1735 753 1776 non
776 1719 865 1777 debet
887 1720 1019 1778 subditus
1043 1719 1163 1778 obedire
1185 1735 1221 1779 ac.

226 1817 297 1893 Quae
322 1819 413 1892 linito
439 1824 468 1879 et
495 1818 570 1879 lecto
591 1818 744 1897 niiayieter
765 1816 868 1878 ‹lta-it:
888 1817 938 1883 Ita
960 1836 1019 1897 ego
1042 1835 1119 1882 voco
1143 1835 1320 1882 excommu-

94 1918 320 1982 nicationem
341 1925 544 2000 praetensam
558 1917 708 1999 injustam
730 1924 763 1982 et
784 1917 1004 1997 inordinatam,
1035 1926 1146 1982 contra
1164 1916 1245 1999 juris
1268 1934 1320 1981 or-

98 2017 234 2084 ‹linem
272 2019 368 2083 latam
406 2024 439 2082 et
475 2025 586 2083 contra
618 2018 670 2082 dei
697 2024 918 2100 praeceptarum
952 2024 1085 2100 propter
1112 2016 1196 2082 illam
1218 2016 1264 2081 sic
1286 2020 1321 2080 ut

99 2118 343 2203 praemittitur
368 2119 518 2183 sacerdos
549 2119 723 2200 dispositus
753 2136 816 2181 nou
843 2118 939 2182 debet
969 2136 1096 2183 cessare
1118 2138 1137 2183 a
1159 2117 1321 2182 fructuosa

96 2217 374 2303 praedicatione,
396 2237 455 2283 nec
477 2219 571 2284 talem
594 2219 706 2283 timere
722 2216 859 2283 linaditer
874 2218 913 2282 ad
929 2218 1170 2283 damnationem.
1207 2216 1321 2279 Erilli

107 2318 307 2400 objecerant,
329 2318 415 2400 quod
436 2318 509 2382 talis
531 2319 811 2383 excommunicatio
828 2326 878 2384 est
892 2319 1081 2384 benedictio.
1110 2319 1159 2381 Et-
1173 2318 1322 2400 mcyieter

102 2419 306 2499 respondit:
330 2418 449 2482 Verum
472 2425 530 2499 cst,
554 2427 587 2483 et
608 2419 710 2483 adime
732 2418 811 2500 dico,
835 2418 919 2500 syarod
942 2418 1231 2497 excommunicatio,
1259 2436 1321 2498 qua

109 2520 198 2599 quis
220 2520 337 2601 injuste
360 2518 658 2597 excommunicatur,
682 2526 731 2585 est
753 2520 798 2583 illi
813 2519 995 2585 benedictio
1018 2538 1123 2584 coram
1139 2519 1209 2600 deo,
1229 2520 1321 2602 juxta

103 2618 204 2685 illud
227 2620 419 2702 prophetae:
443 2616 627 2682 llaledicam
649 2616 924 2682 benedictionibus
947 2620 1079 2697 vestris,
1106 2627 1140 2685 et
1172 2618 1319 2685 maledic·

108 2717 265 2784 tionibus
287 2718 472 2783 benedicam
493 2733 531 2781 rc.
560 2715 603 2780 Et
624 2716 717 2780 illud:
739 2716 806 2799 Ipsi
828 2719 1027 2797 maledicent,
1049 2726 1083 2785 tu
1099 2726 1205 2784 autem
1219 2719 1320 2784 bene-

112 2816 224 2902 dices
260 2819 309 2882 Et
331 2817 509 2880 cardinalia
530 2818 737 2879 Florentiam
759 2818 859 2880 dicit:
896 2820 1014 2883 Tamen
1036 2820 1106 2900 jura
1128 2827 1211 2899 silut,
1235 2816 1320 2901 quod

114 2918 222 2985 etiarn
247 2919 367 3001 injusta
396 2917 676 2982 excommunicatio
708 2923 758 2981 est
785 2917 933 2982 timenda.
977 2920 1025 2981 Et
1047 2921 1198 3001 maylster
1219 2920 1320 2980 dixit:

120 3015 248 3084 Yerum
270 3024 328 3101 est,
353 3038 423 3084 cum
436 3019 500 3082 siut
522 3025 592 3082 ecto
609 3018 675 3082 lere
698 3037 821 3098 canisae,
845 3026 977 3101 propter
999 3038 1077 3100 quas
1099 3029 1151 3084 est
1172 3018 1319 3085 timenda.

111 3113 328 3182 Ca-rdinolie:
352 3118 469 3184 Etuon
484 3127 559 3183 sunt
575 3117 711 3199 plures?
743 3118 903 3199 Mupistcr
925 3118 1027 3181 dicit.-
1048 3120 1127 3191 Stat,
1150 3120 1234 3200 quod
1255 3119 1320 3184 siut

112 3215 222 3284 etiam
245 3221 355 3301 plures
376 3237 413 3283 rc.

222 3407 270 3463 24.
296 3401 453 3481 „Quilibet
473 3402 692 3481 praedicantis
714 3402 851 3482 efficium
873 3404 997 3482 occurit,
1032 3403 1084 3482 piri
1115 3401 1161 3463 ad
1174 3402 1318 3463 sacmele-

104 3493 208 3563 tirum
228 3505 365 3574 accessit,
397 3484 429 3564 ei
447 3502 513 3583 &aas
535 3502 725 3564 inundatum
754 3502 838 3564 debet
860 3505 973 3582 crepui,
1005 3504 1320 3565 excommunicatione

93 3608 293 3666 praetensa
314 3622 378 3664 aon
401 3604 557 3664 obstante“
583 3601 650 3683 (ea0
671 3608 712 3667 20
734 3600 788 3684 Η.)

222 3710 290 3776 Ista
303 3712 480 3794 propositio
495 3730 558 3776 nori
575 3717 640 3776 stat
654 3711 700 3775 sic
715 3711 747 3774 in
762 3711 854 3790 libro,
870 3711 926 3775 sed
941 3712 1043 3791 aliter,
1058 3713 1141 3777 sieut
1156 3714 1317 3793 sequitur:

226 3823 296 3882 Cum
318 3838 387 3894 ergo
411 3839 448 3880 ex
466 3824 525 3893 Jam
549 3822 635 3879 dictis
658 3821 780 3894 quilibet
795 3821 1026 3892 praedicationis
1044 3822 1168 3881 odicium
1185 3823 1222 3881 de
1238 3840 1318 3881 man·

93 3904 199 3979 dato
219 3924 340 3995 accepit,
363 3923 411 3995 qui
433 3922 472 3980 ad
493 3922 687 3982 sacerdotium
710 3922 834 3989 accedit,
857 3929 938 3994 patet
960 3924 1038 3996 quod
1058 3924 1131 3981 illud
1154 3923 1318 3980 illaudatum

90 4003 218 4081 debet
238 4026 357 4096 exequi,
381 4023 677 4082 excommunicatione
701 4029 859 4094 praetensa
879 4040 938 4081 non
962 4023 1107 4082 obstante.
1150 4023 1223 4080 Item
1246 4022 1318 4079 nulli

91 4115 201 4178 vero
222 4123 364 4182 catholico
386 4125 460 4182 verti
483 4123 572 4181 debet
592 4124 622 4181 in
645 4123 778 4193 dubiam,
810 4124 876 4195 quin
907 4123 992 4181 homo
1022 4124 1052 4180 iu
1083 4123 1215 4180 doctriua
1236 4120 1317 4179 sulii-

91 4204 211 4279 ciens
232 4225 270 4282 sit
290 4223 448 4294 obligatior
470 4224 507 4281 ad
530 4224 692 4281 docendum
715 4225 841 4295 ignaros
877 4224 914 4281 ad
937 4223 1145 4282 consulendum
1167 4221 1318 4294 ambiguis

94 4309 156 4367 ad
193 4325 387 4397 castigandum
416 4324 542 4382 cllrcncs
565 4331 594 4381 et
622 4325 826 4382 remittendum
857 4324 1078 4396 injuriantibus,
1108 4338 1192 4395 synam
1221 4322 1319 4394 aliquo

97 4414 223 4478 ”nera
242 4424 461 4482 misericordiae
485 4424 718 4494 impendendum.
742 4424 811 4483 Cum
834 4440 904 4496 ergo
928 4422 1075 4480 sufficiens
1098 4424 1134 4480 ad
1150 4423 1317 4480 ministran-

99 4498 202 4575 ‘llltu
222 4523 402 4598 elemosynas
438 4526 605 4595 corporales
635 4532 770 4582 teneatur
802 4526 839 4583 ad
861 4526 927 4582 illas
958 4523 1011 4581 sub
1033 4539 1129 4594 poena
1158 4523 1319 4581 damuatio-

100 4604 236 4681 111st
256 4631 338 4696 patet
359 4625 401 4683 Μ’
428 4627 474 4694 25,
497 4626 586 4683 multo
609 4627 700 4698 magis
723 4627 760 4685 ad
783 4627 967 4700 elcnrosyxms
991 4624 1155 4696 spirituales
1177 4640 1212 4683 ac.
