2992 5258
301 117 342 169 25.
378 112 505 168 Instrum.
522 114 700 182 notanpubl.
719 114 753 169 de
770 115 839 168 Husi
856 116 1045 185 appellatione.
1208 121 1273 185 389

79 317 179 391 legisti
200 324 231 377 et
252 319 360 377 exemti
391 333 446 389 per
477 319 577 378 sedem
598 320 790 393 apostolicam
814 321 852 379 ab
868 320 1001 379 omuibus
1020 320 1167 393 judicibus
1190 320 1270 379 ordi-

80 420 180 488 nariis,
202 419 289 478 etiam
310 417 417 491 legatis
443 419 530 491 natis,
559 420 717 477 autetiam
739 420 881 492 delegatis
904 436 958 479 sou
987 419 1194 494 subdelegatis,
1216 408 1271 491 per

79 509 269 594 quaecunque
307 518 452 591 rescripta
483 535 501 576 a
541 520 611 578 sede
642 520 808 593 apostoliea
839 520 992 594 praedicta
1028 520 1191 591 impetratis
1222 521 1269 578 vol

77 622 268 693 imposterum
296 619 508 691 impetrandis,
541 620 571 676 iu
600 620 734 679 omnibus
762 621 875 692 causis,
905 620 1021 691 juribus
1050 625 1080 677 et
1106 618 1270 677 actionibus

76 721 220 789 civilibus,
243 719 449 787 criminalibus,
472 719 653 777 secularibus
676 719 723 778 vel
745 719 876 792 profanis
899 727 928 778 et
949 719 1015 778 aliis
1036 719 1126 778 rebus
1150 717 1269 791 quibus-

76 836 202 895 cunque,
229 820 381 891 dictosque
398 818 489 877 libros
505 825 535 877 et
550 818 629 878 dicta
639 819 680 878 M.
695 821 819 879 Joannis
841 819 951 878 Wiclci
969 819 1120 890 praedicti,
1143 819 1219 878 sicut
1240 826 1272 877 et

75 920 152 979 alios
176 920 267 977 libros
296 933 492 994 quoscunque,
523 918 648 977 civiliter
674 919 832 978 habeamus
861 925 891 977 et
912 919 1124 990 possideamus,
1155 920 1267 992 magnis

75 1018 237 1087 laboribus,
264 1018 396 1090 pecuniis
417 1025 447 1076 et
473 1018 636 1089 sumptibus
659 1033 712 1089 per
733 1035 787 1077 nos
810 1025 924 1091 emptos
946 1024 977 1076 et
999 1019 1205 1095 comparatos)
1229 1019 1268 1077 ad

76 1125 208 1178 sanctam
231 1118 330 1176 sedern
352 1118 545 1189 apostolicam
567 1126 634 1177 tuno
656 1119 875 1190 provocavimus
892 1125 922 1176 et
936 1119 1161 1190 appellavimns;
1183 1125 1271 1190 prout

74 1219 150 1278 baec
179 1219 283 1287 omnia,
310 1235 372 1278 cum
400 1217 466 1276 aliis
495 1219 708 1290 gravaminibus
737 1218 982 1287 intolerabilibus,
1009 1218 1155 1290 infamiis,
1185 1234 1269 1277 scan-

73 1320 153 1380 dalis
184 1325 214 1377 et
239 1319 353 1391 iniuriis
382 1318 626 1377 christianissimo
649 1334 740 1391 regno
762 1318 921 1376 Boberniae
949 1326 979 1376 ct
1000 1321 1064 1391 ejus
1086 1335 1213 1377 coronae
1234 1334 1269 1376 ac

73 1420 163 1479 nobis
191 1434 246 1491 per
275 1419 383 1477 dictum
404 1417 441 1476 D.
463 1417 647 1491 Sbyuconem
670 1419 756 1477 nullis
778 1420 887 1478 nostris
910 1419 1095 1493 exigentibus
1119 1419 1268 1477 demeritis

73 1518 161 1579 lacus
184 1518 335 1588 stilletis,
363 1519 393 1576 in
425 1518 623 1589 appellatione
645 1534 700 1590 per
721 1535 774 1576 nos
796 1521 979 1592 interposita,
1003 1519 1034 1594 (a
1055 1537 1112 1593 qua
1133 1537 1186 1579 nos
1209 1536 1268 1579 non

73 1619 247 1688 recessisse,
283 1634 339 1676 nec
369 1618 509 1676 recedere
538 1618 613 1676 velle
640 1618 757 1690 publice
788 1625 998 1690 protestamur,
1035 1627 1064 1678 et
1096 1636 1180 1692 quam
1213 1636 1268 1691 pro

63 1716 283 1792 justificatione
309 1719 476 1790 praesentis
504 1719 712 1790 appellationis
740 1719 795 1777 bic·
816 1719 852 1777 de
873 1719 965 1777 verbo
987 1719 1025 1778 ad
1047 1720 1167 1778 verbum
1188 1721 1267 1778 inse·

71 1820 184 1879 ruimus
213 1826 243 1878 et
271 1835 325 1891 pro
346 1819 459 1878 inserta
486 1820 618 1878 volumus
648 1819 779 1897 habere)
808 1820 923 1892 planius
951 1826 982 1879 et
1003 1820 1173 1892 expressius
1194 1836 1265 1879 con-

75 1920 214 1980 tinentur.

176 2019 300 2077 Demum
337 2019 536 2093 appellatione
576 2019 729 2090 praedicta
768 2021 799 2079 in
838 2021 919 2080 curia
940 2019 1074 2078 Romana
1112 2020 1268 2094 pendente,

79 2121 248 2195 praedictus
269 2119 307 2178 D.
328 2119 448 2193 Sbyueo
472 2119 712 2192 archiepiscopus
739 2136 776 2178 ex
802 2121 1007 2179 commissione
1036 2120 1114 2178 sedis
1149 2127 1269 2193 aposto-

80 2218 152 2280 licas
174 2236 230 2292 per
250 2220 443 2278 reverendum
464 2225 576 2291 patrem
598 2219 635 2278 D.
657 2220 815 2278 Heuricum
831 2219 984 2278 Crunrbart
1006 2220 1042 2278 de
1064 2219 1270 2289 Westerboltz,

80 2321 227 2393 utriusqus
246 2319 322 2391 juris
345 2318 502 2389 doctorem,
524 2320 666 2378 decanum
688 2320 782 2378 sancti
802 2320 939 2378 Andreae
962 2320 1176 2388 coloniensem,
1198 2335 1269 2393 apo-

81 2419 173 2480 stolici
194 2436 348 2479 causarum
369 2420 524 2492 auditoris,
546 2422 584 2479 ad
605 2421 773 2480 instantiam
796 2422 891 2479 nostri
911 2420 1062 2479 adsedem
1078 2420 1270 2491 apostolicam

78 2517 180 2580 citatm
201 2521 314 2579 exstitit
335 2527 367 2579 et
386 2527 521 2592 vocatus;
549 2520 687 2580 inhibens
714 2527 928 2594 consequenter
953 2537 1008 2592 per
1037 2537 1104 2578 suas
1134 2526 1270 2592 patentes

24 2658 29 2667 .
78 2613 178 2680 literas
200 2621 279 2678 dicto
301 2620 337 2683 D.
359 2620 506 2693 Sbyneoui
530 2628 559 2679 et
587 2623 652 2694 ojus
681 2619 871 2690 officialibus,
899 2637 933 2679 ac
960 2620 1025 2679 aliis
1042 2637 1095 2678 sua
1120 2621 1268 2678 interesse

76 2721 254 2789 putantibus,
281 2721 384 2779 eadern
411 2720 583 2779 auctoritate
615 2721 787 2791 apostoliea,
816 2737 851 2778 ne
882 2736 937 2794 per
965 2737 997 2779 sc
1026 2719 1072 2778 vel
1101 2736 1156 2791 per
1180 2719 1269 2777 alium

73 2828 130 2876 seu
161 2822 235 2880 alios
265 2821 368 2893 quovis
395 2820 481 2878 ruodo
511 2819 625 2892 publice
653 2820 700 2878 vel
722 2820 843 2891 occulte,
865 2821 976 2879 directe
999 2819 1045 2879 vel
1065 2819 1217 2889 indirecte,
1237 2820 1269 2877 in

67 2914 263 2993 vilipendium
279 2920 518 2993 litispendentiae
541 2926 570 2978 et
587 2919 821 2991 jurisdictionem
844 2936 933 2990 suam,
958 2937 992 2979 ac
1013 2921 1044 2978 in
1057 2918 1268 2993 praejudicium

57 3022 213 3078 bostrom
235 3021 387 3094 quicquam
408 3026 552 3078 attentare
575 3021 621 3078 vel
642 3037 785 3078 renovare
814 3026 982 3093 praesumat
1002 3020 1048 3080 vel
1069 3025 1268 3093 praesurnant3

55 3120 161 3183 ‘luod
192 3121 218 3181 si
250 3136 336 3179 secus
369 3119 477 3179 lactum
509 3119 605 3192 luerit,
622 3122 711 3194 ·quod
737 3127 828 3179 toturn
858 3137 1006 3191 revocare,
1037 3128 1069 3180 et
1098 3121 1129 3178 iu
1162 3125 1268 3177 statum

47 3216 231 3281 trisenon
263 3221 438 3280 auctoritate
470 3221 634 3293 apostolica
671 3223 814 3280 reducere
847 3222 973 3293 curabit,
1006 3221 1061 3281 deo
1095 3227 1125 3279 et
1152 3220 1269 3294 justitia

44 3321 233 3381 medanto.

176 3421 258 3480 Haec
285 3421 384 3479 omnia
412 3427 443 3479 et
463 3421 580 3494 singula
600 3422 665 3496 ipse
687 3422 724 3481 D.
748 3423 865 3497 Sbynco
887 3420 1127 3494 archiepiscopus
1150 3421 1273 3499 minime

42 3522 180 3580 curans
213 3526 243 3579 et
276 3521 440 3595 advertens,
468 3528 565 3580 certos
594 3539 662 3579 suos
689 3523 810 3581 nuncios
832 3528 863 3582 et
883 3528 1089 3594 procuratores
1112 3521 1264 3595 speciales,

42 3619 207 3680 veritatis
235 3626 265 3679 et
288 3622 420 3693 jnstitiae
452 3622 592 3694 aemulos,
620 3623 831 3707 discordiarum
859 3624 957 3695 utique
985 3623 1185 3689 seminatores,
1208 3636 1265 3678 non

47 3712 194 3778 Publice
211 3722 264 3780 sed
280 3720 401 3788 occulte,
416 3721 453 3778 ad
470 3722 578 3781 orariam
594 3722 752 3779 Romanam
769 3722 904 3794 dirigens,
921 3720 1063 3793 quandam
1079 3727 1265 3791 praetensam

48 3801 185 3878 bullam
213 3826 244 3879 et
272 3821 471 3891 surreptitiaur
508 3839 561 3892 per
590 3823 692 3880 nimias
723 3828 752 3879 et
784 3823 963 3894 importunas
997 3837 1101 3894 preces
1136 3818 1264 3876 sinistris

50 3903 331 3980 informationibus
359 3929 389 3980 et
409 3922 543 3995 malignis
567 3922 806 3993 persuasionibus
827 3930 914 3981 vento
937 3921 1113 3980 adulationis
1136 3928 1165 3976 et
1184 3934 1264 3975 men·

56 4002 199 4080 (laclia
228 4030 345 4081 sanctae
375 4023 531 4080 memoriae
561 4024 678 4081 domino
700 4022 737 4079 D.
758 4022 927 4085 Alexandro
955 4023 1054 4080 divina
1081 4020 1265 4092 providentia

59 4117 158 4185 Papa
183 4123 290 4195 quinto,
318 4123 361 4181 sic
388 4131 419 4181 nt
445 4124 640 4196 praemittitur
669 4122 797 4195 inducto,
819 4122 908 4181 tacita
929 4123 1052 4180 veritate
1074 4128 1104 4180 et
1126 4127 1265 4194 suggesta

68 4200 218 4289 falsitate,
239 4223 269 4279 in
291 4223 480 4297 vilipendium
502 4223 739 4294 litispendcntiae
762 4227 792 4280 et
809 4221 1021 4295 jurisdictionis
1044 4220 1112 4279 dieti
1133 4220 1169 4278 D.
1184 4220 1263 4280 Hen-

68 4302 138 4374 ῑίῡὶ
164 4323 300 4383 auditoris
328 4333 357 4383 ct
384 4325 414 4382 iu
444 4325 654 4397 praejudicinm
676 4331 816 4397 nostrum,
838 4328 904 4381 aute
927 4322 1078 4380 terminum
1101 4338 1155 4395 per
1176 4336 1261 4393 prae·
