2992 5258
153 392 215 455 352
396 385 600 440 eonnoversiae
618 384 652 439 de
669 385 800 453 religione
818 387 845 440 in
863 385 1004 441 Bolromm:
1025 387 1102 441 1409:

154 608 222 655 eam
254 588 294 656 ab
326 588 395 654 aliis
429 587 531 653 tribus
564 587 744 653 nationibus
767 588 909 654 dividere
931 587 1035 671 quoad
1057 588 1120 655 ista
1140 593 1175 655 et
1195 605 1351 670 separare

153 692 208 771 ita,
231 689 315 772 quod
329 689 400 772 ipsa
414 689 531 755 habeat
556 708 614 754 sua
633 690 774 769 concilia,
794 689 922 770 Judicia
945 691 1089 756 exarnina
1111 695 1145 754 et
1166 688 1352 769 electiones,

154 798 187 856 et
216 792 297 857 aliae
327 797 394 856 tres
428 797 573 857 nationes
596 809 662 856 sua.
686 790 738 856 Sic
758 790 866 855 forsan
890 790 1016 856 domino
1040 790 1237 856 concedente
1251 789 1354 870 magis

153 890 283 972 pacifice
311 897 345 956 et
373 890 481 972 quiete
503 890 714 956 convivemus.
738 890 814 952 Vf²¹¹¹
843 890 963 970 regiam
987 888 1217 956 Celsitudiuem
1233 888 1353 955 altissi-

152 1010 221 1055 mus
251 1007 443 1056 conservare
472 990 623 1072 dignetur
649 990 837 1056 incolumem
860 1008 919 1073 per
941 997 1086 1073 tempora
1107 989 1261 1071 longiora
1279 989 1353 1054 Dat.

153 1092 288 1173 pragae,
321 1092 354 1156 in
375 1091 429 1156 die
451 1091 480 1155 S.
505 1092 703 1170 Dorotbeae‚
737 1090 797 1155 sub
819 1091 981 1156 nationum
1003 1091 1118 1169 trima,
1148 1089 1353 1167 Polouorum,

152 1193 348 1259 Bavarorum
374 1203 405 1258 et
426 1192 585 1259 Saxonum
606 1193 728 1273 sigillis,

353 1327 509 1408 Magistri,
534 1333 665 1408 totaque
698 1325 906 1392 communitas
928 1325 1132 1404 Polonorum,
1153 1323 1354 1390 Bavarorum

453 1434 486 1494 et
507 1427 665 1493 Saxonum
687 1427 865 1507 nationum,
894 1427 1031 1492 Vestrae
1057 1423 1280 1490 universitatis
1293 1423 1353 1489 hu·

453 1529 544 1596 miles
574 1537 729 1596 oratores.

651 1696 850 1705 -.-..--

721 1860 778 1933 13.

151 2052 186 2136 F
190 2055 355 2138 orrnula
374 2051 671 2164 jurisjurandi,
714 2081 798 2161 quo
833 2053 1029 2133 nationes
1065 2045 1350 2132 Germanicae

151 2217 243 2271 sese
264 2187 551 2299 adstringunt,
579 2189 660 2269 nisi
681 2185 932 2268 mandatum
953 2187 1120 2295 regium
1141 2183 1195 2264 de
1213 2180 1350 2265 tribus

151 2321 328 2406 vocibus
355 2321 644 2424 rescindatur,
689 2350 735 2403 se
762 2349 813 2401 ex
838 2321 1114 2401 universitate
1140 2316 1349 2427 Pragensi

550 2455 808 2539 discessurus
842 2483 946 2536 esse.

663 2671 741 2736 (1409
759 2687 780 2724 s.
800 2669 837 2737 d.)

450 2939 495 3003 (E
512 2938 573 2991 Ms.
594 2938 686 2992 eodem
704 2940 846 2991 ataiuerait.
867 2939 1047 3008 Lipsiensis.)

650 3095 775 3103 ——-—...
781 3098 839 3103 —..

250 3212 319 3291 Ego
341 3210 378 3275 N.
401 3211 553 3293 promitto
580 3211 649 3276 sine
664 3209 737 3275 dolo
760 3218 793 3274 et
807 3209 917 3274 fraude
940 3209 1122 3274 nationibus
1145 3206 1346 3283 Polouorum,

150 3309 344 3375 Bavarorum
367 3318 399 3374 et
421 3310 594 3385 Saxonum,
626 3316 659 3374 et
681 3310 811 3374 cuilibet
834 3327 958 3388 aarum,
981 3315 1013 3373 et
1036 3308 1167 3373 cuilibet
1188 3323 1346 3389 personae

151 3410 189 3474 de
212 3411 363 3492 praelatis
385 3409 583 3484 nationibus,
610 3409 669 3482 sub
691 3410 761 3474 istis
784 3419 921 3491 quatuor
943 3410 1056 3492 poenis
1078 3406 1293 3490 infrascriptis
1315 3411 1349 3469 et

150 3511 291 3591 qualibet
314 3528 438 3589 earum,
461 3528 523 3576 non
547 3511 695 3575 obstante
718 3510 790 3591 jure
814 3510 984 3588 communi,
1008 3527 1069 3590 quo
1093 3513 1240 3588 cavetur,
1262 3505 1348 3589 quod

148 3612 182 3674 in
204 3611 316 3694 poenis
337 3611 440 3675 minor
462 3609 660 3693 praejudicat
682 3610 808 3692 majori,
832 3611 898 3676 scil.
921 3610 1071 3693 perjurii,
1094 3610 1348 3675 excommunica·

149 3711 261 3790 tionis,
294 3711 481 3792 privationis
513 3711 643 3777 honoris
676 3717 709 3776 et
747 3717 873 3776 centum
907 3729 1026 3792 sesag,
1060 3710 1145 3790 quod
1175 3717 1346 3791 autequam

148 3811 339 3893 permittam,
363 3811 447 3892 quod
469 3811 556 3877 natio
579 3812 789 3877 Bohemorum
811 3813 843 3876 in
866 3811 1024 3886 conciliis,
1043 3810 1188 3892 judiciis,
1212 3810 1344 3878 electio·

149 3910 252 3988 nibus,
275 3911 470 3976 examinibus
487 3918 520 3977 ot
541 3912 611 3977 aliis
634 3912 896 3994 dispositionibus
923 3918 956 3977 et
976 3912 1101 3978 actibus
1126 3911 1347 3977 universitatis

149 4009 471 4093 Pragensishabeaut
484 4018 549 4077 tres
574 4029 668 4076 voces
684 4019 717 4077 et
738 4013 819 4078 aliae
843 4019 909 4078 tres
932 4013 1078 4078 nationes
1101 4017 1227 4077 tautum
1242 4030 1346 4087 uuam

149 4119 205 4178 aut
226 4111 309 4193 quod
333 4109 388 4176 fiat
409 4112 520 4192 quovis
541 4112 603 4178 alio
628 4111 720 4177 modo
744 4122 856 4178 contra
878 4112 1139 4178 cousuetudinem
1154 4110 1346 4178 laudabilem

149 4213 303 4278 hactenus
326 4214 526 4277 observatam
540 4221 574 4277 et
596 4213 828 4279 ordinationem
855 4215 999 4295 juratam,
1026 4212 1110 4294 qrrod
1132 4213 1243 4293 potius
1253 4212 1346 4280 velim

149 4314 238 4377 exire
270 4312 444 4394 praelatam
477 4313 718 4378 universitatem
740 4322 773 4379 et
794 4334 953 4397 nunquam
976 4315 1016 4380 nd
1038 4333 1107 4380 eam
1129 4330 1227 4378 causa
1248 4310 1348 4378 studii

149 4413 272 4485 redire:
305 4413 379 4494 quia
412 4413 579 4495 permissio
611 4414 704 4478 istius
738 4421 788 4480 est
820 4422 932 4481 contra
949 4417 1145 4495 juramenta,
1179 4429 1263 4493 quae
1284 4409 1344 4477 ieci

149 4514 350 4579 universitati
383 4520 416 4577 et
438 4513 541 4578 tendit
561 4514 594 4576 in
617 4513 864 4580 destructionem
886 4514 1105 4580 universitatis
1131 4518 1166 4578 et
1187 4511 1385 4578 confusio-

148 4631 220 4678 nem
246 4614 337 4695 regni
365 4620 398 4677 et
427 4613 529 4693 regis;
557 4618 715 4678 attentata
737 4619 843 4680 tamen
875 4620 950 4680 ante
983 4631 1145 4680 recessum
1171 4607 1370 4677 sufficieutL
