2992 5258
544 1595 775 1693 narratio.

164 1853 294 1937 Rerum
322 1867 551 1932 hussiticarum
579 1867 688 1933 studio
710 1891 761 1934 me
778 1868 848 1952 jam
869 1869 1014 1954 aprima
1036 1869 1256 1937 adolescentia

61 1967 262 2032 delectatum
288 1988 358 2033 esse
388 1967 529 2054 ingenue
559 1968 674 2034 fateor.
725 1968 830 2046 Quum
859 1992 935 2036 vero
966 1993 1077 2038 earum
1105 1972 1257 2037 notitiam

60 2089 168 2151 usque
205 2067 246 2132 ad
274 2074 387 2132 nostra
424 2075 573 2153 tempora
601 2089 716 2153 parum
745 2069 885 2154 copiosis
920 2092 1101 2156 parumque
1131 2071 1257 2138 idoneis

61 2168 232 2234 literarum
260 2169 455 2252 adjumentis
489 2169 549 2233 niti
577 2189 782 2252 cognossem:
810 2178 936 2237 mature
971 2172 1187 2259 locupletiora
1225 2180 1259 2238 et

62 2270 205 2334 certiora
226 2269 413 2335 testimonia
434 2269 622 2352 quaerenda
648 2290 718 2335 esse
745 2269 888 2337 intellexi
920 2272 953 2337 in
975 2274 1091 2338 tabulis
1113 2280 1146 2338 et
1168 2274 1258 2337 libris

61 2373 303 2452 manasedais,
334 2369 390 2454 qui
419 2370 566 2453 quidem,
597 2391 697 2454 quum
726 2393 785 2456 per
813 2371 879 2438 duo
909 2371 1019 2438 secula
1046 2372 1194 2439 consulto
1223 2380 1258 2439 et

62 2470 145 2535 data
174 2490 274 2555 opera
302 2468 506 2547 delerentur,
528 2469 698 2536 dumtaxat
726 2491 883 2557 prospero
913 2473 1054 2557 quodam
1082 2495 1160 2539 casu
1182 2495 1256 2540 con-

62 2571 182 2636 servati
214 2571 248 2634 in
279 2568 488 2634 bibliothecis
514 2577 557 2635 ‘et
584 2570 755 2638 tabulariis
787 2571 915 2656 aliquot
943 2580 976 2639 et
1010 2574 1197 2640 domesticis
1225 2581 1259 2640 et

62 2670 205 2736 externis
227 2676 409 2755 supersunt.
452 2670 567 2754 ltaque
589 2692 688 2755 quum
720 2672 858 2757 primum
890 2694 976 2739 anno
1000 2678 1079 2740 1823
1104 2674 1138 2740 in
1152 2674 1258 2741 Bohe-

60 2781 128 2845 mia
149 2800 294 2845 versarer
311 2778 514 2864 Pragamque
536 2779 706 2860 venissem,
728 2780 839 2846 statim
860 2781 943 2848 tales
965 2782 1256 2849 rerumhussitica·

64 2901 136 2944 rum
155 2882 262 2946 sontes
285 2900 441 2963 quaerere
465 2886 498 2945 et
519 2880 705 2946 describere
728 2881 837 2966 coepi3
858 2889 960 2966 atque
977 2884 1046 2968 jam
1068 2905 1153 2950 anno
1177 2888 1258 2950 1824

66 2979 143 3044 mihi
177 2980 325 3064 contigit
363 2986 400 3044 ut
434 2978 603 3045 Trebonae
638 2981 704 3063 (cui
733 2981 853 3066 oppido
889 2985 1108 3066 germanicum
1141 3006 1258 3049 nomen

66 3080 244 3165 Wittingau
267 3083 332 3163 est)
354 3081 387 3145 in
410 3080 581 3159 tabulario,
605 3080 693 3164 quod
715 3103 735 3146 a
758 3081 946 3161 clarissima,
969 3106 1053 3167 quae
1076 3083 1153 3150 olim
1172 3085 1257 3167 vige·

64 3181 136 3251 bat,
165 3182 300 3247 Rosensi
328 3181 454 3247 familia
479 3181 645 3247 conditum
673 3203 758 3246 nuuc
780 3183 961 3268 principum
991 3184 1031 3250 de
1053 3184 1257 3250 Schwarzen·

64 3282 144 3364 berg
172 3288 237 3359 ost,
274 3280 561 3367 locupletissimam
590 3290 872 3349 monumentorum
910 3285 1036 3369 copiam
1073 3285 1258 3362 invenirem,

63 3403 147 3464 quae
168 3383 265 3448 rebus
290 3381 400 3447 seculo
413 3382 471 3446 XV
493 3386 525 3446 in
548 3383 707 3449 Bohemia
728 3385 829 3465 gestis
855 3385 1011 3469 majorem
1034 3385 1138 3450 lucem
1153 3383 1256 3464 affert,

65 3504 162 3566 quam
185 3503 295 3548 omnes
318 3483 417 3549 ceteri
439 3482 607 3548 literarum
629 3483 744 3549 sontes.
780 3484 960 3569 Postquam
981 3492 1091 3551 autem
1114 3485 1257 3552 celeber·

63 3583 164 3646 rimus
189 3583 281 3666 regni
303 3583 479 3648 Bohemiae
506 3590 683 3649 conventus
706 3584 757 3648 die
783 3587 820 3651 13
841 3608 882 3649 m.
905 3585 1026 3670 Aprilis
1050 3587 1130 3650 1829
1152 3586 1256 3652 histo·

64 3683 232 3768 riographi
262 3683 438 3749 Bohemiae
469 3705 584 3748 munus
614 3683 692 3748 mihi
725 3685 879 3751 mandare
907 3686 1064 3765 decrevit,
1091 3687 1161 3753 fieri
1192 3708 1258 3752 non

65 3790 210 3867 poterat,
232 3785 310 3868 quin
333 3784 515 3849 studiorum
536 3805 682 3850 meorum
704 3784 783 3850 fines
805 3785 932 3869 longius
955 3787 1132 3872 proferrem
1158 3793 1258 3871 atque

65 3891 169 3949 totam
203 3884 378 3951 Bohemiae
409 3885 578 3950 historiam
610 3885 687 3952 iude
718 3886 760 3951 ab
791 3887 1026 3971 antiquissimis
1057 3888 1257 3973 temporibus

64 4006 167 4068 nsque
189 3986 232 4050 ad
253 3992 417 4051 recentem
439 3991 579 4051 aetatem
602 3986 754 4070 amplecti
777 3988 1015 4054 contenderem.
1053 3989 1156 4066 Quum
1172 4008 1257 4064 vero,

64 4107 149 4169 quae
175 4092 288 4151 nostra
313 4092 422 4152 aetate
447 4109 468 4151 a
492 4108 600 4152 rerum
626 4094 791 4171 gestarum
817 4089 1032 4173 scriptoribus
1049 4090 1123 4173 jure
1145 4093 1257 4171 postu·

64 4186 183 4265 lantm,
206 4187 316 4272 quoad
339 4188 408 4272 ejus
422 4188 491 4253 fieri
514 4194 634 4272 posset
657 4193 825 4272 praestare
839 4189 873 4253 in
894 4190 1035 4255 animum
1051 4189 1257 4266 induxissem,

64 4295 140 4354 ante
172 4289 281 4354 omnia
307 4310 388 4373 opus
420 4296 492 4355 erat
517 4289 549 4354 in
585 4288 768 4371 colligendo
801 4289 1000 4373 amplissimo
1027 4287 1257 4374 diplomatario

67 4390 192 4473 antiqui
214 4390 285 4455 aevi
307 4391 438 4473 versari,
460 4391 603 4474 itemque
624 4389 752 4455 mediae
774 4391 892 4455 aetatis
914 4396 1124 4456 monumenta
1148 4389 1257 4456 litera·

68 4511 136 4554 rum
158 4512 256 4575 quam
283 4491 424 4575 plurima
446 4512 635 4576 congerere,
658 4490 777 4574 quibus
804 4512 856 4556 res
879 4499 991 4575 gestae
1016 4491 1258 4557 illustrarentur

67 4598 166 4674 atque
187 4591 451 4676 explanarentur.
493 4593 607 4676 Itaque
625 4591 694 4675 jam
717 4613 801 4656 anno
827 4595 915 4659 1845.
939 4613 1003 4675 quo
1026 4591 1164 4676 primum
1187 4612 1258 4657 eam
