2992 5258
212 371 273 452 170
455 366 651 426 decusationes
668 371 707 426 M.
724 372 749 426 J.
767 372 826 427 Hua
844 372 958 441 ejusque
974 389 1113 443 responsu.
1130 376 1156 431 3.

210 579 243 644 in
266 577 400 641 diversis
430 577 501 641 aliis
528 578 605 642 locis
633 577 771 641 civitatis
793 576 962 656 Pragensis
990 578 1125 644 diversis
1148 579 1270 644 vicibus
1291 581 1410 644 multos

209 697 337 743 errores
364 684 398 744 ot
425 680 574 743 haereses
601 683 664 742 tarn
688 695 727 740 en
755 677 849 742 dictis
872 678 961 742 libris
983 679 1060 744 dicti
1089 680 1247 760 quondam
1272 681 1409 746 leuntiis

210 779 346 857 Wildefl',
370 798 461 861 quam
479 798 517 843 en
533 798 590 844 sua
605 781 816 861 protervitate
836 785 869 844 et
889 779 1059 845 dolositate
1081 781 1228 860 astruxit
1252 781 1407 859 exercuit,

211 880 386 963 disputavit
408 887 441 945 et
462 899 520 962 pro
544 898 638 961 posse
661 879 812 957 defendit,
834 879 968 945 maxime
991 880 1220 964 infrascriptos.

310 982 376 1043 Hie
396 982 568 1063 instiputor
588 981 741 1044 uniductu·
767 981 932 1058 mentitur,
958 988 987 1043 et
1009 989 1134 1044 tuntum
1155 989 1200 1044 eat
1221 983 1283 1046 sibi
1302 984 1412 1045 minua

210 1082 408 1161 credendum,
432 1083 470 1143 de
484 1089 608 1162 ¹quanto
629 1080 768 1163 amplius
789 1083 940 1144 mentitur
960 1084 1026 1164 ipae
1047 1084 1228 1164 instipator.

309 1185 430 1260 Primo,
458 1182 542 1264 quod
570 1188 644 1264 post
671 1175 942 1248 consecrationem
969 1185 1093 1249 hostiae
1125 1185 1157 1249 in
1179 1184 1274 1250 altari
1303 1191 1413 1251 munet

210 1285 302 1367 panis
324 1284 506 1348 materialis.

310 1385 478 1448 Mentitur.

310 1487 348 1551 lt.
372 1485 456 1567 quod
484 1484 632 1550 sacerdos
656 1485 797 1549 existens
824 1485 856 1548 in
879 1490 1010 1565 peccato
1037 1486 1163 1551 mortali
1192 1504 1255 1551 non
1283 1485 1414 1553 conficit

209 1605 326 1671 corpus
349 1586 477 1652 Christi.

308 1687 476 1751 Mentitur.

310 1788 348 1854 It
371 1787 455 1869 quod
478 1786 697 1872 indulgentiae
719 1806 738 1851 a
760 1787 886 1852 domino
902 1806 984 1869 papa
999 1806 1055 1853 seu
1072 1790 1222 1872 episcopo
1237 1807 1411 1856 concessae

209 1889 288 1955 nihil
309 1889 442 1973 prosint.

310 1990 476 2053 Mentitur.
500 1988 639 2065 Qarondo
668 1988 751 2050 enine
768 2010 858 2070 popu
880 1993 926 2051 uel
946 1991 1106 2070 episcopua
1125 1991 1333 2070 poenitentem
1353 1993 1411 2054 ab·

208 2093 318 2171 uoluit,
345 2092 412 2172 ipae
433 2091 491 2153 dut
512 2091 572 2153 sili
592 2090 825 2173 indutuentiam
844 2099 1043 2172 peccatorum
1063 2089 1333 2167 ministerialium
1353 2091 1412 2155 aed

208 2191 385 2275 pecuniolee
417 2192 650 2274 indulyentiae‚
680 2212 759 2272 puae
780 2192 980 2271 venduntur,
1013 2193 1086 2256 ittae
1106 2193 1141 2255 iu
1163 2194 1323 2274 scripturo
1344 2212 1409 2253 non

210 2296 323 2358 iubent
346 2294 455 2373 ioum,
477 2303 512 2356 ut
525 2295 625 2376 juuto
641 2294 810 2374 peueuium
832 2302 1059 2359 mensurentur.

311 2397 349 2462 lt.
373 2395 457 2477 quod
480 2414 563 2477 papa
584 2396 625 2459 sit
647 2396 873 2460 Antichristus.

312 2496 489 2575 Mendici,
511 2495 567 2558 aed
589 2495 675 2557 diui:
697 2494 953 2576 superponendo
969 2498 1118 2580 beneficia,
1140 2498 1227 2560 sieut
1247 2501 1410 2580 superdueo,

210 2618 328 2660 counio
360 2605 389 2659 et
420 2597 514 2659 aliter
535 2599 570 2659 in
595 2599 733 2661 matun
765 2598 890 2661 Cunero
912 2601 1111 2674 contrarius,
1148 2608 1222 2664 tunc
1243 2608 1287 2664 eat
1311 2602 1409 2666 Anti-

209 2700 361 2763 christus.
393 2696 455 2763 ted
476 2701 577 2779 adsit,
608 2700 690 2780 parad
711 2700 819 2763 exinde
839 2709 1001 2781 aepttotur,
1033 2702 1113 2781 quud
1135 2704 1238 2766 omniu
1253 2724 1346 2784 popu
1367 2703 1409 2765 eit

101 2816 105 2824 ·
209 2804 426 2866 Antichristus
433 2823 445 2877 ,·
465 2805 563 2865 donau
584 2803 667 2863 enim
684 2822 787 2882 popu,
816 2810 852 2863 ut
873 2802 913 2865 S.
943 2803 1224 2884 Greporiaiu-non
1245 2811 1290 2866 eet
1311 2805 1409 2867 Anti·

210 2905 355 2984 eltrietus,
377 2923 431 2966 nec
445 2903 515 2986 suit
535 2924 694 2984 umquam,
715 2911 751 2964 ut
772 2905 912 2966 aestimo.

310 3005 349 3071 It.
372 3005 456 3087 quod
479 3005 620 3070 Romane
643 3005 731 3069 curia
753 3005 795 3070 sit
817 3022 980 3086 synagoga
1001 3005 1146 3071 Satanae.

311 3106 405 3169 Istud
431 3126 495 3166 non
526 3104 595 3167 dico
623 3106 787 3180 assertive,
818 3094 947 3168 aed'sic
975 3105 1085 3168 erudivi
1112 3107 1173 3168 diei
1194 3109 1234 3169 ud
1255 3103 1335 3185 illia,
1358 3107 1410 3189 qui

210 3208 371 3269 ueniebant
394 3205 432 3268 de
453 3208 605 3269 Romano
627 3207 726 3268 ucria.
757 3192 854 3269 Etsi
876 3208 920 3270 ibi
940 3215 1015 3268 aunt
1035 3208 1211 3281 ambitiosi,
1233 3208 1336 3281 omri,
1358 3229 1410 3271 eu·

206 3309 306 3388 prendi,
336 3307 414 3369 unu
437 3307 513 3370 dicit
534 3311 641 3370 deutrus
663 3307 876 3371 Bernhardua
897 3309 932 3369 iu
954 3307 1035 3371 libro
1056 3309 1101 3370 ud
1122 3309 1314 3390 Eupeniuuu
1337 3316 1412 3372 tune

213 3428 317 3469 uuum
338 3415 395 3485 est3
418 3408 473 3470 aed
493 3407 606 3470 exinde
627 3427 691 3470 non
713 3409 862 3488 sequitur,
884 3408 966 3488 cuod
988 3409 1112 3490 quilibet
1133 3410 1269 3472 euntem
1288 3409 1324 3470 in
1343 3409 1410 3472 Ro·

211 3528 308 3570 muno
330 3508 420 3570 curio
441 3508 484 3570 ait
505 3505 619 3569 malua.

311 3608 349 3672 lt.
373 3608 456 3689 quod
483 3610 645 3690 praefatus
667 3610 760 3674 Joan.
783 3609 853 3673 Hus
878 3611 942 3690 Jam
972 3610 1082 3674 dictos·
1105 3616 1138 3675 et
1164 3610 1309 3676 diversos
1331 3610 1411 3676 alios

212 3727 340 3774 errores
363 3709 490 3790 saepius
514 3728 569 3774 ore
592 3709 713 3790 polluto
737 3728 841 3774 coram
864 3710 973 3793 populi
996 3709 1199 3775 multitudine
1222 3716 1255 3775 et
1277 3709 1310 3774 in
1332 3711 1411 3776 locis

213 3816 277 3873 tam
310 3809 444 3890 publicis
474 3828 566 3891 qttam
596 3810 729 3891 privatis
761 3817 794 3875 et
817 3810 952 3876 diversis
976 3809 1097 3875 vicibus
1119 3811 1151 3874 in
1174 3810 1260 3875 dicta
1282 3811 1412 3878 civitate

212 3909 364 3990 Pragensi
387 3909 533 3987 asseruit,
557 3910 661 3976 tenuit
683 3918 715 3976 et
738 3910 889 3976 defendit

295 4009 461 4075 Mentitur.
495 4010 543 4074 Et
563 4012 593 4074 ai
611 4009 768 4093 populus,
804 4012 856 4091 pui
877 4011 1012 4072 uisitauit
1034 4028 1310 4091 sermonumve,
1348 4011 1412 4074 iata

212 4109 348 4190 audiret,
372 4110 496 4185 diceret,
518 4110 599 4193 quod
621 4112 778 4174 utentitur.

312 4211 350 4275 lt.
368 4212 457 4288 dixit.
483 4211 566 4292 quod
590 4213 750 4276 seculares
767 4210 886 4275 debent
905 4208 1031 4275 artferre
1048 4209 1173 4274 clericis
1188 4209 1273 4275 bona
1289 4217 1411 4293 tempo·

213 4311 301 4389 ralia,
324 4318 357 4376 et
380 4311 463 4393 quod
486 4312 546 4376 hoc
567 4319 654 4376 esset
676 4311 882 4375 meritorium.
1093 4374 1098 4394 ‚

313 4411 478 4474 Mentitur.
503 4410 656 4486 Quamuis
672 4410 750 4483 diui,
778 4411 860 4491 pirou
874 4409 1001 4491 querulo
1015 4408 1191 4472 sacerdotes
1211 4407 1326 4472 nolunt
1341 4413 1413 4473 uene

212 4509 321 4588 trivere,
348 4510 403 4571 aed
426 4511 529 4571 uiuunt
551 4508 717 4588 manifeste
738 4509 835 4588 mule,
864 4517 900 4571 ut
921 4516 1054 4571 tenentes
1075 4510 1263 4573 concubinae
1283 4510 1412 4592 publice,

215 4609 353 4673 ludentes
375 4607 514 4686 taxillor,
536 4608 581 4671 ud
592 4609 796 4672 monitionem
806 4611 938 4687 patroni
953 4610 1000 4672 uei
1014 4610 1286 4693 parochianorum
1300 4609 1412 4675 nolunt
