2992 5258
448 425 495 479 111.
513 425 554 479 Dc
572 425 609 478 bl.
627 423 652 477 J.
671 420 729 477 llus
747 422 885 477 audientia
902 420 945 475 dic
962 423 979 475 5
996 419 1078 474 Junii.
1297 422 1359 488 275

174 625 448 694 rstiaAnticbristi
470 625 701 707 dirumpemus;
724 630 758 689 et
780 623 903 701 scitote,
926 625 1000 703 quia
1014 623 1124 703 plures
1140 629 1234 688 errrnt
1249 626 1361 688 contra
1483 698 1487 703 ¹

173 746 216 793 mo
245 728 390 810 episcopi
419 733 452 792 et
480 726 633 807 praelati,
662 743 754 805 quam
781 729 892 789 contra
918 725 1108 788 salvatorem
1138 730 1171 788 et
1201 721 1361 788 dominum

173 836 313 894 nostrum
333 827 443 892 Jesnm
466 824 643 889 Christum“
669 840 706 887 sc.
730 827 766 886 ut
787 822 904 886 ibidem
927 821 1108 885 continetur
1129 837 1166 885 sc.

266 926 356 1006 Cum,
376 933 412 992 ut
422 923 619 1008 praedictum
635 929 692 1001 est,
707 924 775 1002 regi
790 923 853 988 ista
867 922 986 985 domiui
1000 928 1210 988 narraverunt
1225 923 1361 989 seriose:

173 1036 201 1095 et
222 1029 279 1093 ille
301 1030 408 1092 statim
431 1026 516 1090 misit
543 1025 685 1090 illustros
712 1024 874 1105 principes
896 1023 1087 1087 Lodovicum
1109 1024 1255 1088 comitem
1276 1024 1362 1105 pala·

172 1131 269 1195 buum
293 1127 557 1204 deHeldeberga‚
580 1130 614 1189 et
628 1122 824 1188 Fridericum
846 1123 1050 1204 purgravium
1061 1121 1362 1204 Norinbergeusem,

172 1228 323 1295 mandans
351 1245 409 1308 per
437 1225 579 1303 eosdem,
609 1223 694 1304 quod
721 1223 801 1288 nihil
830 1222 1040 1287 condemnent
1066 1240 1126 1288 uec
1152 1222 1310 1290 diffiniant
1329 1226 1364 1290 iu

173 1329 255 1394 dicta
275 1327 452 1403 audientia,
476 1324 533 1389 sed
562 1325 664 1405 ipsum
688 1324 729 1388 ld.
743 1323 898 1388 Joaunom
921 1323 1052 1388 audiant
1078 1325 1246 1405 patienter,
1266 1331 1300 1389 et
1330 1326 1364 1390 in

174 1429 286 1510 quibus
314 1444 421 1492 secum
450 1424 588 1491 finaliter
614 1423 794 1488 resederint
816 1430 850 1487 et
870 1424 1082 1488 remanserint
1103 1425 1256 1503 articulis,
1279 1427 1364 1506 quod

173 1527 243 1593 illos
264 1527 346 1592 deut
366 1526 428 1591 sibi
450 1526 483 1589 iu
505 1525 643 1606 scriptia,
665 1524 789 1606 etipse
811 1524 909 1589 vellet
923 1525 1051 1589 eosdem
1066 1526 1164 1589 certis
1179 1526 1364 1591 doctoribus

174 1628 374 1693 committere
409 1624 624 1690 ruminandos.
669 1625 711 1689 Et
747 1631 881 1706 propter
921 1624 1150 1690 ostendendam
1192 1626 1366 1692 lalsitatem

175 1727 399 1810 excipientium
412 1725 514 1790 dictos
541 1724 693 1789 articulos
706 1723 745 1788 de
768 1723 858 1788 libris
880 1722 956 1788 dicti
974 1725 1016 1788 bl.
1036 1725 1169 1790 Joannis
1192 1725 1311 1791 domiui
1333 1733 1366 1792 et

175 1829 263 1893 aurici
283 1827 335 1890 sui
348 1826 428 1890 inito
451 1823 582 1889 consilio
605 1824 863 1888 deliberaverunt
885 1823 987 1888 dictos
1008 1823 1305 1892 librosbl..10annis
1326 1826 1367 1892 de

175 1946 265 1994 mauu
298 1927 382 2007 eius,
405 1925 554 1990 videlicet
576 1924 717 1988 libellum
743 1923 783 1987 de
805 1923 964 2004 Ecclesia,
992 1931 1026 1990 et
1047 1927 1234 1991 tractatulus
1256 1931 1368 1991 contra

175 2026 368 2094 stanislaum
401 2032 433 2090 et
455 2024 582 2103 Paleou,
615 2025 676 2106 ipsi
709 2024 842 2090 concilio
875 2042 933 2105 per
965 2024 1066 2091 dictos
1097 2026 1259 2108 principes
1291 2032 1371 2091 tunc

173 2128 259 2208 regis
292 2126 424 2190 nuutios
453 2141 524 2188 esse
551 2123 748 2200 offerendos,
771 2125 830 2188 sub
860 2124 923 2189 ista
945 2130 1050 2190 tamen
1071 2125 1260 2206 conditione,
1284 2128 1369 2208 quod

171 2224 428 2307 quandocunque
457 2224 535 2288 dicti
562 2222 681 2288 domiui
710 2230 878 2287 monerent
908 2223 996 2305 ipsos
1028 2226 1206 2307 principes,
1239 2233 1275 2291 ut
1306 2228 1368 2309 ipsi

170 2327 313 2392 ulterius
342 2326 509 2406 requirant
536 2323 718 2402 concilium,
748 2322 832 2402 quod
863 2323 940 2389 dicti
969 2325 1042 2389 libri
1070 2326 1149 2407 ipsis
1171 2327 1367 2408 principibus

166 2425 362 2504 reddantur,
385 2425 478 2489 dictis
500 2423 636 2488 dominis
658 2422 794 2487 ulterius
815 2426 1050 2505 praesentandi.
1087 2426 1178 2502 Quod
1199 2434 1232 2491 et
1253 2425 1369 2492 lactum

164 2534 241 2604 θεὶς
264 2544 339 2591 nam
355 2525 433 2589 dicti
455 2525 614 2607 principes
633 2524 698 2603 Jam
719 2523 751 2586 iu
774 2522 1008 2604 praeseutiabl.
1021 2525 1155 2590 loannis
1168 2527 1269 2591 dictos
1286 2535 1369 2593 trac-

160 2628 296 2692 tatulus
329 2626 462 2691 concilio
491 2630 735 2706 praesentantes
764 2624 930 2703 abierunt,
960 2632 994 2689 et
1022 2625 1105 2691 lacta
1133 2627 1288 2693 relatione
1309 2647 1369 2710 pro

153 2734 270 2804 parte
292 2725 387 2805 regis.
409 2723 657 2789 EtM.Joannes
671 2724 810 2804 acceptis
837 2723 900 2788 illis
928 2727 1115 2805 tractatulis,
1145 2734 1178 2792 et
1199 2728 1277 2809 ipsis
1299 2729 1370 2794 dili-

150 2833 294 2902 genter
323 2824 520 2906 conspectis,
549 2824 635 2905 ipsos
665 2841 790 2904 sursum
820 2825 955 2903 crigens,
984 2825 1146 2891 coufessus
1176 2833 1226 2890 cst
1247 2828 1372 2909 publice

149 2939 251 2988 esse
283 2942 376 3003 suos,
409 2929 443 2989 et
470 2922 573 3002 docto,
604 2923 689 3004 quod
717 2925 749 2988 in
780 2925 826 2988 eis
855 2924 973 3005 aliquid
1006 2926 1128 2990 sinistri
1159 2926 1210 2991 vel
1244 2929 1372 2994 erronei

147 3025 351 3103 posuisset,
373 3029 504 3106 paratus
526 3033 576 3088 est
598 3033 631 3090 ct
653 3032 722 3089 crat
743 3024 904 3088 humiliter
927 3025 1104 3090 emendare.

276 3123 411 3188 Interim
438 3125 654 3205 pronuntiavit
679 3142 763 3188 uuus
790 3123 944 3188 articulos
973 3132 1006 3189 et
1034 3124 1119 3190 dicta
1139 3127 1278 3190 testium.
1321 3125 1371 3190 Ad

148 3229 264 3295 quae
294 3241 365 3288 cum
396 3224 548 3303 magister
579 3223 774 3305 respondero
802 3224 914 3303 vellet,
944 3225 1050 3290 statim
1079 3244 1142 3290 uua
1172 3243 1249 3290 voce
1281 3226 1373 3290 multi

151 3309 286 3398 ilasum
307 3323 401 3388 simul
422 3323 650 3403 inclamabant;
674 3325 727 3404 qui
749 3343 768 3388 a
789 3325 855 3388 suis
877 3330 953 3389 tunc
973 3324 1095 3389 intrare
1117 3342 1180 3389 non
1194 3326 1373 3391 valentibus

157 3423 311 3489 audam
333 3429 391 3503 est,
415 3431 448 3488 et
470 3424 616 3488 binc-inde
639 3433 705 3489 tum
727 3425 768 3490 ad
789 3425 936 3489 dextrum
958 3430 1024 3489 tum
1045 3424 1085 3489 ad
1111 3425 1283 3504 sinistrum,
1306 3432 1374 3490 tum

163 3524 271 3590 *etro
286 3523 528 3589 inclamantibus
544 3527 578 3587 et
593 3541 628 3587 se
641 3523 907 3605 impugnantibus,
923 3523 1120 3606 respondens
1132 3542 1168 3589 se
1179 3525 1375 3604 divertebat;

171 3626 218 3687 et
239 3642 310 3689 cum
330 3623 607 3704 aequivocationes
629 3623 680 3687 vel
701 3622 844 3687 diversas
866 3625 1068 3705 acceptiones
1083 3624 1181 3690 vellet
1196 3626 1376 3707 exprimere

177 3712 417 3791 dictionum‘in
446 3722 588 3788 articulis
617 3723 678 3786 sibi
707 3723 841 3804 objectis
863 3725 1047 3805 positarum,
1070 3743 1149 3806 quos
1171 3732 1376 3808 excerptores
1453 3752 1456 3761 ·

180 3823 224 3888 ad
250 3839 381 3888 sensum
412 3829 599 3887 extraneum
627 3821 688 3886 sibi
717 3824 830 3888 crebro
857 3830 1064 3903 retorserant,
1093 3827 1201 3890 statim
1230 3825 1377 3891 inclamo·

184 3915 298 3991 batur:
321 3922 453 3987 Dimitte
475 3922 680 4004 sophistriam
700 3928 796 4002 tuam,
819 3929 852 3988 et
873 3923 924 3988 dic
944 3925 990 3986 cic
1010 3925 1060 3989 vel
1082 3945 1160 4003 non3
1183 3930 1216 3990 et
1236 3926 1290 3991 alii
1304 3926 1377 3989 irri-

189 4022 307 4091 debant
338 4040 418 4088 eum.
462 4022 540 4087 Cum
559 4041 648 4087 vero
681 4023 889 4088 auctoritates
918 4031 1097 4088 sanctorum
1130 4024 1294 4089 doctorum
1317 4042 1375 4106 pro

191 4124 283 4189 certis
304 4122 435 4205 punctis
456 4123 488 4186 iu
510 4122 653 4187 articulis
675 4123 839 4204 allegaret,
862 4125 1012 4189 contiuuo
1032 4125 1124 4189 multi
1146 4125 1238 4188 simul
1254 4124 1374 4189 succla-

189 4226 323 4302 mabant,
345 4222 498 4300 dicentes,
520 4222 590 4286 illas
611 4240 675 4286 non
697 4222 811 4301 facere,
834 4240 893 4289 nec
914 4234 986 4288 esse
1008 4223 1048 4288 ad
1062 4224 1270 4305 propositum.
1303 4223 1378 4306 Ipse
1418 4266 1422 4274 -

188 4340 262 4389 vero
277 4322 318 4387 ad
333 4328 423 4387 certa
437 4321 496 4386 sibi
512 4320 645 4402 objecta,
656 4321 776 4401 videns,
788 4323 862 4402 quia
875 4323 935 4388 sibi
948 4342 1009 4387 non
1022 4323 1190 4405 prodesset
1202 4322 1378 4405 responsio,

189 4422 324 4488 tacebat.
368 4421 468 4498 Quem
502 4421 610 4486 statim
641 4421 695 4486 alii
726 4421 983 4502 inclamaverunt,
1014 4423 1169 4487 dicentes:
1193 4422 1285 4502 Ecce,
1313 4423 1379 4504 jem

185 4523 287 4588 taces!
311 4521 436 4602 signum
460 4526 518 4602 est,
542 4521 615 4602 quia
638 4521 707 4587 istis
730 4523 891 4587 consentis
914 4523 1085 4587 erroribus.
1128 4523 1171 4587 Et
1200 4522 1246 4587 sic
1267 4523 1378 4588 videns

185 4622 367 4702 tumultum,
389 4627 424 4688 ct
438 4622 512 4704 quia
525 4622 618 4687 nimis
633 4623 665 4687 iu
681 4641 752 4687 eum
763 4623 955 4705 saeviebant,
973 4643 1010 4688 ex
1028 4624 1186 4704 frequenti
1208 4622 1308 4706 priori
1330 4622 1378 4687 eis

1201 4739 1248 4792 rs*
