2992 5258
436 462 577 503 coarcere
594 447 668 516 apud
684 446 784 502 iratres
801 449 928 518 Minores.
963 452 1005 504 88.
1022 452 1063 506 89.
1289 456 1348 519 145

151 650 442 717 confoederationis
471 657 603 733 propter
635 651 787 726 honorem
808 651 1033 733 acquirendum
1055 653 1164 718 seculi.
1201 653 1347 720 Secundo

150 752 283 833 percepi
313 750 486 828 melitera,
518 750 673 832 quomodo
695 751 761 831 jam
783 751 902 815 inimici
927 751 1071 817 veritatis
1101 753 1258 835 incipiunt
1281 759 1348 818 tur-

149 851 231 916 bari.
252 851 361 917 Tertio
384 850 513 934 percepi
526 852 661 918 Vestrae
683 851 834 917 Caritatis
856 850 1009 917 iervidam
1036 855 1265 930 constantiam,
1287 842 1350 936 qua

150 950 344 1034 profitemini
376 951 528 1017 audacter
561 953 747 1029 veritatem,
775 952 901 1033 cognita
929 951 1128 1034 turpitudine
1166 954 1345 1021 meretricis

149 1071 295 1135 magnae.
332 1054 452 1131 Quarto
475 1071 545 1118 curn
567 1053 682 1134 gaudio
697 1052 837 1136 percepi,
860 1052 944 1134 quod
952 1052 1017 1132 jam
1038 1053 1171 1119 vanitati
1194 1052 1293 1119 seculi
1315 1061 1349 1119 et

150 1153 312 1219 laborioso
334 1153 465 1219 servitio
487 1153 583 1218 vultis
598 1150 691 1218 finem
705 1153 878 1235 imponere,
902 1161 935 1219 et
956 1153 1130 1220 domiJesu
1144 1153 1270 1219 Obristo
1293 1153 1348 1220 do·

149 1255 237 1319 mino
266 1255 416 1333 militare3
449 1253 499 1319 cui
528 1255 649 1318 servire
672 1272 807 1335 regnare
831 1259 894 1334 est,
923 1260 959 1317 ut
980 1253 1057 1319 dicit
1079 1253 1263 1337 Gregorius,
1296 1257 1347 1321 cui

149 1354 205 1434 qui
228 1351 365 1418 fideliter
386 1353 495 1432 servit,
523 1353 627 1433 ipsum
648 1353 759 1419 desum
782 1350 943 1419 Christum
966 1353 999 1417 iu
1022 1353 1103 1420 coeli
1125 1356 1231 1437 patria
1251 1354 1343 1420 mini·

150 1460 254 1519 strum
276 1452 414 1533 babebit,
438 1454 507 1536 ipso
532 1453 673 1519 dicente:
699 1453 837 1534 „Beatus
860 1472 981 1535 servus,
1004 1472 1106 1537 quem,
1129 1454 1346 1522 cumvenerit

148 1553 305 1634 dominus,
335 1554 477 1619 inveniet
497 1554 543 1620 ita
563 1555 746 1632 facientem
775 1573 867 1618 amen
882 1553 952 1620 dico
974 1554 1074 1636 vobis,
1106 1555 1190 1638 quod
1211 1572 1348 1637 surgens
1394 1640 1402 1650 ἡ

148 1655 338 1737 praecinget
359 1672 393 1720 se
406 1661 439 1720 et
454 1655 647 1719 ministrabit
669 1654 726 1717 ei.“
752 1653 822 1720 Hoc
833 1671 897 1720 uon
917 1653 1038 1722 iaciunt
1059 1674 1153 1739 reges
1175 1656 1273 1722 seculi
1289 1655 1347 1720 mi·

149 1755 262 1820 nistris
286 1755 368 1834 suis,
396 1755 450 1836 qui
472 1761 536 1819 tam
558 1754 611 1818 diu
634 1772 689 1818 eos
711 1754 813 1819 solum
835 1753 980 1836 diligunt,
1007 1773 1101 1836 quam
1122 1756 1177 1821 diu
1198 1756 1277 1839 ipsis
1292 1774 1343 1821 re-

148 1853 244 1934 gibus
258 1861 334 1920 sunt
356 1854 450 1920 utiles
462 1860 496 1919 et
507 1854 689 1921 necessarii.
732 1853 805 1917 Non
820 1853 867 1919 sic
888 1852 1034 1920 cbristus
1056 1873 1114 1920 rex
1135 1855 1270 1936 gloriae,
1294 1855 1347 1936 qui
1393 1881 1395 1886 ·

148 1955 313 2036 apostolos
343 1956 473 2021 Petrum
498 1961 532 2021 et
558 1954 692 2020 *Paulum
722 1955 887 2021 coronavit
909 1953 1019 2020 bodie:
1041 1955 1172 2021 Petrum
1193 1973 1253 2038 per
1278 1973 1347 2021 cnr·

148 2053 329 2122 cilinionem
358 2062 391 2120 et
412 2056 543 2121 Paulum
565 2075 624 2138 per
646 2055 906 2135 decollationem,
934 2054 1140 2126 introducens
1162 2055 1195 2120 in
1216 2073 1348 2137 regnum

148 2155 299 2221 coelestis
318 2155 451 2236 patriae.
493 2157 590 2220 Petro
605 2161 719 2237 quater
740 2161 904 2221 carcerato
926 2161 961 2221 et
982 2174 1041 2239 per
1054 2155 1202 2237 angelum
1224 2156 1347 2236 educto,

149 2255 248 2321 Paulo
263 2262 314 2322 ter
324 2256 422 2336 virgis
444 2274 547 2334 caeso,
569 2258 668 2322 semel
689 2255 839 2338 lapidato,
860 2255 910 2320 bis
932 2254 1130 2337 naufragium
1151 2274 1255 2339 passo,
1270 2257 1349 2323 duo·

150 2357 209 2421 bus
234 2356 328 2421 annis
351 2356 523 2437 vinculato,
547 2363 581 2422 et
601 2356 819 2439 multipliciter
845 2355 980 2437 afflicto,
1005 2355 1066 2438 ,qui
1087 2355 1166 2422 dicit
1191 2358 1348 2424 scribens:

151 2456 274 2539 „Supra
294 2456 420 2523 modum
435 2457 565 2549 gravati
587 2475 695 2522 sumus
723 2458 776 2536 ita
809 2463 847 2521 ut
868 2455 1013 2522 taederet
1034 2475 1093 2522 nos
1116 2458 1253 2523 vivero.“
1276 2458 1349 2525 Jam

149 2557 349 2622 transierunt
373 2557 479 2623 taedia
506 2568 539 2623 et
569 2563 741 2637 tormenta,
772 2564 806 2623 et
834 2564 1008 2640 supersunt
1032 2555 1157 2624 infinita
1177 2557 1293 2640 gaudia
1315 2564 1349 2624 et

150 2659 216 2724 vita
236 2659 346 2739 quieta
360 2658 579 2741 impassibilia
598 2658 663 2741 Jam
685 2659 801 2724 Petrus
823 2677 894 2724 cum
916 2658 1013 2723 Paulo
1036 2665 1172 2741 regnant
1186 2677 1257 2725 cum
1271 2676 1348 2741 rege

151 2776 299 2840 superno,
318 2759 384 2840 jam
399 2758 560 2823 intersunt
574 2758 680 2825 eboris
702 2758 896 2839 angelorum,
916 2758 982 2840 jam
1004 2757 1113 2824 vident
1134 2776 1242 2840 regem
1256 2776 1347 2824 suum

150 2859 181 2923 in
204 2859 330 2937 decore,
356 2858 421 2939 jam
448 2858 535 2923 nullo
557 2857 740 2923 alliciuntur
762 2857 879 2937 taedio,
900 2857 959 2924 sed
979 2858 1067 2940 pleni
1088 2865 1163 2924 sunt
1184 2859 1348 2925 inenarra-

150 2960 206 3025 bili
232 2957 356 3040 gaudio.
392 2959 459 3040 Ipsi
488 2976 565 3040 ergo
594 2959 724 3040 gloriosi
750 2965 906 3040 martyres
934 2959 981 3023 sic
1004 2959 1106 3039 juncti
1128 2958 1197 3053 regi
1217 2958 1347 3041 gloriae

151 3059 323 3141 dignentur
344 3076 402 3141 pro
423 3058 516 3124 nobis
538 3058 753 3133 intercedere,
784 3065 820 3123 ut
841 3059 982 3140 ipsorum
1003 3057 1120 3124 auxilio
1142 3057 1242 3126 fortes
1262 3059 1348 3138 iacti,

152 3161 247 3227 simus
262 3179 373 3228 eorum
387 3160 508 3242 gloriae
530 3168 703 3240 consortes
729 3159 878 3242 patiendo
901 3159 1072 3239 humiliter,
1096 3158 1249 3241 quidquid
1269 3157 1348 3225 dens

153 3262 349 3344 omnipotens
370 3261 412 3326 ad
432 3268 577 3326 nostrum
598 3262 711 3327 melius
734 3260 915 3328 decreverit
936 3261 987 3326 bic
1009 3277 1068 3325 nos
1089 3261 1165 3343 pati.
1196 3261 1305 3325 Amen

249 3363 338 3444 Rogo
352 3361 455 3428 adbuc
475 3368 609 3445 propter
623 3362 725 3441 deum,
749 3362 777 3427 si
791 3361 949 3444 poteritis,
972 3360 1077 3427 adbuc
1092 3360 1256 3439 scribatis3
1269 3377 1348 3441 rogo

155 3464 245 3529 ebam
285 3461 323 3526 D.
357 3461 511 3544 Reginam
550 3462 732 3544 specialiter
765 3462 917 3542 salutari,
950 3467 984 3527 et
1017 3460 1155 3540 moneri,
1188 3460 1273 3543 quod
1306 3460 1349 3525 sit

156 3570 298 3647 constans
320 3562 353 3626 in
375 3564 526 3642 veritate,
555 3569 589 3628 et
616 3581 679 3628 non
700 3563 934 3629 scandalizetur
955 3563 988 3626 in
1010 3579 1077 3642 me,
1107 3567 1266 3644 tamquam
1288 3560 1348 3628 sim

158 3662 343 3729 haereticus.
380 3662 554 3745 Conjugem
580 3669 720 3729 vestram
749 3665 843 3729 etiam
872 3662 966 3745 cupio
989 3661 1131 3741 salutari,
1154 3681 1246 3745 quam
1268 3679 1346 3744 rogo

160 3762 292 3845 diligatis
319 3764 353 3830 in
382 3762 510 3829 Christo
539 3765 635 3843 Jesu,
663 3763 738 3846 quia
758 3765 860 3847 ipsam
882 3781 976 3847 spero
999 3782 1070 3829 esse
1091 3761 1188 3829 filiam
1209 3763 1262 3830 dei
1290 3781 1349 3844 per

161 3865 385 3931 observantiam
413 3883 542 3931 suorum
568 3865 797 3932 mandatorum.
828 3867 945 3931 Omnes
967 3865 1085 3932 amicos
1106 3863 1252 3930 veritatis
1264 3862 1348 3928 salu·

163 3965 262 4032 tabitis
286 3972 420 4049 propter
441 3965 544 4031 deum.

251 4082 280 4135 Ε
295 4080 360 4136 MS.
378 4078 505 4134 Mladen.
527 4097 556 4150 p.
574 4079 621 4134 85.
657 4080 740 4136 Mss.
765 4079 861 4135 Vimn.
883 4079 970 4141 4524,
988 4081 1008 4143 f.
1030 4079 1072 4133 81.
1090 4108 1123 4117 -
1140 4075 1226 4138 455⁷,
1238 4076 1264 4146 s.
1285 4074 1344 4127 151.

166 4159 216 4215 lis.
232 4181 295 4234 cop.
314 4163 405 4232 Pray.
417 4163 443 4231 s.
464 4162 507 4217 74.

252 4248 307 4303 Eu.
325 4250 356 4301 in
373 4248 428 4317 Fsp.
445 4248 526 4317 pibo.
543 4248 579 4304 E.
599 4247 621 4301 7.
659 4248 730 4318 Opp.
750 4248 823 4313 Huo,
839 4249 865 4310 1,
883 4247 921 4303 64
938 4257 964 4300 et
981 4246 1027 4301 82.

656 4481 855 4491 ———

1423 445 1428 480 l
