2992 5258
192 444 234 498 28.
271 436 391 499 Oddouis
409 438 444 497 ue
462 438 595 497 columna
613 436 709 496 literae
726 436 762 495 ad
778 436 956 510 Zbyucouem
973 434 1061 495 datae.
1166 440 1225 507 401

601 740 658 856 2⁸
769 727 772 731 ,

77 966 154 1054 ido
182 964 235 1051 de
257 965 480 1073 Columna,
514 962 554 1048 S.
573 964 625 1048 R.
645 964 696 1048 Ε.
731 964 970 1071 cardinalis,
999 963 1227 1076 Zbynooni

77 1104 351 1214 chiepiscopo
378 1100 588 1213 Pragensi
611 1100 758 1184 literas
785 1101 1105 1211 appellatoriaS,
1134 1103 1228 1212 qui-

77 1268 106 1322 te
136 1236 194 1320 Μ.
223 1238 352 1323 Joan.
380 1236 474 1320 Hus
501 1247 681 1345 propter
706 1235 840 1319 libros
867 1234 1050 1321 Joannis
1068 1236 1235 1322 Wiolef

78 1370 274 1457 mbustos
302 1372 356 1457 ab
389 1370 715 1481 archiepiscopo
743 1370 799 1453 ad
824 1400 987 1481 papam
1016 1402 1228 1482 provoca-

77 1521 100 1615 t,
128 1521 254 1593 notas
285 1508 403 1613 facit,
432 1536 612 1616 eumque
637 1519 796 1613 monet,
829 1518 878 1589 ut
903 1509 947 1588 in
971 1507 1055 1592 hac
1084 1538 1131 1591 re
1160 1537 1227 1592 se-

77 1643 214 1726 ndum
239 1642 503 1748 mandatum,
532 1643 634 1726 olim
661 1643 715 1725 ab
742 1640 1045 1728 AlexandroV
1073 1670 1227 1755 accep-

77 1808 117 1861 m
151 1779 231 1883 ,ad
257 1780 461 1863 ulteriora
480 1776 689 1891 procedat
715 1788 844 1888 atque
866 1780 995 1861 etiarn
1022 1780 1225 1863 auxilium

312 1913 514 1997 secularis
540 1912 708 1996 brachii
734 1915 945 1996 invocet.“

435 2160 581 2227 Bononiae,
599 2163 678 2228 1410,
695 2162 729 2214 25
746 2162 815 2228 Aug.

210 2463 254 2531 (E
270 2462 331 2516 Ma.
351 2464 470 2531 capituti
488 2462 578 2531 Prop.
598 2465 669 2529 (aon
686 2462 812 2531 siponto)
826 2461 881 2531 sol.
904 2458 1040 2527 160-3.)

559 2613 603 2619 ——0
610 2614 615 2619 .
622 2612 655 2619 n..

128 2767 217 2832 Oddo
247 2766 452 2831 miseratione
483 2766 590 2830 divina
618 2766 721 2831 sancti
745 2765 875 2846 Georgii
905 2766 945 2831 ad
967 2766 1071 2831 velum
1092 2784 1223 2831 aureum

77 2875 250 2933 :rosanctae
277 2868 437 2933 Romanae
470 2867 623 2932 ecclesiae
658 2866 809 2930 diaconus
843 2866 1027 2947 cardinalis,
1060 2866 1158 2948 juder
1191 2871 1224 2931 et

77 2969 260 3032 nmissarius
282 2967 323 3034 ad
345 2967 549 3049 infrascripta
569 2966 609 3031 ab
630 2965 740 3031 eadem
756 2965 833 3030 sede
848 2967 1024 3048 apostolica
1038 2967 1225 3049 specialiter

77 3076 211 3144 putatus:
236 3078 329 3132 rev¹¹¹⁰
350 3069 443 3150 patri,
459 3069 497 3132 Ι).
510 3067 677 3149 scyricum,
690 3067 742 3130 dei
759 3071 792 3131 et
806 3067 1001 3147 apostolicae
1017 3066 1103 3131 sedis
1119 3068 1222 3147 gratia

77 3164 267 3252 :hiepiscopo
286 3169 449 3250 Pragensi,
465 3169 601 3233 salutem
622 3167 655 3232 iu
677 3166 813 3246 domiuo,
837 3171 870 3231 et
884 3167 1014 3247 nostris,
1037 3166 1099 3232 imo
1115 3167 1221 3232 verius

77 3269 219 3348 aetolicis,
242 3268 376 3334 firmiter
398 3270 528 3334 obedire
551 3269 716 3333 mandatis.

128 3369 297 3450 Noveritis,
320 3370 404 3452 qnod
426 3388 528 3452 nuper
551 3369 695 3451 exposito
723 3369 790 3433 sive
820 3369 997 3450 supplicato
1021 3369 1219 3436 arctissimo

84 3462 207 3536 Christo
230 3472 315 3552 patri
337 3477 371 3537 et
391 3471 517 3536 domino
540 3477 660 3550 nostro,
696 3469 734 3535 D.
756 3469 872 3534 Joanui
895 3469 1000 3535 diviua
1020 3471 1221 3553 providentia

77 3579 130 3641 aaa
149 3570 300 3652 XX111110,
326 3579 422 3653 prout
451 3578 483 3638 et
513 3570 776 3654 quemadmodum
797 3570 829 3634 iu
852 3568 987 3651 quadam
1010 3571 1218 3653 expositionis

79 3680 100 3727 e
119 3673 356 3755 supplicationis
380 3673 493 3738 cedula
507 3674 632 3755 plenius
648 3673 839 3752 continetur,
863 3671 953 3753 eujus
968 3677 1061 3737 teuor
1075 3671 1221 3754 sequitur

87 3776 133 3836 est
152 3773 242 3837 talis:

127 3874 300 3934 Beatissimo
327 3877 427 3947 pater!
461 3873 519 3934 Pro
557 3881 641 3947 parte
670 3875 841 3933 devotorum
871 3880 1019 3934 oratorum
1047 3881 1219 3944 vestrorum,

77 3962 166 4034 lelicet
186 3976 222 4037 D.
253 3976 375 4035 Joaunis
398 3976 459 4034 Iius
494 3976 531 4034 de
553 3975 708 4045 Husinecz,
740 3974 846 4034 artium
878 3975 1044 4034 liberalium
1077 3975 1218 4050 magistri,

77 4080 131 4133 trac
146 4076 311 4150 theologiae
336 4076 493 4135 baccalarii
507 4075 632 4145 formati,
654 4078 779 4136 rectoris
802 4082 832 4134 et
852 4075 1064 4147 praedicatoris
1087 4073 1218 4147 capellae

77 4178 192 4234 tctomm
204 4177 395 4236 Innoceutum
410 4177 544 4236 Betleem
559 4183 742 4250 nuncupatae
757 4177 787 4236 in
802 4178 923 4250 autiqm
938 4182 968 4235 ct
981 4191 1086 4249 magna
1100 4175 1217 4235 civitate

77 4277 177 4347 acensi,
209 4279 347 4351 generosi
381 4284 412 4337 et
442 4277 552 4337 nobilis
584 4277 639 4336 viri
662 4276 770 4337 Sdislai
804 4278 840 4335 dc
870 4277 1063 4346 Zuierzetica
1097 4276 1219 4336 baronis

77 4375 116 4437 uu
135 4378 300 4448 Bobeniae‚
329 4378 461 4451 magistri
491 4379 596 4437 artium
622 4377 846 4451 praedictarum,
867 4377 990 4437 Joaunis
1018 4378 1054 4436 de
1081 4376 1218 4450 Braudie,

77 4476 147 4537 uciii
168 4480 204 4537 de
225 4479 312 4556 Lysa,
335 4480 417 4538 Petri
439 4481 476 4538 do
499 4479 650 4556 Sepekow,
673 4479 754 4538 Petri
777 4479 813 4537 de
836 4478 980 4549 Valentia,
1002 4477 1157 4537 Michaelis
1180 4478 1217 4537 do

79 4579 180 4638 norica
214 4586 246 4639 et
265 4580 389 4640 Josunis
423 4580 459 4641 da
487 4579 657 4647 Lauristain
690 4579 947 4640 baccalaurcorum
979 4585 1009 4638 et
1041 4578 1219 4638 studentium

77 4683 127 4736 uae
149 4680 346 4744 universitatis
369 4681 458 4741 studii
479 4682 648 4756 Prageusis,
670 4682 847 4756 conjunctim
868 4686 900 4741 at
920 4679 1043 4750 divisim,
1065 4679 1220 4753 exponitur

1020 4793 1055 4848 28
