2992 5258
151 421 213 486 360
404 416 609 470 Controversiec
627 415 661 470 de
678 415 810 483 religione
828 415 856 471 in
872 415 1019 471 Bohemia:
1037 416 1109 471 leue.

101 665 109 680 .
157 623 237 683 natio
260 621 428 682 bohemica:
461 636 532 696 ergo
557 639 615 681 non
640 621 712 682 lieet
738 622 832 682 adhuc
860 638 923 681 eam
961 623 1136 683 abstrahere
1151 622 1355 683 obedientiam

151 741 169 783 a
192 723 335 798 Gregorio
358 723 423 792 XII,
447 723 516 795 quia
537 723 679 794 possibile
701 729 749 783 est
772 724 803 783 in
818 739 903 783 casu:
926 724 1103 785 antecedens
1120 731 1167 785 est
1180 726 1352 800 oppositum

154 826 334 900 quaestionis
357 824 496 899 ejusdcm,
519 830 717 898 consequente
740 825 885 885 existente
908 824 992 884 salso.

248 951 306 1011 Sed
328 950 411 1010 tectio
441 950 544 1024 objicit
573 951 653 1012 natio
684 949 846 1011 Teutouiea
873 951 929 1012 sie:
961 951 1028 1011 Non
1056 952 1181 1013 hebetur
1208 967 1356 1025 expresse

150 1056 180 1114 in
203 1052 325 1126 proprie
345 1050 439 1109 iorma
460 1052 490 1110 iu
512 1051 608 1110 literis
631 1051 785 1123 papalibus
809 1058 840 1112 et
859 1052 1070 1127 imperialibus,
1093 1053 1170 1127 quod
1185 1058 1247 1113 tres
1262 1068 1356 1113 voces

151 1155 261 1214 habere
291 1152 415 1212 deberet
444 1152 523 1211 matio
551 1152 723 1212 Bohemiea:
752 1170 823 1227 ergo
854 1169 914 1212 non
936 1153 1026 1214 debet
1047 1153 1167 1216 habere.
1212 1152 1270 1214 Hie
1291 1168 1354 1213 nen

153 1263 200 1316 est
221 1255 304 1314 color
324 1255 354 1313 in
377 1254 436 1312 ista
457 1254 579 1327 argutia,
602 1270 676 1327 quaa
698 1260 809 1313 tontum
831 1254 919 1325 valet
943 1256 1019 1315 sicut
1038 1254 1106 1314 ille:
1128 1254 1197 1314 Non
1217 1254 1359 1319 'babetur

152 1372 292 1431 expresse
308 1356 338 1414 in
353 1354 449 1414 literis
465 1355 619 1427 papalibus
635 1362 665 1415 et
679 1355 890 1428 imperialibus,
913 1356 991 1430 quod
1016 1362 1076 1416 tres
1091 1355 1225 1416 homines
1240 1346 1358 1417 habere

152 1458 276 1516 deberet
296 1473 349 1515 rex
371 1455 565 1515 Wenceslans
587 1456 616 1514 in
632 1456 780 1526 Bohemia,
803 1457 894 1530 igitur
908 1472 966 1516 non
983 1456 1072 1516 debet
1086 1473 1139 1516 rex
1154 1455 1358 1519 wenceslaus

153 1558 264 1617 habere
293 1562 355 1617 tres
384 1557 517 1615 homines
544 1557 575 1614 in
601 1556 751 1620 Bohemie.
796 1557 871 1617 Nam
906 1557 1086 1617 antecedens
1119 1563 1166 1619 est
1192 1573 1302 1629 verum,
1325 1555 1377 1619 et'

60 1672 63 1677 ’
152 1673 336 1733 consequens
358 1654 511 1717 manifeste
536 1655 649 1720 salsum.

253 1775 363 1851 Quarto
396 1776 499 1850 objicit
531 1776 611 1834 natio
644 1775 806 1835 Teutonica
839 1776 899 1837 sic:
921 1775 993 1835 Post
1026 1776 1212 1837 concordiam
1244 1775 1358 1839 iactam

153 1877 398 1938 internetionem
420 1874 609 1935 Bohemicam
632 1881 662 1935 et
682 1877 757 1936 alias
781 1883 841 1936 tres
864 1878 1000 1937 nationes
1025 1877 1148 1951 quilibet
1172 1878 1359 1941 intitnlundu

153 1997 185 2038 se
207 1981 237 2038 in
260 1978 366 2037 librum
388 1977 586 2037 universitatis
605 1978 723 2051 juravit
747 1979 823 2053 qnod
846 1994 903 2037 una
923 1978 1147 2038 nationum'vel
1170 1979 1272 2052 plures
1293 1998 1359 2044 non

150 2087 267 2140 moveat
288 2086 339 2140 aut
359 2086 495 2139 moveant
515 2079 594 2138 litem
617 2081 663 2140 vel
685 2080 859 2139 disturbium
880 2085 984 2139 contra
1006 2080 1092 2139 aliam
1109 2081 1156 2140 vel
1171 2081 1247 2142 elias
1263 2100 1358 2157 super

151 2198 330 2255 quecumque
364 2181 571 2254 praerogativa
600 2190 650 2239 aut
682 2182 812 2252 misteria,
834 2181 892 2241 nisi
906 2196 1048 2253 expresse
1071 2182 1127 2241 sibi
1138 2185 1188 2256 jus
1203 2192 1359 2256 competat

153 2301 243 2356 super
264 2283 372 2343 talibus
395 2301 431 2341 ex
453 2284 547 2342 literis
570 2290 600 2367 et
621 2283 783 2357 privilegiis
798 2282 953 2357 papalibus
971 2289 1022 2343 aut
1035 2283 1184 2358 regalibus
1201 2284 1357 2362 hueusque

154 2385 263 2444 habitis
293 2391 322 2444 et
350 2385 508 2443 concessis.
551 2384 607 2443 Hic
636 2385 712 2443 bene
743 2385 871 2458 positum
893 2391 940 2445 est
962 2401 1015 2457 pro
1040 2385 1160 2444 rretioue
1181 2384 1357 2459 Bohemiea,

152 2504 217 2544 cnm
249 2486 382 2558 exceptio
412 2486 531 2559 ponitur
555 2485 630 2562 „nisi
652 2501 792 2557 expresse
817 2484 872 2543 sibi
890 2486 939 2558 jns
963 2491 1109 2556 competat
1130 2501 1219 2558 super
1242 2487 1357 2549 talibus

159 2604 195 2646 ex
227 2586 321 2646 literis
355 2593 384 2645 et
417 2585 578 2659 privilegiis
612 2585 767 2658 papalibus
796 2585 944 2658 bucusque
975 2586 1083 2645 habitis
1111 2592 1141 2645 et
1170 2589 1354 2650 concessis.“

152 2689 226 2747 Nam
256 2689 336 2748 natio
358 2688 518 2747 Bohemiea
547 2704 605 2745 non
634 2688 725 2746 movit
745 2688 825 2747 litem
849 2693 952 2746 contra
974 2687 1110 2747 nationes
1133 2686 1180 2746 vel
1201 2687 1355 2749 nationem

153 2789 353 2861 Teutonicam
387 2789 439 2848 sed
468 2796 550 2861 grute
580 2789 767 2847 donationem
798 2787 979 2846 serenissimi
1009 2793 1165 2860 acceptans
1198 2790 1354 2868 principis,

153 2891 213 2950 vult
231 2893 312 2965 juste
334 2891 370 2949 de
392 2889 550 2949 donatione
574 2890 659 2947 trium
681 2905 784 2948 vocum
806 2888 945 2963 gaudere.

152 3021 156 3027 ·
253 3008 396 3079 Secundo,
426 3009 504 3083 qnod
531 3008 643 3067 nedoni
670 3007 845 3067 Bohemicae
878 3009 1018 3081 competit
1040 3023 1181 3079 expresse
1201 3009 1233 3068 in
1256 3010 1352 3071 literis

152 3110 353 3182 imperialibus
376 3111 589 3183 praerogativa,
612 3125 686 3183 qnae
709 3115 767 3170 est:
792 3115 968 3187 „extraneos
991 3109 1028 3168 ad
1051 3110 1240 3184 perticipium
1262 3110 1353 3185 grati-

153 3210 261 3270 tudinis
293 3210 447 3271 eaocare.“
493 3210 567 3269 Nam
609 3210 715 3270 dieitur
755 3211 784 3269 iu
819 3210 928 3269 literis:
964 3210 1144 3284 „gloriosum
1174 3200 1352 3284 existiment,

153 3318 311 3370 extremos
336 3311 410 3370 alios
433 3312 470 3368 ad
494 3312 665 3370 suavitatem
688 3311 787 3370 odoris
811 3316 842 3369 et
855 3310 1042 3384 gratitudinis
1063 3310 1148 3385 huius
1165 3313 1351 3388 participium

153 3409 304 3472 avocere.“
351 3413 437 3472 Sient
464 3428 534 3486 ergo
563 3413 694 3471 extranei
726 3412 762 3471 de
785 3413 941 3485 participio
964 3413 1093 3473 contenti
1116 3420 1146 3474 et
1166 3415 1252 3489 grati,
1274 3416 1352 3492 qnod

153 3519 220 3573 suut
242 3519 299 3571 tam
323 3512 490 3587 benigniter
512 3530 530 3572 a
552 3515 669 3574 radone
692 3514 851 3573 Bohemiea
872 3514 994 3575 evocati.

251 3630 362 3700 Tertio,
388 3631 465 3704 qnod
482 3632 781 3692 nutiouiBohemieae
798 3634 940 3704 competit
960 3634 1169 3708 praerogativa
1196 3649 1235 3695 ex
1256 3635 1357 3696 literis

154 3730 356 3802 imperialibus
378 3748 413 3791 ec.
436 3732 510 3792 Nam
534 3732 653 3791 dicitur:
678 3740 728 3808 „ut
750 3731 852 3792 fideles
877 3734 971 3793 nostri
990 3733 1167 3807 regnicolas,
1188 3736 1239 3810 qni
1255 3737 1362 3798 ameu-

152 3830 257 3890 tiarnm
286 3831 396 3892 tructus
425 3833 627 3893 indesinenter
657 3834 803 3904 esuriunt,
834 3850 888 3906 per
918 3834 1015 3894 aliena
1046 3834 1215 3896 mendicare
1247 3836 1394 3899 suffre—

151 3932 199 4004 gia
227 3949 287 3990 nou
314 3933 427 4002 coacti,
457 3939 588 4006 paratam
617 3934 647 3993 iu
676 3949 767 4009 regno
804 3934 860 3993 sibi
895 3951 1024 3994 mensam
1056 3936 1276 4008 propinationis
1306 3938 1394 3999 in—

150 4033 276 4103 veniant
313 4040 342 4092 et
364 4049 437 4106 ques
460 4034 641 4107 ingeniorum
664 4035 762 4093 native
783 4034 930 4095 subtilitas
953 4036 991 4094 ad
1008 4037 1134 4097 consilia
1158 4037 1258 4101 reddit
1282 4054 1394 4101 con-

152 4133 277 4204 spiceus,
299 4131 449 4192 literarum
475 4134 600 4194 seientia
621 4133 710 4194 iaciat
732 4133 890 4195 eruditos.“
922 4136 1008 4206 Ecce,
1025 4138 1082 4197 dno
1103 4138 1199 4212 inquit
1212 4139 1394 4214 princepe—-

152 4232 379 4308 inclytissimus:
401 4236 504 4306 primo,
526 4241 558 4294 ut
579 4232 682 4294 fideles
706 4236 873 4309 regnicolae
897 4237 995 4296 aliena
1019 4237 1160 4311 suffragia
1180 4254 1240 4299 non
1270 4256 1394 4300 mer-

154 4333 266 4405 ‹liceut3
290 4335 428 4405 seeundo,
450 4341 483 4395 ut
504 4350 556 4395 eos
578 4337 705 4396 scientie
726 4336 763 4395 ad
787 4337 909 4396 consilia
931 4336 1018 4399 iaciat
1040 4339 1180 4399 eruditos.

254 4460 328 4519 Nam
343 4478 401 4520 non
419 4468 466 4520 est
486 4461 594 4520 bonum
617 4461 751 4535 accipere
775 4479 879 4534 panem
901 4461 1025 4522 filiorum
1042 4472 1072 4525 et
1086 4465 1202 4526 mittere
1217 4465 1394 4527 caniba-x.

154 4559 224 4619 dicit
240 4560 375 4620 Salvator
390 4561 506 4636 (Matth.
535 4560 613 4642 15.);
637 4561 711 4640 (qui)
735 4564 816 4622 venit
843 4564 881 4622 ad
910 4565 1108 4636 praebendum
1131 4566 1210 4627 dona
1235 4565 1394 4642 gradu

152 4660 356 4738 principaliter
377 4663 507 4734 iudaeis,
531 4663 568 4723 de
590 4680 710 4743 qnorum
727 4666 873 4739 processit
887 4666 1029 4741 sanguine
1045 4668 1206 4733 secundnm
1219 4680 1394 4729 wne-1
