2992 5258
153 446 215 508 ‘254
364 437 437 493 Petri
455 436 488 490 de
505 434 683 490 ldladenovric
699 434 795 487 relatio
813 431 846 486 de
863 432 900 486 hl.
918 432 945 486 J.
962 394 1137 486 llus'eansa:

152 645 225 703 riam
247 642 399 703 rationem.
420 639 476 699 llic
497 639 539 697 M.
560 642 690 700 {loannes
712 637 897 711 supradictus
918 637 949 695 in
971 638 1028 695 ista
1049 634 1195 706 imperiali
1228 632 1345 692 civitate

153 744 207 803 snb
230 742 310 801 salvo
332 738 476 800 conductu
498 740 567 798 dicti
590 740 699 798 domiui
720 738 777 796 rnei
798 736 995 796 Rornanorum
1017 743 1048 795 ct
1068 736 1237 809 Hungnriae
1265 737 1345 808 regis

152 844 286 902 detentus
313 846 358 898 cst
372 845 402 898 et
423 840 585 908 detinetur3
607 845 637 897 et
650 839 720 898 licet
734 854 812 913 papa
826 855 891 897 curu
906 835 1102 895 cardinalibus
1124 851 1179 907 pcr
1193 836 1342 893 solemnes

152 942 365 1000 ambasiatores
381 940 450 998 dicti
467 939 575 998 domini
597 940 654 996 mei
669 939 867 997 Romanorum
888 937 968 1010 regis
989 935 1105 993 nominc
1128 936 1211 1009 regio
1234 934 1346 994 luerint

151 1042 284 1115 requisiti
297 1043 408 1099 seriose
431 1040 469 1099 ad
490 1040 559 1098 dicti
574 1040 614 1097 hl.
629 1040 751 1099 loannis
767 1039 964 1113 emissionem,
987 1044 1018 1095 et
1030 1042 1063 1094 nt
1077 1036 1146 1095 mihi
1160 1035 1343 1105 restituatur,

150 1144 336 1203 nihilominus
358 1148 454 1200 tumen
477 1141 626 1213 hucusque
648 1140 782 1198 emittere
803 1144 976 1197 recusarunt
997 1145 1028 1196 et
1049 1138 1193 1206 recusant,
1215 1136 1245 1193 in
1268 1152 1343 1195 con-

149 1248 269 1303 temtum
291 1249 322 1301 et
342 1240 530 1313 vilipendium
551 1241 625 1298 salvi
656 1239 815 1298 conductus
837 1238 915 1310 regis
937 1244 968 1296 et
992 1237 1157 1296 securitatis
1172 1250 1208 1295 ac
1221 1240 1342 1309 protec-

149 1344 238 1404 tionis
259 1342 375 1416 imperii
402 1348 433 1399 et
453 1341 551 1414 regiae
572 1339 742 1412 majestatis.
785 1339 969 1411 Quapropter
995 1353 1050 1410 ego
1073 1338 1204 1396 Joannes
1234 1352 1341 1407 snpra·

151 1445 245 1504 dictus
266 1443 348 1515 regio
370 1440 486 1499 nomine
509 1438 672 1508 manifesto,
702 1439 779 1512 quod
801 1438 931 1498 detentio
960 1442 992 1496 et
1012 1438 1110 1508 captio
1131 1436 1202 1496 dicti
1223 1436 1265 1496 Μ.
1287 1437 1342 1497 Jo-

150 1544 235 1602 annis
263 1542 325 1600 llus
355 1548 402 1600 est
427 1540 504 1600 facta
531 1544 633 1598 contra
665 1538 877 1610 praenominati
910 1536 1021 1595 domini
1052 1536 1111 1595 mei
1138 1534 1342 1597 Romanorum

151 1645 229 1718 regis
258 1643 449 1704 omnimodam
478 1642 673 1709 voluntatem,
707 1657 770 1698 curn
793 1640 832 1698 sit
860 1640 889 1696 in
918 1644 1096 1697 contemtum
1125 1654 1244 1697 suorum
1272 1638 1349 1699 salvi

152 1743 311 1803 conductus
339 1750 370 1802 et
389 1742 579 1815 protectionis
600 1740 716 1811 imperii
737 1737 822 1808 iacta,
849 1754 886 1797 eo
909 1738 986 1811 quod
1008 1755 1062 1811 pro
1083 1743 1152 1796 tunc
1173 1738 1269 1798 dictus
1292 1740 1348 1797 do·

152 1845 247 1902 minus
268 1859 350 1902 meus
373 1859 391 1901 a
411 1841 584 1901 Constantia
604 1841 691 1912 longe
709 1823 852 1911 distabat,
877 1844 908 1896 et
928 1838 954 1896 si
975 1836 1166 1907 interfuisset
1188 1856 1349 1913 numquam

152 1943 207 2003 hoe
227 1940 292 2001 fieri
314 1943 507 2016 permisisset.
550 1940 622 1999 Cum
643 1944 740 1996 autom
768 1936 896 2007 venerit,
928 1936 1051 2010 quilibet
1080 1939 1190 1996 sentire
1213 1937 1348 2009 debebit,

150 2041 246 2115 ipsum
267 2042 304 2100 de
326 2041 520 2113 vilipensione
547 2040 604 2097 sihi
633 2044 664 2097 ct
694 2054 764 2097 suae
792 2044 823 2096 et
849 2038 966 2109 imperii
992 2039 1168 2112 protectioni
1196 2056 1231 2098 ac
1263 2038 1348 2097 salvo

151 2141 234 2199 illata
260 2142 415 2200 conductui
447 2140 613 2199 dolorosius
643 2138 802 2197 molestari.
851 2137 920 2198 Dat
948 2137 1153 2209 Constantius,
1183 2139 1214 2198 in
1246 2139 1351 2213 vigilia

155 2240 315 2299 nativitatis
338 2239 448 2298 Christi
468 2235 524 2319 (24
544 2235 632 2317 Dec.)
654 2255 734 2298 anno
754 2237 863 2297 domini
884 2236 1114 2297 mccccxlve

250 2340 285 2398 ln
306 2340 444 2399 idiomate
467 2338 555 2398 etiam
580 2339 751 2399 teutonicali
779 2339 882 2399 similis
911 2338 979 2397 huic
1002 2354 1057 2412 per
1085 2339 1349 2399 transsumtionem

153 2445 217 2498 crat
236 2439 378 2498 intimata

251 2604 421 2684 Postquam
449 2602 547 2683 igitur
576 2604 680 2669 dictus
708 2602 752 2667 ll.
779 2604 920 2670 Joanncs
942 2603 982 2669 de
1004 2602 1187 2669 infirmitate
1208 2603 1266 2670 illa
1287 2603 1349 2669 ali·

152 2703 291 2787 qrraliter
323 2703 549 2786 convaluisset,
577 2722 650 2771 mox
679 2704 756 2770 dicti
777 2704 982 2771 commissarii
1005 2703 1192 2769 obtulerunt
1212 2705 1244 2769 ei
1266 2706 1348 2770 arti·

152 2804 240 2869 culos
260 2803 328 2868 fere
349 2808 407 2884 44,
429 2822 509 2884 qnos
530 2824 569 2870 ex
590 2806 697 2872 libello
719 2823 777 2870 sno
805 2805 864 2886 „de
885 2804 1048 2870 Ecclesia“
1073 2804 1222 2870 dicebant
1242 2804 1347 2870 inisse

151 2908 326 2983 camactos,
357 2922 437 2986 quos
459 2912 565 2971 tamen
586 2906 698 2971 Palecz
720 2905 799 2970 false
821 2911 855 2971 et
875 2904 983 2985 inique
1006 2910 1197 2981 extraxerat
1218 2906 1347 2987 aliquos

151 3003 184 3069 in
205 3004 379 3087 principio,
407 3003 487 3069 alios
510 3006 541 3069 in
564 3004 682 3085 medio,
712 3006 790 3071 alios
816 3006 849 3069 in
871 3003 933 3069 fine
954 3005 1162 3087 acclinando,
1191 3006 1346 3088 aliosque,

151 3105 206 3187 qui
227 3106 261 3169 in
281 3105 363 3169 lihro
378 3121 440 3170 non
457 3111 532 3169 sunt
546 3105 651 3187 positi,
674 3105 714 3169 de
729 3122 811 3170 novo
833 3104 1049 3186 confingendo.
1071 3105 1121 3170 hd
1136 3123 1216 3187 quos
1231 3115 1348 3189 postea

149 3205 303 3285 magister
329 3206 555 3287 responsiones
588 3222 662 3269 snas
690 3223 785 3270 manu
817 3205 948 3287 propria
979 3206 1116 3287 signavit
1148 3207 1182 3272 in
1203 3224 1345 3287 carcere,

150 3303 234 3369 sicut
254 3305 287 3369 in
307 3304 398 3370 libris
419 3305 485 3369 suis
507 3306 746 3386 continebatnr3
779 3307 833 3387 qni
865 3306 991 3371 articuli
1027 3327 1098 3373 cnm
1135 3308 1346 3390 responsione

152 3403 192 3467 de
219 3423 314 3469 manu
343 3405 443 3485 ipsius
472 3405 615 3486 magistri
643 3407 769 3488 copiata
790 3407 1012 3487 praesentibus
1034 3408 1129 3472 etiam
1151 3408 1345 3473 inserentur.

151 3503 211 3579 Qui
232 3503 443 3584 incipiuntur:
468 3504 556 3583 „Ego
576 3505 717 3571 loannes
730 3505 801 3570 Hus
815 3507 848 3570 in
870 3526 928 3588 spe
949 3508 1098 3573 sacerdos
1112 3508 1191 3572 lesu
1213 3506 1344 3589 Christi,

149 3602 226 3667 licet
256 3602 421 3684 indignus,
453 3605 605 3685 magister
636 3606 815 3671 inertibus
844 3615 878 3671 et
899 3625 1008 3672 sacrae
1029 3604 1210 3687 theologiae
1231 3609 1345 3675 bacca·

149 3702 277 3767 laureus
297 3703 452 3769 l'ormatus
473 3704 691 3770 universitatis
713 3706 809 3771 studii
831 3708 1016 3790 PragcnsiS,
1044 3708 1148 3774 fateor
1169 3727 1222 3773 mc
1242 3709 1344 3791 scrip-

150 3802 232 3867 sisse
254 3802 409 3883 quendam
430 3802 571 3869 libellum
583 3805 622 3870 dc
636 3805 799 3870 Ecclesia“
823 3824 862 3872 rc.
875 3807 905 3888 *l
927 3808 977 3874 nd
998 3808 1255 3891 quosrcspondit
1269 3810 1346 3875 ahs·

150 3920 213 3984 que
242 3902 349 3980 libris;
382 3921 464 3983 quae
496 3906 722 3987 responsiones
753 3914 867 3989 postea
899 3907 940 3973 nd
970 3908 1085 3973 librum
1106 3906 1146 3973 de
1167 3928 1264 3975 manu
1285 3928 1345 3975 sna

149 4002 303 4084 scriptum
324 4010 525 4084 comparatae
540 4004 719 4086 diligenter,
741 4007 889 4073 inventae
904 4014 979 4074 sunt
994 4028 1064 4074 cum
1079 4008 1227 4089 originali
1239 4008 1343 4091 ipsius

148 4102 232 4169 lihro
248 4101 288 4168 de
305 4104 403 4169 verbo
425 4104 608 4170 adverbum
629 4106 805 4173 omnimode
817 4109 1019 4174 concordare.
1042 4109 1080 4173 In
1091 4126 1153 4189 quo
1166 4108 1263 4175 etiarn
1274 4127 1344 4175 car·

150 4219 224 4267 cere
238 4203 419 4286 compilavit
434 4212 540 4270 certos
564 4205 772 4286 pulcerrimos
797 4209 985 4273 tractatulus
1007 4207 1047 4273 ad
1067 4208 1252 4273 instantiam
1273 4226 1345 4275 cer-

150 4307 254 4365 torum
266 4304 431 4368 custodum
444 4306 591 4383 carceris,
605 4305 725 4370 nullum
741 4307 861 4372 habens
875 4309 990 4372 librum
1002 4308 1034 4374 in
1046 4306 1239 4390 suffragium,
1254 4306 1344 4372 vide·

149 4400 226 4466 licet
240 4405 443 4468 tractatulum
463 4423 561 4487 super
584 4407 699 4487 „Pater
715 4411 855 4488 noster‚“
873 4410 1102 4492 expositionem
1118 4426 1216 4491 super
1233 4408 1343 4473 decem

150 4571 349 4581 ——u——..-.

192 4636 218 4698 ')
235 4638 297 4686 Vide
314 4653 386 4701 supra
403 4642 465 4689 inter
481 4642 651 4690 decusationes
668 4644 740 4694 Num.
760 4645 783 4701 a,
801 4658 856 4705 pag.
875 4646 932 4695 204.
