<?xml version="1.0" encoding="UTF-8"?>
<!DOCTYPE html PUBLIC "-//W3C//DTD XHTML 1.0 Transitional//EN"
    "http://www.w3.org/TR/xhtml1/DTD/xhtml1-transitional.dtd">
<html xmlns="http://www.w3.org/1999/xhtml" xml:lang="en" lang="en">
 <head>
  <title>
</title>
<meta http-equiv="Content-Type" content="text/html;charset=utf-8" />
  <meta name='ocr-system' content='tesseract 3.04.00' />
  <meta name='ocr-capabilities' content='ocr_page ocr_carea ocr_par ocr_line ocrx_word'/>
</head>
<body>
  <div class='ocr_page' id='page_1' title='image "./documentamagjoa00palagoog_0329.png"; bbox 0 0 2992 5258; ppageno 0'>
   <div class='ocr_carea' id='block_1_1' title="bbox 152 418 1135 504">
    <p class='ocr_par' dir='ltr' id='par_1_1' title="bbox 152 418 1135 504">
     <span class='ocr_line' id='line_1_1' title="bbox 152 418 1135 504; baseline -0.006 -12"><span class='ocrx_word' id='word_1_1' title='bbox 152 441 216 504; x_wconf 78' lang='grc'>308</span> <span class='ocrx_word' id='word_1_2' title='bbox 359 434 432 490; x_wconf 87' lang='lat' dir='ltr'>Petri</span> <span class='ocrx_word' id='word_1_3' title='bbox 449 433 483 489; x_wconf 86' lang='lat' dir='ltr'>do</span> <span class='ocrx_word' id='word_1_4' title='bbox 500 418 791 490; x_wconf 82' lang='lat' dir='ltr'>lllladenowiorelatio</span> <span class='ocrx_word' id='word_1_5' title='bbox 808 432 842 489; x_wconf 92' lang='lat' dir='ltr'>de</span> <span class='ocrx_word' id='word_1_6' title='bbox 861 432 899 488; x_wconf 89' lang='lat' dir='ltr'>M.</span> <span class='ocrx_word' id='word_1_7' title='bbox 916 431 943 488; x_wconf 80' lang='lat' dir='ltr'>J.</span> <span class='ocrx_word' id='word_1_8' title='bbox 962 432 1021 487; x_wconf 80' lang='lat' dir='ltr'>llus</span> <span class='ocrx_word' id='word_1_9' title='bbox 1039 447 1135 488; x_wconf 83' lang='lat' dir='ltr'>causa:</span> 
     </span>
    </p>
   </div>
   <div class='ocr_carea' id='block_1_2' title="bbox 151 637 1351 1421">
    <p class='ocr_par' dir='ltr' id='par_1_2' title="bbox 151 637 1351 1421">
     <span class='ocr_line' id='line_1_2' title="bbox 154 637 1351 720; baseline 0.002 -18"><span class='ocrx_word' id='word_1_10' title='bbox 154 640 355 719; x_wconf 82' lang='lat' dir='ltr'>regularum,</span> <span class='ocrx_word' id='word_1_11' title='bbox 387 642 419 700; x_wconf 89' lang='lat' dir='ltr'>et</span> <span class='ocrx_word' id='word_1_12' title='bbox 440 637 552 701; x_wconf 93' lang='lat' dir='ltr'>melius</span> <span class='ocrx_word' id='word_1_13' title='bbox 574 655 632 720; x_wconf 85' lang='lat' dir='ltr'>pro</span> <span class='ocrx_word' id='word_1_14' title='bbox 655 643 758 715; x_wconf 84' lang='lat' dir='ltr'>certo,</span> <span class='ocrx_word' id='word_1_15' title='bbox 783 656 875 718; x_wconf 88' lang='lat' dir='ltr'>quam</span> <span class='ocrx_word' id='word_1_16' title='bbox 897 655 981 700; x_wconf 83' lang='lat' dir='ltr'>mum</span> <span class='ocrx_word' id='word_1_17' title='bbox 1003 638 1139 716; x_wconf 82' lang='lat' dir='ltr'>regilu1·;</span> <span class='ocrx_word' id='word_1_18' title='bbox 1162 645 1196 703; x_wconf 89' lang='lat' dir='ltr'>et</span> <span class='ocrx_word' id='word_1_19' title='bbox 1217 644 1351 720; x_wconf 81' lang='lat' dir='ltr'>possent</span> 
     </span>
     <span class='ocr_line' id='line_1_3' title="bbox 157 736 1351 820; baseline 0.001 -17"><span class='ocrx_word' id='word_1_20' title='bbox 157 758 265 803; x_wconf 91' lang='lat' dir='ltr'>eorum</span> <span class='ocrx_word' id='word_1_21' title='bbox 286 737 395 801; x_wconf 87' lang='lat' dir='ltr'>fideles</span> <span class='ocrx_word' id='word_1_22' title='bbox 417 756 569 817; x_wconf 79' lang='lat' dir='ltr'>sequaces</span> <span class='ocrx_word' id='word_1_23' title='bbox 587 736 671 802; x_wconf 89' lang='lat' dir='ltr'>idem</span> <span class='ocrx_word' id='word_1_24' title='bbox 686 737 799 801; x_wconf 89' lang='lat' dir='ltr'>faeere.</span> <span class='ocrx_word' id='word_1_25' title='bbox 823 737 866 800; x_wconf 81' lang='lat' dir='ltr'>Et</span> <span class='ocrx_word' id='word_1_26' title='bbox 887 754 970 814; x_wconf 88' lang='lat' dir='ltr'>ecce,</span> <span class='ocrx_word' id='word_1_27' title='bbox 993 755 1077 800; x_wconf 91' lang='lat' dir='ltr'>nunc</span> <span class='ocrx_word' id='word_1_28' title='bbox 1098 738 1218 802; x_wconf 92' lang='lat' dir='ltr'>nullum</span> <span class='ocrx_word' id='word_1_29' title='bbox 1235 758 1351 820; x_wconf 71' lang='lat' dir='ltr'>minam</span> 
     </span>
     <span class='ocr_line' id='line_1_4' title="bbox 156 837 1351 921; baseline 0.001 -19"><span class='ocrx_word' id='word_1_30' title='bbox 156 839 320 918; x_wconf 87' lang='lat' dir='ltr'>habemus,</span> <span class='ocrx_word' id='word_1_31' title='bbox 351 843 383 902; x_wconf 88' lang='lat' dir='ltr'>et</span> <span class='ocrx_word' id='word_1_32' title='bbox 410 838 494 902; x_wconf 85' lang='lat' dir='ltr'>forte</span> <span class='ocrx_word' id='word_1_33' title='bbox 517 839 639 919; x_wconf 51' lang='lat' dir='ltr'>¹poterit</span> <span class='ocrx_word' id='word_1_34' title='bbox 667 839 713 902; x_wconf 89' lang='lat' dir='ltr'>sie</span> <span class='ocrx_word' id='word_1_35' title='bbox 742 837 857 903; x_wconf 88' lang='lat' dir='ltr'>durare</span> <span class='ocrx_word' id='word_1_36' title='bbox 888 837 928 900; x_wconf 90' lang='lat' dir='ltr'>ad</span> <span class='ocrx_word' id='word_1_37' title='bbox 950 837 1029 901; x_wconf 90' lang='lat' dir='ltr'>duos</span> <span class='ocrx_word' id='word_1_38' title='bbox 1061 854 1175 917; x_wconf 75' lang='lat' dir='ltr'>annoS,</span> <span class='ocrx_word' id='word_1_39' title='bbox 1204 839 1256 902; x_wconf 82' lang='lat' dir='ltr'>vol</span> <span class='ocrx_word' id='word_1_40' title='bbox 1279 839 1351 921; x_wconf 90' lang='lat' dir='ltr'>quis</span> 
     </span>
     <span class='ocr_line' id='line_1_5' title="bbox 154 937 1351 1021; baseline 0.002 -19"><span class='ocrx_word' id='word_1_41' title='bbox 154 940 215 1003; x_wconf 89' lang='lat' dir='ltr'>scit</span> <span class='ocrx_word' id='word_1_42' title='bbox 236 940 276 1003; x_wconf 89' lang='lat' dir='ltr'>ad</span> <span class='ocrx_word' id='word_1_43' title='bbox 297 945 448 1021; x_wconf 90' lang='lat' dir='ltr'>quantum</span> <span class='ocrx_word' id='word_1_44' title='bbox 471 945 605 1020; x_wconf 88' lang='lat' dir='ltr'>tempus.</span> <span class='ocrx_word' id='word_1_45' title='bbox 627 938 670 1002; x_wconf 88' lang='lat' dir='ltr'>Et</span> <span class='ocrx_word' id='word_1_46' title='bbox 691 937 803 1002; x_wconf 88' lang='lat' dir='ltr'>Palecz</span> <span class='ocrx_word' id='word_1_47' title='bbox 826 937 919 1001; x_wconf 85' lang='lat' dir='ltr'>dixit:</span> <span class='ocrx_word' id='word_1_48' title='bbox 943 937 1001 1015; x_wconf 85' lang='lat' dir='ltr'>Ah,</span> <span class='ocrx_word' id='word_1_49' title='bbox 1026 942 1058 1002; x_wconf 86' lang='lat' dir='ltr'>et</span> <span class='ocrx_word' id='word_1_50' title='bbox 1080 945 1131 1003; x_wconf 87' lang='lat' dir='ltr'>est</span> <span class='ocrx_word' id='word_1_51' title='bbox 1151 937 1212 1003; x_wconf 88' lang='lat' dir='ltr'>hoc</span> <span class='ocrx_word' id='word_1_52' title='bbox 1227 955 1351 1004; x_wconf 88' lang='lat' dir='ltr'>summe</span> 
     </span>
     <span class='ocr_line' id='line_1_6' title="bbox 151 1035 1351 1121; baseline 0.001 -18"><span class='ocrx_word' id='word_1_53' title='bbox 151 1039 327 1121; x_wconf 75' lang='lat' dir='ltr'>possibile?</span> <span class='ocrx_word' id='word_1_54' title='bbox 353 1039 396 1104; x_wconf 84' lang='lat' dir='ltr'>Et</span> <span class='ocrx_word' id='word_1_55' title='bbox 423 1038 589 1118; x_wconf 83' lang='lat' dir='ltr'>magister:</span> <span class='ocrx_word' id='word_1_56' title='bbox 612 1038 678 1103; x_wconf 95' lang='lat' dir='ltr'>Imo</span> <span class='ocrx_word' id='word_1_57' title='bbox 700 1037 861 1118; x_wconf 86' lang='lat' dir='ltr'>possibile.</span> <span class='ocrx_word' id='word_1_58' title='bbox 896 1037 939 1102; x_wconf 83' lang='lat' dir='ltr'>Et</span> <span class='ocrx_word' id='word_1_59' title='bbox 961 1035 1077 1102; x_wconf 89' lang='lat' dir='ltr'>Stokes</span> <span class='ocrx_word' id='word_1_60' title='bbox 1100 1038 1253 1119; x_wconf 84' lang='lat' dir='ltr'>Anglicus</span> <span class='ocrx_word' id='word_1_61' title='bbox 1269 1039 1351 1104; x_wconf 81' lang='lat' dir='ltr'>dixit</span> 
     </span>
     <span class='ocr_line' id='line_1_7' title="bbox 153 1138 1348 1220; baseline 0.002 -18"><span class='ocrx_word' id='word_1_62' title='bbox 153 1139 192 1202; x_wconf 93' lang='lat' dir='ltr'>ad</span> <span class='ocrx_word' id='word_1_63' title='bbox 219 1139 420 1219; x_wconf 83' lang='lat' dir='ltr'>magistrum:</span> <span class='ocrx_word' id='word_1_64' title='bbox 453 1139 496 1202; x_wconf 87' lang='lat' dir='ltr'>Et</span> <span class='ocrx_word' id='word_1_65' title='bbox 517 1139 593 1218; x_wconf 79' lang='lat' dir='ltr'>quiid</span> <span class='ocrx_word' id='word_1_66' title='bbox 614 1147 649 1202; x_wconf 88' lang='lat' dir='ltr'>tu</span> <span class='ocrx_word' id='word_1_67' title='bbox 677 1138 824 1220; x_wconf 85' lang='lat' dir='ltr'>gloriaris</span> <span class='ocrx_word' id='word_1_68' title='bbox 847 1140 879 1202; x_wconf 96' lang='lat' dir='ltr'>in</span> <span class='ocrx_word' id='word_1_69' title='bbox 901 1138 950 1202; x_wconf 80' lang='lat' dir='ltr'>liis</span> <span class='ocrx_word' id='word_1_70' title='bbox 973 1140 1102 1220; x_wconf 90' lang='lat' dir='ltr'>scriptis</span> <span class='ocrx_word' id='word_1_71' title='bbox 1124 1144 1158 1203; x_wconf 86' lang='lat' dir='ltr'>et</span> <span class='ocrx_word' id='word_1_72' title='bbox 1177 1139 1348 1218; x_wconf 71' lang='lat' dir='ltr'>doctrinis</span> 
     </span>
     <span class='ocr_line' id='line_1_8' title="bbox 152 1238 1350 1305; baseline 0 -1"><span class='ocrx_word' id='word_1_73' title='bbox 152 1240 212 1304; x_wconf 88' lang='lat' dir='ltr'>tibi</span> <span class='ocrx_word' id='word_1_74' title='bbox 233 1257 342 1304; x_wconf 87' lang='lat' dir='ltr'>eorum</span> <span class='ocrx_word' id='word_1_75' title='bbox 365 1239 491 1304; x_wconf 89' lang='lat' dir='ltr'>titulum</span> <span class='ocrx_word' id='word_1_76' title='bbox 514 1256 594 1303; x_wconf 88' lang='lat' dir='ltr'>vane</span> <span class='ocrx_word' id='word_1_77' title='bbox 615 1238 827 1303; x_wconf 83' lang='lat' dir='ltr'>ascribendo?</span> <span class='ocrx_word' id='word_1_78' title='bbox 855 1239 933 1303; x_wconf 86' lang='lat' dir='ltr'>Cum</span> <span class='ocrx_word' id='word_1_79' title='bbox 955 1240 1015 1304; x_wconf 86' lang='lat' dir='ltr'>hae</span> <span class='ocrx_word' id='word_1_80' title='bbox 1037 1239 1202 1305; x_wconf 89' lang='lat' dir='ltr'>doctrinae</span> <span class='ocrx_word' id='word_1_81' title='bbox 1225 1249 1261 1305; x_wconf 87' lang='lat' dir='ltr'>et</span> <span class='ocrx_word' id='word_1_82' title='bbox 1275 1257 1350 1305; x_wconf 87' lang='lat' dir='ltr'>sen·</span> 
     </span>
     <span class='ocr_line' id='line_1_9' title="bbox 152 1338 1308 1421; baseline 0 -18"><span class='ocrx_word' id='word_1_83' title='bbox 152 1340 271 1404; x_wconf 79' lang='lat' dir='ltr'>tentiae</span> <span class='ocrx_word' id='word_1_84' title='bbox 293 1356 356 1402; x_wconf 92' lang='lat' dir='ltr'>non</span> <span class='ocrx_word' id='word_1_85' title='bbox 379 1346 453 1403; x_wconf 89' lang='lat' dir='ltr'>sunt</span> <span class='ocrx_word' id='word_1_86' title='bbox 475 1344 558 1419; x_wconf 79' lang='lat' dir='ltr'>turae,</span> <span class='ocrx_word' id='word_1_87' title='bbox 582 1339 638 1403; x_wconf 90' lang='lat' dir='ltr'>sed</span> <span class='ocrx_word' id='word_1_88' title='bbox 660 1339 767 1421; x_wconf 88' lang='lat' dir='ltr'>potius</span> <span class='ocrx_word' id='word_1_89' title='bbox 787 1338 910 1420; x_wconf 90' lang='lat' dir='ltr'>Wiclef,</span> <span class='ocrx_word' id='word_1_90' title='bbox 933 1338 1024 1420; x_wconf 89' lang='lat' dir='ltr'>cujus</span> <span class='ocrx_word' id='word_1_91' title='bbox 1046 1340 1129 1405; x_wconf 83' lang='lat' dir='ltr'>riam</span> <span class='ocrx_word' id='word_1_92' title='bbox 1150 1340 1308 1421; x_wconf 84' lang='lat' dir='ltr'>sequeris.</span> 
     </span>
    </p>
   </div>
   <div class='ocr_carea' id='block_1_3' title="bbox 148 1721 1351 4715">
    <p class='ocr_par' dir='ltr' id='par_1_3' title="bbox 148 1721 1351 4715">
     <span class='ocr_line' id='line_1_10' title="bbox 252 1721 1348 1805; baseline 0.002 -18"><span class='ocrx_word' id='word_1_93' title='bbox 252 1721 330 1787; x_wconf 87' lang='lat' dir='ltr'>Cum</span> <span class='ocrx_word' id='word_1_94' title='bbox 352 1740 428 1803; x_wconf 81' lang='lat' dir='ltr'>ergo</span> <span class='ocrx_word' id='word_1_95' title='bbox 441 1722 506 1804; x_wconf 89' lang='lat' dir='ltr'>jam</span> <span class='ocrx_word' id='word_1_96' title='bbox 528 1722 679 1787; x_wconf 80' lang='lat' dir='ltr'>articulos</span> <span class='ocrx_word' id='word_1_97' title='bbox 695 1723 886 1804; x_wconf 85' lang='lat' dir='ltr'>praedictos,</span> <span class='ocrx_word' id='word_1_98' title='bbox 910 1730 974 1787; x_wconf 89' lang='lat' dir='ltr'>tam</span> <span class='ocrx_word' id='word_1_99' title='bbox 996 1723 1240 1789; x_wconf 87' lang='lat' dir='ltr'>attestationum</span> <span class='ocrx_word' id='word_1_100' title='bbox 1254 1742 1348 1805; x_wconf 86' lang='lat' dir='ltr'>quam</span> 
     </span>
     <span class='ocr_line' id='line_1_11' title="bbox 152 1822 1349 1905; baseline -0.001 -15"><span class='ocrx_word' id='word_1_101' title='bbox 152 1825 248 1891; x_wconf 89' lang='lat' dir='ltr'>etiam</span> <span class='ocrx_word' id='word_1_102' title='bbox 268 1822 449 1889; x_wconf 81' lang='lat' dir='ltr'>immediate</span> <span class='ocrx_word' id='word_1_103' title='bbox 472 1823 710 1902; x_wconf 84' lang='lat' dir='ltr'>praecedentes,</span> <span class='ocrx_word' id='word_1_104' title='bbox 733 1822 918 1901; x_wconf 84' lang='lat' dir='ltr'>finivissent,</span> <span class='ocrx_word' id='word_1_105' title='bbox 946 1824 1051 1905; x_wconf 91' lang='lat' dir='ltr'>etjam</span> <span class='ocrx_word' id='word_1_106' title='bbox 1074 1824 1163 1905; x_wconf 85' lang='lat' dir='ltr'>quasi</span> <span class='ocrx_word' id='word_1_107' title='bbox 1186 1824 1349 1890; x_wconf 89' lang='lat' dir='ltr'>silentium</span> 
     </span>
     <span class='ocr_line' id='line_1_12' title="bbox 150 1921 1348 2004; baseline 0.001 -14"><span class='ocrx_word' id='word_1_108' title='bbox 150 1931 245 2004; x_wconf 89' lang='lat' dir='ltr'>esset,</span> <span class='ocrx_word' id='word_1_109' title='bbox 268 1923 347 1988; x_wconf 83' lang='lat' dir='ltr'>dixit</span> <span class='ocrx_word' id='word_1_110' title='bbox 361 1922 530 1988; x_wconf 89' lang='lat' dir='ltr'>cardinalis</span> <span class='ocrx_word' id='word_1_111' title='bbox 549 1921 801 1986; x_wconf 83' lang='lat' dir='ltr'>Cameracensis:</span> <span class='ocrx_word' id='word_1_112' title='bbox 826 1922 981 2001; x_wconf 63' lang='lat' dir='ltr'>llaadster</span> <span class='ocrx_word' id='word_1_113' title='bbox 992 1924 1148 1988; x_wconf 81' lang='lat' dir='ltr'>loannes!</span> <span class='ocrx_word' id='word_1_114' title='bbox 1170 1924 1256 1989; x_wconf 86' lang='lat' dir='ltr'>Ecce</span> <span class='ocrx_word' id='word_1_115' title='bbox 1277 1924 1348 1991; x_wconf 80' lang='lat' dir='ltr'>aiae</span> 
     </span>
     <span class='ocr_line' id='line_1_13' title="bbox 150 2023 1349 2105; baseline -0.001 -15"><span class='ocrx_word' id='word_1_116' title='bbox 150 2026 231 2090; x_wconf 89' lang='lat' dir='ltr'>duae</span> <span class='ocrx_word' id='word_1_117' title='bbox 259 2024 349 2088; x_wconf 83' lang='lat' dir='ltr'>vobis</span> <span class='ocrx_word' id='word_1_118' title='bbox 377 2029 453 2088; x_wconf 87' lang='lat' dir='ltr'>sunt</span> <span class='ocrx_word' id='word_1_119' title='bbox 473 2023 611 2104; x_wconf 86' lang='lat' dir='ltr'>positae,</span> <span class='ocrx_word' id='word_1_120' title='bbox 640 2040 772 2103; x_wconf 88' lang='lat' dir='ltr'>quarum</span> <span class='ocrx_word' id='word_1_121' title='bbox 800 2041 894 2087; x_wconf 91' lang='lat' dir='ltr'>unam</span> <span class='ocrx_word' id='word_1_122' title='bbox 918 2025 1062 2105; x_wconf 84' lang='lat' dir='ltr'>eligatis:</span> <span class='ocrx_word' id='word_1_123' title='bbox 1084 2024 1135 2089; x_wconf 87' lang='lat' dir='ltr'>vel</span> <span class='ocrx_word' id='word_1_124' title='bbox 1157 2024 1243 2105; x_wconf 82' lang='lat' dir='ltr'>quod</span> <span class='ocrx_word' id='word_1_125' title='bbox 1265 2024 1349 2090; x_wconf 86' lang='lat' dir='ltr'>detis</span> 
     </span>
     <span class='ocr_line' id='line_1_14' title="bbox 150 2122 1348 2207; baseline 0.003 -19"><span class='ocrx_word' id='word_1_126' title='bbox 150 2143 207 2191; x_wconf 89' lang='lat' dir='ltr'>vos</span> <span class='ocrx_word' id='word_1_127' title='bbox 227 2124 322 2206; x_wconf 88' lang='lat' dir='ltr'>plane</span> <span class='ocrx_word' id='word_1_128' title='bbox 345 2129 376 2189; x_wconf 86' lang='lat' dir='ltr'>et</span> <span class='ocrx_word' id='word_1_129' title='bbox 398 2125 541 2189; x_wconf 87' lang='lat' dir='ltr'>totaliter</span> <span class='ocrx_word' id='word_1_130' title='bbox 562 2122 602 2187; x_wconf 91' lang='lat' dir='ltr'>ad</span> <span class='ocrx_word' id='word_1_131' title='bbox 624 2122 759 2202; x_wconf 81' lang='lat' dir='ltr'>gratiam</span> <span class='ocrx_word' id='word_1_132' title='bbox 785 2124 878 2188; x_wconf 90' lang='lat' dir='ltr'>etad</span> <span class='ocrx_word' id='word_1_133' title='bbox 901 2144 1011 2189; x_wconf 88' lang='lat' dir='ltr'>manus</span> <span class='ocrx_word' id='word_1_134' title='bbox 1034 2125 1168 2204; x_wconf 90' lang='lat' dir='ltr'>concilii,</span> <span class='ocrx_word' id='word_1_135' title='bbox 1192 2125 1348 2207; x_wconf 87' lang='lat' dir='ltr'>quidquid</span> 
     </span>
     <span class='ocr_line' id='line_1_15' title="bbox 151 2222 1348 2304; baseline 0.002 -14"><span class='ocrx_word' id='word_1_136' title='bbox 151 2224 317 2290; x_wconf 89' lang='lat' dir='ltr'>concilium</span> <span class='ocrx_word' id='word_1_137' title='bbox 339 2223 507 2287; x_wconf 82' lang='lat' dir='ltr'>dictaverit</span> <span class='ocrx_word' id='word_1_138' title='bbox 522 2222 700 2301; x_wconf 84' lang='lat' dir='ltr'>vobiscum,</span> <span class='ocrx_word' id='word_1_139' title='bbox 723 2223 807 2302; x_wconf 91' lang='lat' dir='ltr'>quod</span> <span class='ocrx_word' id='word_1_140' title='bbox 821 2225 892 2288; x_wconf 88' lang='lat' dir='ltr'>sitis</span> <span class='ocrx_word' id='word_1_141' title='bbox 915 2231 1099 2304; x_wconf 87' lang='lat' dir='ltr'>contentus;</span> <span class='ocrx_word' id='word_1_142' title='bbox 1122 2232 1155 2290; x_wconf 89' lang='lat' dir='ltr'>et</span> <span class='ocrx_word' id='word_1_143' title='bbox 1177 2227 1348 2293; x_wconf 91' lang='lat' dir='ltr'>concilium</span> 
     </span>
     <span class='ocr_line' id='line_1_16' title="bbox 151 2322 1347 2409; baseline 0.008 -25"><span class='ocrx_word' id='word_1_144' title='bbox 151 2326 191 2389; x_wconf 88' lang='lat' dir='ltr'>ab</span> <span class='ocrx_word' id='word_1_145' title='bbox 214 2324 426 2388; x_wconf 87' lang='lat' dir='ltr'>reverentiam</span> <span class='ocrx_word' id='word_1_146' title='bbox 449 2323 501 2387; x_wconf 93' lang='lat' dir='ltr'>hic</span> <span class='ocrx_word' id='word_1_147' title='bbox 522 2322 642 2386; x_wconf 92' lang='lat' dir='ltr'>domini</span> <span class='ocrx_word' id='word_1_148' title='bbox 663 2323 748 2401; x_wconf 78' lang='lat' dir='ltr'>regis</span> <span class='ocrx_word' id='word_1_149' title='bbox 771 2324 983 2389; x_wconf 86' lang='lat' dir='ltr'>Romanorum</span> <span class='ocrx_word' id='word_1_150' title='bbox 1006 2333 1039 2390; x_wconf 90' lang='lat' dir='ltr'>et</span> <span class='ocrx_word' id='word_1_151' title='bbox 1061 2326 1170 2391; x_wconf 88' lang='lat' dir='ltr'>fratris</span> <span class='ocrx_word' id='word_1_152' title='bbox 1193 2329 1244 2392; x_wconf 89' lang='lat' dir='ltr'>sui</span> <span class='ocrx_word' id='word_1_153' title='bbox 1259 2327 1347 2409; x_wconf 77' lang='lat' dir='ltr'>regis</span> 
     </span>
     <span class='ocr_line' id='line_1_17' title="bbox 149 2423 1349 2509; baseline 0.003 -19"><span class='ocrx_word' id='word_1_154' title='bbox 149 2425 321 2490; x_wconf 90' lang='lat' dir='ltr'>Behemiae</span> <span class='ocrx_word' id='word_1_155' title='bbox 336 2429 367 2487; x_wconf 89' lang='lat' dir='ltr'>et</span> <span class='ocrx_word' id='word_1_156' title='bbox 383 2428 516 2504; x_wconf 83' lang='lat' dir='ltr'>propter</span> <span class='ocrx_word' id='word_1_157' title='bbox 531 2428 673 2486; x_wconf 90' lang='lat' dir='ltr'>vestrum</span> <span class='ocrx_word' id='word_1_158' title='bbox 687 2423 804 2488; x_wconf 87' lang='lat' dir='ltr'>bonum</span> <span class='ocrx_word' id='word_1_159' title='bbox 816 2425 911 2489; x_wconf 88' lang='lat' dir='ltr'>faciet</span> <span class='ocrx_word' id='word_1_160' title='bbox 933 2427 1094 2490; x_wconf 84' lang='lat' dir='ltr'>vobiscum</span> <span class='ocrx_word' id='word_1_161' title='bbox 1114 2429 1166 2509; x_wconf 86' lang='lat' dir='ltr'>pie</span> <span class='ocrx_word' id='word_1_162' title='bbox 1189 2435 1223 2493; x_wconf 89' lang='lat' dir='ltr'>et</span> <span class='ocrx_word' id='word_1_163' title='bbox 1238 2429 1349 2494; x_wconf 80' lang='lat' dir='ltr'>fruma·</span> 
     </span>
     <span class='ocr_line' id='line_1_18' title="bbox 149 2523 1348 2607; baseline 0.003 -16"><span class='ocrx_word' id='word_1_164' title='bbox 149 2527 251 2604; x_wconf 82' lang='lat' dir='ltr'>niter3</span> <span class='ocrx_word' id='word_1_165' title='bbox 280 2525 331 2588; x_wconf 86' lang='lat' dir='ltr'>vel</span> <span class='ocrx_word' id='word_1_166' title='bbox 356 2523 385 2588; x_wconf 89' lang='lat' dir='ltr'>si</span> <span class='ocrx_word' id='word_1_167' title='bbox 413 2523 516 2588; x_wconf 91' lang='lat' dir='ltr'>adhuc</span> <span class='ocrx_word' id='word_1_168' title='bbox 537 2523 660 2603; x_wconf 87' lang='lat' dir='ltr'>aliquos</span> <span class='ocrx_word' id='word_1_169' title='bbox 682 2524 834 2588; x_wconf 90' lang='lat' dir='ltr'>articulos</span> <span class='ocrx_word' id='word_1_170' title='bbox 856 2544 896 2589; x_wconf 84' lang='lat' dir='ltr'>ex</span> <span class='ocrx_word' id='word_1_171' title='bbox 916 2526 1092 2607; x_wconf 88' lang='lat' dir='ltr'>praedictis</span> <span class='ocrx_word' id='word_1_172' title='bbox 1114 2535 1228 2593; x_wconf 87' lang='lat' dir='ltr'>tenere</span> <span class='ocrx_word' id='word_1_173' title='bbox 1250 2529 1348 2595; x_wconf 84' lang='lat' dir='ltr'>vultis</span> 
     </span>
     <span class='ocr_line' id='line_1_19' title="bbox 150 2623 1349 2707; baseline 0.003 -16"><span class='ocrx_word' id='word_1_174' title='bbox 150 2632 183 2691; x_wconf 89' lang='lat' dir='ltr'>et</span> <span class='ocrx_word' id='word_1_175' title='bbox 205 2625 390 2701; x_wconf 80' lang='lat' dir='ltr'>defendere,</span> <span class='ocrx_word' id='word_1_176' title='bbox 414 2631 446 2689; x_wconf 90' lang='lat' dir='ltr'>et</span> <span class='ocrx_word' id='word_1_177' title='bbox 461 2624 488 2687; x_wconf 90' lang='lat' dir='ltr'>si</span> <span class='ocrx_word' id='word_1_178' title='bbox 501 2623 619 2705; x_wconf 88' lang='lat' dir='ltr'>optatis</span> <span class='ocrx_word' id='word_1_179' title='bbox 641 2623 848 2690; x_wconf 87' lang='lat' dir='ltr'>adlrucaliam</span> <span class='ocrx_word' id='word_1_180' title='bbox 870 2626 1075 2706; x_wconf 87' lang='lat' dir='ltr'>audientiam,</span> <span class='ocrx_word' id='word_1_181' title='bbox 1093 2628 1224 2693; x_wconf 86' lang='lat' dir='ltr'>dabitur</span> <span class='ocrx_word' id='word_1_182' title='bbox 1246 2628 1349 2707; x_wconf 69' lang='lat' dir='ltr'>vobis</span> 
     </span>
     <span class='ocr_line' id='line_1_20' title="bbox 150 2724 1351 2805; baseline 0.002 -15"><span class='ocrx_word' id='word_1_183' title='bbox 150 2726 208 2792; x_wconf 86' lang='lat' dir='ltr'>sed</span> <span class='ocrx_word' id='word_1_184' title='bbox 229 2725 352 2804; x_wconf 86' lang='lat' dir='ltr'>sciatis,</span> <span class='ocrx_word' id='word_1_185' title='bbox 386 2724 438 2788; x_wconf 91' lang='lat' dir='ltr'>hic</span> <span class='ocrx_word' id='word_1_186' title='bbox 465 2741 535 2788; x_wconf 87' lang='lat' dir='ltr'>esse</span> <span class='ocrx_word' id='word_1_187' title='bbox 564 2730 629 2787; x_wconf 90' lang='lat' dir='ltr'>tam</span> <span class='ocrx_word' id='word_1_188' title='bbox 650 2742 781 2804; x_wconf 83' lang='lat' dir='ltr'>magnos</span> <span class='ocrx_word' id='word_1_189' title='bbox 805 2733 837 2789; x_wconf 89' lang='lat' dir='ltr'>et</span> <span class='ocrx_word' id='word_1_190' title='bbox 858 2725 1052 2792; x_wconf 90' lang='lat' dir='ltr'>illuminatos</span> <span class='ocrx_word' id='word_1_191' title='bbox 1073 2728 1173 2805; x_wconf 78' lang='lat' dir='ltr'>vireo,</span> <span class='ocrx_word' id='word_1_192' title='bbox 1197 2727 1351 2793; x_wconf 87' lang='lat' dir='ltr'>doctores</span> 
     </span>
     <span class='ocr_line' id='line_1_21' title="bbox 151 2823 1351 2906; baseline 0.001 -14"><span class='ocrx_word' id='word_1_193' title='bbox 151 2834 184 2892; x_wconf 92' lang='lat' dir='ltr'>et</span> <span class='ocrx_word' id='word_1_194' title='bbox 214 2826 404 2906; x_wconf 76' lang='lat' dir='ltr'>magistrer,</span> <span class='ocrx_word' id='word_1_195' title='bbox 440 2824 494 2904; x_wconf 90' lang='lat' dir='ltr'>qui</span> <span class='ocrx_word' id='word_1_196' title='bbox 522 2823 643 2888; x_wconf 91' lang='lat' dir='ltr'>habent</span> <span class='ocrx_word' id='word_1_197' title='bbox 675 2832 786 2889; x_wconf 87' lang='lat' dir='ltr'>contra</span> <span class='ocrx_word' id='word_1_198' title='bbox 821 2827 973 2891; x_wconf 87' lang='lat' dir='ltr'>articulos</span> <span class='ocrx_word' id='word_1_199' title='bbox 999 2835 1123 2892; x_wconf 88' lang='lat' dir='ltr'>vestros</span> <span class='ocrx_word' id='word_1_200' title='bbox 1153 2834 1219 2893; x_wconf 90' lang='lat' dir='ltr'>tam</span> <span class='ocrx_word' id='word_1_201' title='bbox 1247 2830 1351 2895; x_wconf 84' lang='lat' dir='ltr'>fortes</span> 
     </span>
     <span class='ocr_line' id='line_1_22' title="bbox 150 2922 1351 3007; baseline 0.002 -16"><span class='ocrx_word' id='word_1_202' title='bbox 150 2928 299 3006; x_wconf 89' lang='lat' dir='ltr'>rationes,</span> <span class='ocrx_word' id='word_1_203' title='bbox 322 2923 407 3006; x_wconf 90' lang='lat' dir='ltr'>quod</span> <span class='ocrx_word' id='word_1_204' title='bbox 428 2922 601 2988; x_wconf 91' lang='lat' dir='ltr'>timendum</span> <span class='ocrx_word' id='word_1_205' title='bbox 624 2931 681 3002; x_wconf 89' lang='lat' dir='ltr'>est,</span> <span class='ocrx_word' id='word_1_206' title='bbox 705 2944 744 2988; x_wconf 91' lang='lat' dir='ltr'>ne</span> <span class='ocrx_word' id='word_1_207' title='bbox 768 2927 801 2989; x_wconf 94' lang='lat' dir='ltr'>in</span> <span class='ocrx_word' id='word_1_208' title='bbox 821 2927 958 3006; x_wconf 86' lang='lat' dir='ltr'>majores</span> <span class='ocrx_word' id='word_1_209' title='bbox 981 2945 1109 2991; x_wconf 87' lang='lat' dir='ltr'>errores</span> <span class='ocrx_word' id='word_1_210' title='bbox 1131 2927 1351 3007; x_wconf 75' lang='lat' dir='ltr'>involvamini,</span> 
     </span>
     <span class='ocr_line' id='line_1_23' title="bbox 151 3023 1351 3109; baseline 0.004 -19"><span class='ocrx_word' id='word_1_211' title='bbox 151 3029 176 3090; x_wconf 86' lang='lat' dir='ltr'>si</span> <span class='ocrx_word' id='word_1_212' title='bbox 209 3026 281 3090; x_wconf 92' lang='lat' dir='ltr'>illos</span> <span class='ocrx_word' id='word_1_213' title='bbox 309 3023 461 3089; x_wconf 89' lang='lat' dir='ltr'>articulos</span> <span class='ocrx_word' id='word_1_214' title='bbox 486 3023 659 3088; x_wconf 88' lang='lat' dir='ltr'>defendere</span> <span class='ocrx_word' id='word_1_215' title='bbox 691 3025 856 3090; x_wconf 83' lang='lat' dir='ltr'>volueritis</span> <span class='ocrx_word' id='word_1_216' title='bbox 887 3034 919 3090; x_wconf 89' lang='lat' dir='ltr'>et</span> <span class='ocrx_word' id='word_1_217' title='bbox 950 3035 1071 3090; x_wconf 80' lang='lat' dir='ltr'>tenere.</span> <span class='ocrx_word' id='word_1_218' title='bbox 1104 3027 1173 3109; x_wconf 86' lang='lat' dir='ltr'>Ego</span> <span class='ocrx_word' id='word_1_219' title='bbox 1205 3031 1351 3109; x_wconf 90' lang='lat' dir='ltr'>consulo,</span> 
     </span>
     <span class='ocr_line' id='line_1_24' title="bbox 148 3123 1351 3209; baseline 0.002 -19"><span class='ocrx_word' id='word_1_220' title='bbox 148 3144 212 3191; x_wconf 91' lang='lat' dir='ltr'>non</span> <span class='ocrx_word' id='word_1_221' title='bbox 224 3123 420 3207; x_wconf 89' lang='lat' dir='ltr'>judicialiter</span> <span class='ocrx_word' id='word_1_222' title='bbox 434 3124 558 3204; x_wconf 90' lang='lat' dir='ltr'>loquor.</span> <span class='ocrx_word' id='word_1_223' title='bbox 579 3124 622 3188; x_wconf 90' lang='lat' dir='ltr'>Et</span> <span class='ocrx_word' id='word_1_224' title='bbox 638 3124 692 3189; x_wconf 91' lang='lat' dir='ltr'>alii</span> <span class='ocrx_word' id='word_1_225' title='bbox 714 3124 964 3205; x_wconf 82' lang='lat' dir='ltr'>subjunxerunt:</span> <span class='ocrx_word' id='word_1_226' title='bbox 986 3128 1049 3190; x_wconf 78' lang='lat' dir='ltr'>l’ro</span> <span class='ocrx_word' id='word_1_227' title='bbox 1072 3133 1170 3208; x_wconf 89' lang='lat' dir='ltr'>certo,</span> <span class='ocrx_word' id='word_1_228' title='bbox 1192 3129 1351 3209; x_wconf 84' lang='lat' dir='ltr'>magistet</span> 
     </span>
     <span class='ocr_line' id='line_1_25' title="bbox 148 3223 1351 3305; baseline 0.002 -14"><span class='ocrx_word' id='word_1_229' title='bbox 148 3227 308 3304; x_wconf 88' lang='lat' dir='ltr'>Joanues,</span> <span class='ocrx_word' id='word_1_230' title='bbox 337 3223 449 3289; x_wconf 89' lang='lat' dir='ltr'>melius</span> <span class='ocrx_word' id='word_1_231' title='bbox 473 3232 523 3289; x_wconf 88' lang='lat' dir='ltr'>est</span> <span class='ocrx_word' id='word_1_232' title='bbox 546 3223 647 3305; x_wconf 86' lang='lat' dir='ltr'>vobis,</span> <span class='ocrx_word' id='word_1_233' title='bbox 671 3231 707 3289; x_wconf 91' lang='lat' dir='ltr'>ut</span> <span class='ocrx_word' id='word_1_234' title='bbox 728 3225 806 3290; x_wconf 92' lang='lat' dir='ltr'>dicit</span> <span class='ocrx_word' id='word_1_235' title='bbox 827 3225 973 3290; x_wconf 88' lang='lat' dir='ltr'>domiuus</span> <span class='ocrx_word' id='word_1_236' title='bbox 995 3228 1180 3305; x_wconf 82' lang='lat' dir='ltr'>cardinalia,</span> <span class='ocrx_word' id='word_1_237' title='bbox 1204 3228 1351 3295; x_wconf 78' lang='lat' dir='ltr'>atreus</span> 
     </span>
     <span class='ocr_line' id='line_1_26' title="bbox 148 3319 1351 3410; baseline 0.005 -23"><span class='ocrx_word' id='word_1_238' title='bbox 148 3341 205 3390; x_wconf 87' lang='lat' dir='ltr'>vos</span> <span class='ocrx_word' id='word_1_239' title='bbox 233 3324 378 3389; x_wconf 88' lang='lat' dir='ltr'>totaliter</span> <span class='ocrx_word' id='word_1_240' title='bbox 405 3324 447 3388; x_wconf 88' lang='lat' dir='ltr'>ad</span> <span class='ocrx_word' id='word_1_241' title='bbox 467 3324 601 3404; x_wconf 83' lang='lat' dir='ltr'>gratiam</span> <span class='ocrx_word' id='word_1_242' title='bbox 630 3324 770 3405; x_wconf 92' lang='lat' dir='ltr'>concilii,</span> <span class='ocrx_word' id='word_1_243' title='bbox 802 3332 834 3390; x_wconf 89' lang='lat' dir='ltr'>et</span> <span class='ocrx_word' id='word_1_244' title='bbox 856 3345 918 3389; x_wconf 96' lang='lat' dir='ltr'>non</span> <span class='ocrx_word' id='word_1_245' title='bbox 942 3319 1080 3392; x_wconf 87' lang='lat' dir='ltr'>teneatis</span> <span class='ocrx_word' id='word_1_246' title='bbox 1102 3328 1224 3410; x_wconf 89' lang='lat' dir='ltr'>aliquid</span> <span class='ocrx_word' id='word_1_247' title='bbox 1246 3328 1351 3409; x_wconf 76' lang='lat' dir='ltr'>nerti-</span> 
     </span>
     <span class='ocr_line' id='line_1_27' title="bbox 149 3423 1343 3507; baseline 0.005 -20"><span class='ocrx_word' id='word_1_248' title='bbox 149 3423 281 3489; x_wconf 89' lang='lat' dir='ltr'>naciter.</span> <span class='ocrx_word' id='word_1_249' title='bbox 309 3423 351 3489; x_wconf 84' lang='lat' dir='ltr'>Et</span> <span class='ocrx_word' id='word_1_250' title='bbox 379 3425 532 3504; x_wconf 87' lang='lat' dir='ltr'>magister</span> <span class='ocrx_word' id='word_1_251' title='bbox 553 3423 704 3489; x_wconf 91' lang='lat' dir='ltr'>inclinato</span> <span class='ocrx_word' id='word_1_252' title='bbox 727 3426 831 3507; x_wconf 87' lang='lat' dir='ltr'>capite</span> <span class='ocrx_word' id='word_1_253' title='bbox 854 3426 1021 3507; x_wconf 83' lang='lat' dir='ltr'>respondit</span> <span class='ocrx_word' id='word_1_254' title='bbox 1044 3427 1221 3494; x_wconf 88' lang='lat' dir='ltr'>humiliter:</span> <span class='ocrx_word' id='word_1_255' title='bbox 1245 3430 1343 3493; x_wconf 86' lang='lat' dir='ltr'>Reve-</span> 
     </span>
     <span class='ocr_line' id='line_1_28' title="bbox 148 3522 1342 3611; baseline 0.007 -25"><span class='ocrx_word' id='word_1_256' title='bbox 148 3522 329 3588; x_wconf 86' lang='lat' dir='ltr'>rendissimi</span> <span class='ocrx_word' id='word_1_257' title='bbox 351 3525 475 3604; x_wconf 84' lang='lat' dir='ltr'>patres!</span> <span class='ocrx_word' id='word_1_258' title='bbox 499 3522 567 3603; x_wconf 81' lang='lat' dir='ltr'>Ego</span> <span class='ocrx_word' id='word_1_259' title='bbox 589 3525 650 3588; x_wconf 81' lang='lat' dir='ltr'>lruc</span> <span class='ocrx_word' id='word_1_260' title='bbox 671 3522 772 3589; x_wconf 88' lang='lat' dir='ltr'>libere</span> <span class='ocrx_word' id='word_1_261' title='bbox 794 3526 882 3605; x_wconf 86' lang='lat' dir='ltr'>veni,</span> <span class='ocrx_word' id='word_1_262' title='bbox 916 3544 979 3591; x_wconf 93' lang='lat' dir='ltr'>non</span> <span class='ocrx_word' id='word_1_263' title='bbox 1002 3527 1041 3590; x_wconf 90' lang='lat' dir='ltr'>ad</span> <span class='ocrx_word' id='word_1_264' title='bbox 1063 3528 1183 3609; x_wconf 82' lang='lat' dir='ltr'>aliquid</span> <span class='ocrx_word' id='word_1_265' title='bbox 1206 3531 1342 3611; x_wconf 84' lang='lat' dir='ltr'>pertine·</span> 
     </span>
     <span class='ocr_line' id='line_1_29' title="bbox 149 3622 1339 3702; baseline 0.008 -16"><span class='ocrx_word' id='word_1_266' title='bbox 149 3623 231 3686; x_wconf 89' lang='lat' dir='ltr'>citer</span> <span class='ocrx_word' id='word_1_267' title='bbox 257 3622 502 3702; x_wconf 89' lang='lat' dir='ltr'>defendendum,</span> <span class='ocrx_word' id='word_1_268' title='bbox 537 3624 594 3688; x_wconf 89' lang='lat' dir='ltr'>sed</span> <span class='ocrx_word' id='word_1_269' title='bbox 623 3625 649 3688; x_wconf 88' lang='lat' dir='ltr'>si</span> <span class='ocrx_word' id='word_1_270' title='bbox 678 3624 708 3688; x_wconf 91' lang='lat' dir='ltr'>in</span> <span class='ocrx_word' id='word_1_271' title='bbox 732 3624 802 3690; x_wconf 89' lang='lat' dir='ltr'>aliis</span> <span class='ocrx_word' id='word_1_272' title='bbox 836 3627 938 3691; x_wconf 91' lang='lat' dir='ltr'>minus</span> <span class='ocrx_word' id='word_1_273' title='bbox 966 3628 1048 3692; x_wconf 88' lang='lat' dir='ltr'>bene</span> <span class='ocrx_word' id='word_1_274' title='bbox 1076 3647 1132 3692; x_wconf 89' lang='lat' dir='ltr'>seu</span> <span class='ocrx_word' id='word_1_275' title='bbox 1162 3628 1339 3695; x_wconf 76' lang='lat' dir='ltr'>defectuosa</span> 
     </span>
     <span class='ocr_line' id='line_1_30' title="bbox 149 3722 1338 3808; baseline 0.008 -25"><span class='ocrx_word' id='word_1_276' title='bbox 149 3722 250 3804; x_wconf 86' lang='lat' dir='ltr'>posui,</span> <span class='ocrx_word' id='word_1_277' title='bbox 272 3723 343 3786; x_wconf 93' lang='lat' dir='ltr'>volo</span> <span class='ocrx_word' id='word_1_278' title='bbox 366 3722 579 3788; x_wconf 84' lang='lat' dir='ltr'>informationi</span> <span class='ocrx_word' id='word_1_279' title='bbox 610 3723 734 3788; x_wconf 91' lang='lat' dir='ltr'>concilii</span> <span class='ocrx_word' id='word_1_280' title='bbox 756 3725 917 3789; x_wconf 87' lang='lat' dir='ltr'>humiliter</span> <span class='ocrx_word' id='word_1_281' title='bbox 939 3726 1119 3806; x_wconf 87' lang='lat' dir='ltr'>subjacere;</span> <span class='ocrx_word' id='word_1_282' title='bbox 1144 3746 1224 3808; x_wconf 82' lang='lat' dir='ltr'>rogo</span> <span class='ocrx_word' id='word_1_283' title='bbox 1240 3734 1338 3795; x_wconf 87' lang='lat' dir='ltr'>tamen</span> 
     </span>
     <span class='ocr_line' id='line_1_31' title="bbox 148 3822 1338 3904; baseline 0.006 -17"><span class='ocrx_word' id='word_1_284' title='bbox 148 3829 282 3904; x_wconf 89' lang='lat' dir='ltr'>propter</span> <span class='ocrx_word' id='word_1_285' title='bbox 303 3823 409 3901; x_wconf 74' lang='lat' dir='ltr'>delun,</span> <span class='ocrx_word' id='word_1_286' title='bbox 433 3822 518 3903; x_wconf 91' lang='lat' dir='ltr'>quod</span> <span class='ocrx_word' id='word_1_287' title='bbox 539 3822 634 3887; x_wconf 88' lang='lat' dir='ltr'>detur</span> <span class='ocrx_word' id='word_1_288' title='bbox 655 3824 732 3887; x_wconf 86' lang='lat' dir='ltr'>milri</span> <span class='ocrx_word' id='word_1_289' title='bbox 754 3825 916 3889; x_wconf 87' lang='lat' dir='ltr'>audientia</span> <span class='ocrx_word' id='word_1_290' title='bbox 937 3825 977 3890; x_wconf 91' lang='lat' dir='ltr'>ad</span> <span class='ocrx_word' id='word_1_291' title='bbox 999 3826 1228 3893; x_wconf 87' lang='lat' dir='ltr'>declarandum</span> <span class='ocrx_word' id='word_1_292' title='bbox 1241 3831 1338 3894; x_wconf 88' lang='lat' dir='ltr'>inteu-</span> 
     </span>
     <span class='ocr_line' id='line_1_32' title="bbox 149 3924 1337 4005; baseline 0.008 -19"><span class='ocrx_word' id='word_1_293' title='bbox 149 3924 268 3988; x_wconf 92' lang='lat' dir='ltr'>tionem</span> <span class='ocrx_word' id='word_1_294' title='bbox 295 3943 396 3988; x_wconf 89' lang='lat' dir='ltr'>meam</span> <span class='ocrx_word' id='word_1_295' title='bbox 418 3941 516 4004; x_wconf 83' lang='lat' dir='ltr'>super</span> <span class='ocrx_word' id='word_1_296' title='bbox 536 3924 677 3988; x_wconf 85' lang='lat' dir='ltr'>articulis</span> <span class='ocrx_word' id='word_1_297' title='bbox 699 3925 775 3988; x_wconf 89' lang='lat' dir='ltr'>mihi</span> <span class='ocrx_word' id='word_1_298' title='bbox 798 3926 950 4005; x_wconf 87' lang='lat' dir='ltr'>objectis,</span> <span class='ocrx_word' id='word_1_299' title='bbox 982 3933 1015 3991; x_wconf 85' lang='lat' dir='ltr'>et</span> <span class='ocrx_word' id='word_1_300' title='bbox 1037 3933 1221 3993; x_wconf 89' lang='lat' dir='ltr'>sanctorum</span> <span class='ocrx_word' id='word_1_301' title='bbox 1235 3928 1337 3995; x_wconf 86' lang='lat' dir='ltr'>docto-</span> 
     </span>
     <span class='ocr_line' id='line_1_33' title="bbox 149 4024 1338 4109; baseline 0.008 -23"><span class='ocrx_word' id='word_1_302' title='bbox 149 4042 219 4087; x_wconf 92' lang='lat' dir='ltr'>rum</span> <span class='ocrx_word' id='word_1_303' title='bbox 240 4024 376 4106; x_wconf 79' lang='lat' dir='ltr'>scripta3</span> <span class='ocrx_word' id='word_1_304' title='bbox 398 4030 432 4089; x_wconf 92' lang='lat' dir='ltr'>et</span> <span class='ocrx_word' id='word_1_305' title='bbox 452 4026 479 4089; x_wconf 90' lang='lat' dir='ltr'>si</span> <span class='ocrx_word' id='word_1_306' title='bbox 501 4024 642 4089; x_wconf 90' lang='lat' dir='ltr'>rationes</span> <span class='ocrx_word' id='word_1_307' title='bbox 664 4044 752 4089; x_wconf 86' lang='lat' dir='ltr'>meae</span> <span class='ocrx_word' id='word_1_308' title='bbox 776 4032 808 4090; x_wconf 91' lang='lat' dir='ltr'>et</span> <span class='ocrx_word' id='word_1_309' title='bbox 828 4027 1006 4109; x_wconf 89' lang='lat' dir='ltr'>scripturae</span> <span class='ocrx_word' id='word_1_310' title='bbox 1030 4027 1177 4095; x_wconf 84' lang='lat' dir='ltr'>efficaces</span> <span class='ocrx_word' id='word_1_311' title='bbox 1199 4046 1264 4095; x_wconf 93' lang='lat' dir='ltr'>uon</span> <span class='ocrx_word' id='word_1_312' title='bbox 1277 4031 1338 4095; x_wconf 86' lang='lat' dir='ltr'>lne-</span> 
     </span>
     <span class='ocr_line' id='line_1_34' title="bbox 149 4124 1339 4209; baseline 0.006 -20"><span class='ocrx_word' id='word_1_313' title='bbox 149 4125 230 4202; x_wconf 86' lang='lat' dir='ltr'>rint,</span> <span class='ocrx_word' id='word_1_314' title='bbox 258 4124 330 4189; x_wconf 84' lang='lat' dir='ltr'>volo</span> <span class='ocrx_word' id='word_1_315' title='bbox 358 4124 572 4190; x_wconf 90' lang='lat' dir='ltr'>informationi</span> <span class='ocrx_word' id='word_1_316' title='bbox 605 4126 729 4190; x_wconf 88' lang='lat' dir='ltr'>concilii</span> <span class='ocrx_word' id='word_1_317' title='bbox 762 4127 925 4192; x_wconf 90' lang='lat' dir='ltr'>humiliter</span> <span class='ocrx_word' id='word_1_318' title='bbox 958 4129 1133 4209; x_wconf 86' lang='lat' dir='ltr'>subjacere.</span> <span class='ocrx_word' id='word_1_319' title='bbox 1167 4130 1211 4195; x_wconf 84' lang='lat' dir='ltr'>Et</span> <span class='ocrx_word' id='word_1_320' title='bbox 1238 4131 1339 4196; x_wconf 82' lang='lat' dir='ltr'>statim</span> 
     </span>
     <span class='ocr_line' id='line_1_35' title="bbox 148 4224 1339 4313; baseline 0.004 -24"><span class='ocrx_word' id='word_1_321' title='bbox 148 4224 240 4289; x_wconf 92' lang='lat' dir='ltr'>multi</span> <span class='ocrx_word' id='word_1_322' title='bbox 259 4224 474 4290; x_wconf 83' lang='lat' dir='ltr'>clamaverunt</span> <span class='ocrx_word' id='word_1_323' title='bbox 496 4225 653 4290; x_wconf 89' lang='lat' dir='ltr'>dicentes:</span> <span class='ocrx_word' id='word_1_324' title='bbox 676 4226 759 4290; x_wconf 86' lang='lat' dir='ltr'>Ecce</span> <span class='ocrx_word' id='word_1_325' title='bbox 780 4228 943 4292; x_wconf 86' lang='lat' dir='ltr'>cautulose</span> <span class='ocrx_word' id='word_1_326' title='bbox 965 4236 999 4293; x_wconf 89' lang='lat' dir='ltr'>et</span> <span class='ocrx_word' id='word_1_327' title='bbox 1019 4229 1232 4311; x_wconf 87' lang='lat' dir='ltr'>pertinaciter</span> <span class='ocrx_word' id='word_1_328' title='bbox 1244 4229 1339 4313; x_wconf 82' lang='lat' dir='ltr'>loqui·</span> 
     </span>
     <span class='ocr_line' id='line_1_36' title="bbox 149 4325 1339 4413; baseline 0.006 -25"><span class='ocrx_word' id='word_1_329' title='bbox 149 4330 214 4402; x_wconf 91' lang='lat' dir='ltr'>tur,</span> <span class='ocrx_word' id='word_1_330' title='bbox 248 4325 316 4388; x_wconf 80' lang='lat' dir='ltr'>uult</span> <span class='ocrx_word' id='word_1_331' title='bbox 344 4325 510 4413; x_wconf 19' lang='lat' dir='ltr'>srrfbjacere</span> <span class='ocrx_word' id='word_1_332' title='bbox 541 4326 755 4391; x_wconf 87' lang='lat' dir='ltr'>informationi</span> <span class='ocrx_word' id='word_1_333' title='bbox 784 4329 908 4394; x_wconf 89' lang='lat' dir='ltr'>concilii</span> <span class='ocrx_word' id='word_1_334' title='bbox 938 4334 971 4394; x_wconf 86' lang='lat' dir='ltr'>et</span> <span class='ocrx_word' id='word_1_335' title='bbox 1002 4347 1065 4393; x_wconf 94' lang='lat' dir='ltr'>non</span> <span class='ocrx_word' id='word_1_336' title='bbox 1093 4331 1288 4397; x_wconf 87' lang='lat' dir='ltr'>correctioni</span> <span class='ocrx_word' id='word_1_337' title='bbox 1310 4336 1339 4395; x_wconf 86' lang='lat' dir='ltr'>et</span> 
     </span>
     <span class='ocr_line' id='line_1_37' title="bbox 149 4422 1339 4507; baseline 0.008 -21"><span class='ocrx_word' id='word_1_338' title='bbox 149 4422 339 4489; x_wconf 88' lang='lat' dir='ltr'>diffinitioni.</span> <span class='ocrx_word' id='word_1_339' title='bbox 373 4424 415 4489; x_wconf 84' lang='lat' dir='ltr'>Et</span> <span class='ocrx_word' id='word_1_340' title='bbox 443 4426 512 4507; x_wconf 88' lang='lat' dir='ltr'>ipse</span> <span class='ocrx_word' id='word_1_341' title='bbox 542 4426 719 4507; x_wconf 89' lang='lat' dir='ltr'>respondit:</span> <span class='ocrx_word' id='word_1_342' title='bbox 741 4426 808 4492; x_wconf 93' lang='lat' dir='ltr'>Imo</span> <span class='ocrx_word' id='word_1_343' title='bbox 835 4428 1067 4505; x_wconf 88' lang='lat' dir='ltr'>informationi,</span> <span class='ocrx_word' id='word_1_344' title='bbox 1097 4431 1289 4497; x_wconf 87' lang='lat' dir='ltr'>correctioni</span> <span class='ocrx_word' id='word_1_345' title='bbox 1309 4438 1339 4495; x_wconf 86' lang='lat' dir='ltr'>et</span> 
     </span>
     <span class='ocr_line' id='line_1_38' title="bbox 149 4521 1340 4609; baseline 0.01 -23"><span class='ocrx_word' id='word_1_346' title='bbox 149 4521 300 4587; x_wconf 87' lang='lat' dir='ltr'>decisioni</span> <span class='ocrx_word' id='word_1_347' title='bbox 322 4524 392 4588; x_wconf 87' lang='lat' dir='ltr'>volo</span> <span class='ocrx_word' id='word_1_348' title='bbox 415 4526 580 4607; x_wconf 83' lang='lat' dir='ltr'>strbjacere</span> <span class='ocrx_word' id='word_1_349' title='bbox 602 4528 735 4607; x_wconf 89' lang='lat' dir='ltr'>concilii,</span> <span class='ocrx_word' id='word_1_350' title='bbox 768 4528 848 4592; x_wconf 89' lang='lat' dir='ltr'>deus</span> <span class='ocrx_word' id='word_1_351' title='bbox 869 4529 944 4592; x_wconf 87' lang='lat' dir='ltr'>milri</span> <span class='ocrx_word' id='word_1_352' title='bbox 968 4531 1059 4594; x_wconf 89' lang='lat' dir='ltr'>testis</span> <span class='ocrx_word' id='word_1_353' title='bbox 1083 4538 1141 4609; x_wconf 89' lang='lat' dir='ltr'>est,</span> <span class='ocrx_word' id='word_1_354' title='bbox 1164 4532 1290 4597; x_wconf 87' lang='lat' dir='ltr'>sincere</span> <span class='ocrx_word' id='word_1_355' title='bbox 1309 4534 1340 4597; x_wconf 78' lang='lat' dir='ltr'>et</span> 
     </span>
     <span class='ocr_line' id='line_1_39' title="bbox 150 4624 1338 4715; baseline 0.008 -29"><span class='ocrx_word' id='word_1_356' title='bbox 150 4639 213 4686; x_wconf 93' lang='lat' dir='ltr'>non</span> <span class='ocrx_word' id='word_1_357' title='bbox 234 4625 397 4690; x_wconf 88' lang='lat' dir='ltr'>cautulose</span> <span class='ocrx_word' id='word_1_358' title='bbox 413 4624 533 4705; x_wconf 85' lang='lat' dir='ltr'>loquor.</span> <span class='ocrx_word' id='word_1_359' title='bbox 563 4628 605 4692; x_wconf 75' lang='lat' dir='ltr'>lit</span> <span class='ocrx_word' id='word_1_360' title='bbox 627 4627 795 4693; x_wconf 86' lang='lat' dir='ltr'>cardinalis</span> <span class='ocrx_word' id='word_1_361' title='bbox 815 4630 1052 4695; x_wconf 84' lang='lat' dir='ltr'>f&#39;ameraceasis</span> <span class='ocrx_word' id='word_1_362' title='bbox 1067 4629 1148 4695; x_wconf 84' lang='lat' dir='ltr'>dixit</span> <span class='ocrx_word' id='word_1_363' title='bbox 1169 4632 1210 4697; x_wconf 91' lang='lat' dir='ltr'>ad</span> <span class='ocrx_word' id='word_1_364' title='bbox 1224 4633 1338 4715; x_wconf 81' lang='lat' dir='ltr'>ipsum:</span> 
     </span>
    </p>
   </div>
   <div class='ocr_carea' id='block_1_4' title="bbox 0 0 1500 5258">
    <p class='ocr_par' dir='ltr' id='par_1_4' title="bbox 0 0 1500 5258">
     <span class='ocr_line' id='line_1_40' title="bbox 0 0 1500 5258; baseline 0 0"><span class='ocrx_word' id='word_1_365' title='bbox 0 0 1500 5258; x_wconf 95' lang='lat' dir='ltr'> </span> 
     </span>
    </p>
   </div>
  </div>
 </body>
</html>
