2992 5258
150 412 212 481 662
319 448 324 461 .
392 413 596 467 controversiae
614 412 648 467 de
666 413 795 479 religione
814 413 841 465 in
862 411 1001 465 Bobemla:
1021 412 1090 465 1417.

153 606 387 682 ecclesiasticae
416 608 450 681 et
478 617 560 681 bona
588 617 718 698 speciali
747 616 840 681 titulo
868 617 929 698 ipsi
959 624 1033 682 sunt
1064 614 1220 696 ascripta,
1251 617 1336 683 nimis

152 716 255 782 eidem
281 717 459 799 injuriatur,
489 715 562 781 drrm
589 717 659 781 illas
689 717 805 797 quique
837 716 908 797 ipso
941 721 1142 783 contractem
1176 716 1278 781 invito
1307 722 1338 783 et

150 816 289 882 abusivis
310 812 535 881 afflictionibus
550 816 706 881 tribulent
719 822 753 881 ct
766 814 901 897 flagellis
916 816 1050 883 caedant
1071 819 1105 882 in
1118 818 1210 897 virga
1224 814 1336 895 ferrea,

150 919 258 999 itaque
283 917 349 999 jam
375 934 477 998 paene
504 917 632 999 penitus
659 917 810 982 exinaniti
839 917 889 981 vix
912 924 1046 1000 possunt
1067 918 1153 982 inter
1174 919 1336 999 angustias

152 1017 325 1098 respirare)
360 1050 396 1063 -
427 1023 583 1098 quatenus
615 1016 790 1099 prudenter
821 1017 1034 1098 attendentes,
1067 1017 1153 1099 quod
1181 1016 1336 1095 desinere,

152 1137 221 1184 curn
231 1117 362 1201 possitis
385 1117 573 1199 perturbare
588 1134 766 1200 perversos,
785 1116 861 1182 nihil
883 1125 932 1184 est
948 1118 1033 1183 aliud
1047 1136 1142 1200 quam
1156 1118 1276 1197 lovere,
1304 1152 1337 1177 -.-

152 1217 229 1299 (non
262 1227 350 1284 caret
383 1219 467 1283 enim
504 1219 652 1299 scrupulo
686 1218 848 1283 societatis
885 1219 1045 1298 occultae,
1081 1219 1135 1300 qui
1171 1217 1334 1283 manifesta

153 1317 284 1384 facinori
305 1319 468 1385 desineret
494 1317 647 1398 obviare)
672 1353 707 1364 -
731 1317 771 1383 ad
793 1317 1040 1384 confutationem
1063 1325 1096 1385 et
1124 1318 1336 1384 contusionem

153 1418 309 1484 dictorum
338 1438 560 1502 perversorum
591 1426 623 1483 et
645 1436 788 1483 errorum
815 1419 884 1499 pias
904 1427 1028 1484 mentes
1055 1419 1338 1497 scandalisaatirun,

154 1537 233 1601 quos
255 1521 356 1585 hostis
378 1519 500 1602 antiqui
513 1519 636 1584 fallacie
657 1538 675 1583 a
691 1519 871 1599 cognitione
893 1521 960 1585 veri
975 1518 1103 1585 luminis
1114 1521 1254 1587 reddens
1267 1519 1337 1586 alia·

154 1640 212 1687 nos
234 1624 293 1686 sub
314 1623 498 1702 angelorum
520 1621 607 1702 pacis
629 1620 729 1687 torma
750 1621 946 1701 transmittit,
978 1628 1011 1687 et
1043 1629 1079 1687 ut
1098 1621 1203 1687 Judae
1227 1619 1337 1687 vicarii

154 1720 227 1787 dum
252 1723 337 1805 pacis
360 1722 501 1787 osculum
530 1721 705 1802 porrigunt,
736 1720 886 1804 deceptas
913 1723 1033 1787 animas
1053 1722 1094 1788 ad
1115 1722 1270 1788 inferiora
1289 1721 1338 1786 de·

154 1822 280 1903 ducunt,
326 1859 363 1869 -
386 1822 579 1903 insurgendo
606 1841 645 1886 ex
674 1822 807 1888 adverso
832 1828 980 1903 potenter
1002 1830 1034 1888 et
1061 1829 1212 1905 patenter
1240 1824 1337 1888 inten-

154 1924 245 2002 datis,
257 1924 341 1988 illius
353 1924 572 1989 severissimae
584 1923 744 2004 jussionis,
767 1942 848 2003 quac
861 1924 1025 2007 praecipit,
1048 1932 1084 1989 ut
1103 1925 1130 1990 si
1148 1931 1339 1990 nosternon·

154 2025 203 2091 lus
225 2025 485 2091 scandalisaverit
500 2042 568 2103 nos,
585 2043 732 2090 errrarnus
746 2025 833 2088 illum
850 2030 882 2089 et
896 2025 1099 2107 projiciamus
1120 2024 1255 2104 anobis,
1271 2022 1336 2104 quie

155 2142 216 2207 que
239 2133 353 2208 potens
376 2134 426 2191 est
444 2134 477 2191 at
500 2142 615 2207 corpus
638 2130 671 2191 et
691 2127 826 2191 animam
847 2127 976 2191 mittere
997 2127 1030 2191 in
1053 2128 1239 2206 gebennam,
1264 2143 1337 2188 -a

155 2226 337 2308 praemissis
352 2227 441 2291 malis
457 2233 490 2291 ct
504 2225 778 2307 persecutionibus
794 2227 947 2292 ecclcsiae
963 2233 997 2293 et
1018 2227 1094 2293 cleri
1109 2228 1240 2292 inantea
1263 2228 1340 2290 tota·

155 2326 229 2391 liter
251 2325 456 2406 abstinentes,
484 2333 608 2392 ceteros
630 2345 771 2408 quosque
798 2329 939 2394 animose
960 2334 1211 2411 compescentes
1233 2345 1271 2392 ac
1291 2343 1341 2390 ne·

30 2412 40 2511 ,¹
156 2427 261 2506 glecta
282 2433 315 2493 ct
336 2428 509 2494 deformata
531 2428 562 2492 in
585 2435 692 2493 vestra
721 2414 954 2509 communitate,
983 2429 1267 2509 colligationesque
1288 2427 1341 2492 im·

155 2526 285 2610 pietatis
307 2534 340 2593 et
361 2528 527 2594 fasciculos
550 2527 765 2610 deprimentes
787 2530 914 2593 omnino
936 2529 1133 2611 deponentes
1155 2535 1189 2594 et
1213 2543 1341 2610 prorsus

151 2619 339 2693 evacuando
362 2629 583 2706 dissolventes,
607 2635 733 2694 utnon
755 2629 922 2695 videamini
943 2630 1055 2695 faciem
1076 2635 1189 2695 contra
1216 2629 1340 2695 liberta·

150 2719 221 2793 ‘tem
243 2729 490 2795 ecclesiasticam
512 2727 704 2810 obfirmasse,
735 2749 776 2795 ne
797 2730 953 2795 iacientes
976 2737 1009 2796 et
1030 2731 1270 2796 consentientes
1289 2746 1343 2812 par

156 2847 259 2911 poena
285 2830 492 2910 constringat,
522 2829 782 2910 dissimulatione,
810 2830 1009 2912 subterfugio
1031 2838 1064 2897 et
1086 2831 1292 2896 excusatione
1311 2829 1341 2894 iu

149 2929 327 3011 ‘praedictis
348 2931 489 3013 qualibet
511 2937 666 3009 cessante,
689 2931 834 3013 protinus
846 2929 1034 3010 reformetis,
1055 2932 1102 2997 ita
1123 2930 1210 3014 quod
1232 2931 1341 3013 iniqui·

150 3036 254 3097 ‘tatem
277 3031 382 3096 odisse
405 3040 439 3097 et
457 3032 612 3112 justitiam
634 3030 768 3112 diligere
790 3031 946 3114 iidemque
979 3033 1166 3100 catholicam
1190 3034 1342 3114 integram

156 3131 401 3213 inviolatamque
430 3150 559 3198 servare
593 3151 648 3198 vos
681 3150 739 3214 per
765 3133 844 3198 haec
869 3132 1043 3198 efficaciter
1073 3133 1283 3200 ostendentes
1313 3138 1343 3198 ct

156 3230 249 3296 fidem
265 3233 450 3297 catholicam
473 3233 623 3314 operibus
637 3232 833 3313 profitentes,
857 3239 983 3299 vestrae
998 3234 1177 3300 devotionis
1190 3233 1341 3303 stimma

151 3328 252 3414 'quem
273 3350 351 3413 erga
365 3332 457 3397 deum
479 3332 602 3414 atejus
625 3351 773 3416 sponsam
795 3341 1028 3401 sacrosanctam
1050 3342 1184 3401 matram
1205 3341 1343 3400 nostram

157 3433 323 3498 ecclesiam
346 3434 541 3513 catholicam,
570 3452 633 3498 non
659 3434 828 3501 habentem
849 3437 1001 3503 maculam
1022 3455 1126 3519 nequa
1143 3455 1270 3519 rugam,
1292 3453 1342 3516 ga·

157 3534 238 3613 ritis,
260 3534 368 3616 patule
389 3534 623 3612 demonstretis,
646 3552 766 3617 nosque
788 3537 903 3601 merito
925 3536 1096 3602 debeamus
1118 3535 1235 3602 exinde
1255 3535 1342 3602 indu·

158 3631 268 3701 striam
289 3634 478 3701 nostramet
505 3635 599 3701 fidem
625 3636 854 3702 commendare.

257 3736 392 3818 Oportet
428 3735 630 3802 nihilominus
664 3736 806 3818 profecto
833 3754 889 3802 vos
918 3737 1024 3803 sobrie
1051 3737 1233 3817 amandare,
1261 3735 1342 3819 quud

158 3837 310 3903 ecclesiae
332 3840 434 3902 status
457 3843 490 3903 et
504 3835 587 3916 fidei,
610 3837 854 3918 earrrmdemque
876 3837 1004 3918 negotia
1025 3856 1064 3903 ea
1084 3845 1161 3904 suut
1174 3837 1341 3905 indissolu-

157 3939 211 4002 bili
228 3937 343 4004 unione
357 3938 533 4019 conjuncta,
556 3944 592 4001 ut
605 3936 707 4003 altera
721 3938 887 4019 reliquain
902 3938 1022 4003 honore
1033 3953 1097 4004 non
1117 3938 1229 4013 habita
1248 3938 1342 4003 bono

157 4039 222 4105 rari
244 4056 307 4105 non
329 4039 439 4120 possit.
461 4037 529 4104 Nec
550 4037 633 4102 enim
656 4037 808 4103 ecclesiae
831 4039 942 4103 honori
966 4056 1003 4103 ac
1017 4037 1159 4104 libertati
1173 4044 1282 4120 potest
1291 4036 1343 4103 da·

159 4138 251 4218 trahi,
271 4139 346 4220 quin
362 4146 395 4204 et
408 4137 491 4218 fidei,
514 4145 666 4221 quantum
688 4140 720 4203 iu
735 4140 924 4206 detrahente
940 4140 1044 4220 inerit,
1067 4139 1259 4221 derogatum
1272 4137 1342 4207 fidei

159 4239 304 4304 damnum
320 4257 357 4305 eo
380 4239 599 4306 detestabilius
614 4240 764 4318 creditur,
778 4258 839 4322 quo
855 4238 916 4306 fide
931 4240 975 4305 uil
990 4240 1161 4323 pretiosius
1176 4240 1343 4309 invonitur.

258 4339 405 4420 Alioquin
428 4358 540 4422 nempe
562 4342 590 4404 si
611 4339 789 4421 praefatum
811 4341 977 4421 concilium
1004 4338 1251 4407 constantiense
1273 4358 1344 4407 con·

160 4448 210 4504 tra
231 4457 286 4505 vos
310 4446 476 4522 praetextu
499 4441 742 4521 praemissorum
765 4441 917 4505 malorum
939 4440 1208 4506 dissimulatorum
1235 4441 1343 4507 merito

161 4539 349 4622 procederet
370 4548 402 4605 et
424 4537 496 4605 fidei
518 4540 624 4606 favore
637 4558 734 4622 regna
749 4542 904 4607 vincentis
930 4541 1199 4623 animadverteret
1217 4542 1342 4622 disduc·

161 4640 224 4713 tius
246 4647 279 4709 et
289 4646 459 4724 cogeretur
479 4640 564 4710 aliud
586 4641 743 4724 auxilium,
759 4642 787 4712 si
801 4642 1017 4711 ecclesiastica
1033 4660 1167 4710 censura
1181 4659 1246 4710 non
1261 4639 1344 4710 aotl-
