2992 5258
407 391 484 448 annis
503 389 825 448 1412-1414mcii1i0.
862 391 900 444 17.
921 389 959 442 18.
1232 395 1271 458 41

87 599 193 660 christi
214 598 391 671 adimplere,
424 597 473 672 qni
502 612 556 670 pro
586 596 673 657 nobis
701 595 958 657 contentissimam
986 603 1017 656 et
1043 594 1274 655 crudelissimam

86 705 207 760 nortem
229 715 335 773 passus
357 704 412 770 est,
433 699 603 773 relinquens
625 697 711 759 nobis
736 698 908 771 exemplum,
936 702 968 759 ut
987 715 1041 760 uos
1064 697 1198 757 similiter
1219 712 1272 770 pa-

39 829 42 835 ·
87 802 190 860 damur
210 801 372 861 secundnm
395 801 458 874 ejus
480 802 667 860 voluntatem.
709 799 811 859 Amen.
893 865 896 871 ,

180 914 265 969 Boio.
282 915 314 968 ire
331 914 403 984 Opp.
420 912 495 976 Ino,
512 912 537 975 Ι,
554 908 663 967 95-97
680 921 706 966 ot
722 909 868 967 lte-121.

580 1088 777 1098 ——---

652 1275 707 1350 18.

526 1467 836 1552 Eisdem.

92 1685 230 1740 Audienda·
246 1685 323 1740 verbi
339 1685 428 1738 dirimi
444 1683 546 1746 studio,
563 1683 637 1751 qnod
653 1686 684 1737 im
700 1682 893 1752 Propemer'bus
911 1685 1049 1752 copmooe't,
1074 1685 1192 1739 laudato
1209 1701 1275 1753 pro·

91 1771 155 1823 citer·
172 1788 217 1824 eos
233 1777 332 1832 moeret,
349 1776 380 1821 ut
396 1769 427 1820 im
443 1767 496 1828 tede
509 1775 693 1836 perseverent,
711 1765 803 1837 falsos
817 1767 972 1836 propbetas
989 1777 1105 1821 caueant
1123 1776 1203 1836 otone
1221 1768 1275 1820 r'ru'·

336 1853 471 1905 micorum
485 1852 701 1920 persecutionem
719 1853 791 1904 lacto
808 1851 902 1904 animo
915 1848 1022 1920 foreat.

629 2017 727 2087 (1412.)

182 2207 327 2282 Magister
336 2208 467 2268 Joennes
490 2206 562 2282 Hos,
586 2224 687 2268 servus
702 2208 774 2268 Jesu
789 2208 906 2278 Christi,
929 2207 1070 2278 omnibus,
1092 2209 1142 2282 qui
1164 2209 1277 2284 Progne

87 2314 161 2378 sunt,
181 2307 279 2382 gratia
300 2312 331 2365 et
351 2322 408 2379 pax
430 2306 503 2366 Jesu
524 2305 656 2367 Christi·
671 2307 867 2368 Vehementer
888 2313 950 2368 toto
972 2314 1104 2381 pectore,
1126 2311 1277 2380 carissimi,

87 2408 232 2476 desidero,
254 2413 286 2466 ut
306 2407 394 2467 liberi
415 2423 470 2480 per
490 2409 592 2469 Jesnm
614 2407 760 2487 Christum
780 2408 819 2468 ab
841 2408 976 2469 omnibns
998 2411 1130 2482 peccatis
1154 2411 1226 2482 sitis,
1248 2417 1279 2471 et

87 2526 210 2580 curnam,
231 2509 367 2569 mundum
392 2514 424 2568 et
433 2508 590 2579 diabolum,
610 2509 786 2569 vanitatibus
807 2509 893 2585 hujus
915 2509 1013 2571 mnndi
1034 2511 1194 2582 contemtis,
1216 2512 1277 2571 rin·

88 2610 172 2671 ean‘s:
202 2625 260 2685 qno
282 2625 337 2683 per
356 2610 479 2683 gretiam
501 2610 573 2669 Jesn
596 2609 706 2670 Christi
728 2610 826 2669 omnia
846 2609 989 2670 benevole
1011 2617 1133 2684 propter
1155 2611 1276 2672 salntem

88 2710 245 2784 potiemini,
277 2715 307 2770 et
338 2711 369 2770 in
401 2708 611 2770 afflictionibus
634 2726 827 2786 perseuerare
855 2725 946 2785 usqne
976 2711 1014 2771 ad
1035 2709 1122 2772 finem
1143 2711 1275 2785 possitis.

87 2811 164 2873 Haec
185 2812 280 2882 vobis,
302 2810 460 2881 carissimi,
493 2827 609 2884 semper
637 2812 667 2872 in
689 2810 763 2872 meis
785 2813 967 2873 cretionibus
988 2813 1080 2874 uestri
1102 2813 1277 2873 mentionem

88 2910 195 2973 inciens
226 2913 382 2984 imprecor.
426 2912 500 2971 Nem
520 2912 590 2973 ideo
612 2912 678 2985 plus
711 2928 797 2986 qnam
826 2913 980 2974 duodecim
1012 2915 1097 2974 annis
1128 2914 1159 2972 in
1187 2912 1277 2973 verbo

88 3013 133 3073 dei
153 3012 235 3087 apud
255 3028 318 3083 vos,
354 3013 430 3074 sicut
450 3013 523 3074 dens
545 3019 592 3073 est
617 3013 687 3072 mibi
708 3015 810 3090 testis,
842 3013 986 3084 laboravi,
1017 3022 1047 3074 et
1078 3015 1108 3075 in
1131 3014 1187 3074 boe
1208 3014 1277 3073 mihi

88 3129 195 3173 summa
216 3112 382 3173 consolatio
410 3120 484 3188 eret,
517 3131 580 3174 enm
602 3120 729 3174 vestram
752 3115 932 3189 diligentiam
960 3115 990 3174 in
1012 3113 1158 3174 audiendo
1187 3114 1277 3174 verbo

87 3212 132 3272 dei
153 3213 373 3288 cognovissem,
401 3215 638 3275 animadvertens
661 3214 815 3274 multorum
838 3229 936 3275 veram
958 3220 989 3274 et
1010 3215 1152 3274 sinceram
1174 3216 1277 3288 poeni·

88 3314 214 3376 entiam.

180 3414 380 3489 Quapropter,
403 3417 555 3487 carissimi,
577 3417 812 3491 perpessionem
834 3419 907 3479 Jesn
929 3417 1039 3477 Christi
1059 3432 1111 3477 vos
1134 3417 1277 3487 obtestor,

87 3524 114 3575 ut
133 3518 317 3591 evangelium
339 3520 403 3592 ejus
426 3519 550 3578 servetis
571 3525 603 3580 et
616 3519 780 3589 retineatis,
802 3519 876 3578 etin
891 3517 1033 3588 omnibus,
1056 3535 1131 3592 quae
1147 3525 1207 3578 turn
1229 3534 1275 3578 re·

87 3617 193 3688 censui,
216 3619 386 3690 procedatis
408 3637 473 3681 cnm
495 3619 600 3681 fructu.
641 3620 740 3680 Nolite
770 3635 840 3694 ergo
869 3619 966 3678 animo
997 3619 1136 3680 vacillare
1159 3627 1189 3679 et
1210 3619 1277 3679 titu-

88 3716 161 3789 bare,
183 3734 281 3792 neque
303 3720 498 3781 consideretis
521 3738 588 3791 eos,
623 3721 672 3795 qui
691 3721 835 3780 incertam
860 3720 988 3795 ingressi
1010 3721 1086 3781 viam
1118 3719 1177 3779 alio
1204 3734 1270 3779 sese

89 3817 237 3889 flexerunt,
259 3823 369 3896 etjam
392 3829 459 3882 sunt
480 3822 616 3881 acerrimi
637 3821 739 3882 hostes
762 3821 811 3881 dei
833 3826 864 3880 et
883 3822 977 3882 nostri
999 3819 1078 3882 iacti.

182 3919 292 3979 Verum
314 3923 408 3993 scitis,
430 3923 582 3998 carissimi,
615 3923 693 3997 qnod
715 3921 852 3994 discipuli
873 3921 990 3993 Christi,
1019 3923 1069 3995 qui
1089 3921 1133 3982 illi
1156 3935 1277 3980 conuer-

89 4019 242 4090 sabmtur,
274 4022 464 4084 desciuerunt
496 4029 611 4083 etcum
633 4040 670 4084 eo
694 4025 755 4098 jem
787 4023 913 4095 amplius
945 4021 1094 4082 ambulare
1129 4020 1276 4081 nolebant.

89 4128 173 4189 Venit
192 4128 293 4199 itaque
316 4124 470 4201 Christus,
499 4131 531 4184 ut
559 4124 691 4185 homines
724 4123 906 4184 abinvicem
929 4129 1089 4196 separaret.
1134 4122 1277 4194 Quemad-

91 4229 202 4288 modum
224 4230 290 4302 ipse
313 4226 395 4286 dicit:
428 4227 492 4300 Ego
515 4227 588 4297 ueni,
617 4232 650 4287 nt
670 4241 805 4299 separem
826 4223 915 4283 filium
947 4229 1069 4297 epatre
1100 4229 1131 4283 et
1152 4221 1279 4283 filiama
1308 4226 1311 4231 ’

91 4336 188 4390 matre.
231 4329 274 4389 Et
292 4328 412 4388 iterum:
444 4327 613 4387 Trademini
634 4332 755 4400 propter
784 4342 891 4386 nomen
913 4342 1008 4385 meum
1030 4324 1164 4385 omnibus
1186 4324 1277 4384 homi-

94 4430 182 4492 nibus.
224 4431 268 4491 Et
298 4445 336 4489 ne
358 4444 458 4487 eorum
480 4428 674 4503 abnegatione
704 4444 889 4497 moveamur,
918 4432 969 4486 aot
999 4426 1204 4498 persecutione
1233 4426 1279 4485 uel

94 4538 180 4593 morte
201 4526 456 4606 perterrefiamns,
489 4545 555 4588 mox
577 4528 676 4589 subdit
697 4527 843 4588 Salvator:
876 4528 915 4588 Et
938 4527 1037 4599 capilli
1058 4527 1149 4586 vestri
1171 4526 1208 4586 de
1231 4542 1279 4585 ca·

95 4632 149 4704 pite
170 4650 229 4694 non
253 4630 408 4706 peribunt,
440 4647 506 4690 nam
532 4645 587 4705 per
613 4629 781 4703 patientiam
811 4628 1004 4703 possidebitis
1024 4628 1136 4688 animas
1157 4632 1278 4688 vestras.
