2992 5258
369 424 412 478 78.
428 423 564 526 &meum
581 423 651 479 Mor.
668 427 779 494 quarela
796 428 830 483 de
853 427 934 497 injur.
953 429 1029 487 lluso
1046 429 1131 486 illata.
1285 438 1347 504 549

153 621 200 690 qui
226 622 254 676 ia
281 625 380 679 nestris
403 626 483 680 terris
501 641 645 694 numquam
663 628 689 682 in
708 628 878 698 improbitate
896 629 1080 699 deprehensus
1098 637 1153 687 est:
1171 633 1286 689 dilectus
1303 634 1350 690 illc

152 706 282 774 magister
298 715 327 763 et
343 710 513 778 praedicator
530 708 702 779 christianus,
720 729 803 781 quum
821 714 845 767 ei
859 714 972 782 improbi
991 716 1122 784 homines,
1140 715 1349 771 calumniatores

152 795 180 844 et
196 790 345 848 adversarii
367 796 442 849 verbi
460 796 550 864 divini,
575 797 674 851 falsum
688 796 833 866 fictumque
851 799 952 854 crimen
969 798 1131 868 objicerent,
1148 803 1215 868 (qua
1232 801 1348 854 hominis

152 872 224 930 falsa
249 878 433 933 criminatione
458 887 544 933 tetum
567 880 712 935 Bohemiae
744 896 856 949 regnum
882 889 910 935 et
944 883 1018 937 natio
1042 883 1148 937 slavica
1178 884 1349 952 ignominiam

150 959 234 1013 subiit
246 960 303 1014 sine
315 961 373 1017 ulla
384 962 482 1031 culpa),
495 963 575 1031 ultro,
588 963 664 1018 nulla
676 964 836 1018 necessitate
848 971 957 1020 coactus
973 966 1156 1021 Constantiam
1168 967 1204 1022 ad
1215 968 1345 1035 generale

149 1044 293 1100 concilium
311 1046 448 1115 proiectus
467 1053 517 1114 est,
535 1049 723 1117 capiebatque,
742 1055 835 1117 utpote
853 1050 898 1117 qui
916 1049 1002 1104 bouus
1021 1049 1161 1119 fidelisque
1184 1051 1348 1106 christianus

149 1136 231 1197 asset,
250 1129 320 1185 falso
337 1130 385 1185 illo
402 1132 556 1200 injustoque
576 1133 685 1186 crimine
704 1139 731 1188 et
748 1148 778 1187 se
795 1140 823 1187 et
840 1148 951 1201 regnum
964 1134 1109 1189 Bohemiae
1122 1150 1212 1189 coram
1225 1135 1348 1203 generali

150 1213 267 1270 concilio
293 1216 375 1271 tetius
401 1207 533 1272 e'cclcsiae
559 1217 722 1271 christianae
745 1216 878 1286 liberara;
902 1218 1075 1286 quamobrem
1093 1219 1117 1273 ei
1135 1219 1194 1274 ‘lbra
1213 1219 1346 1289 Majcstas
1394 1233 1396 1237 ⁴

154 1297 250 1353 literas
272 1299 398 1368 publicae
421 1300 484 1354 fidei
507 1299 590 1367 dedit,
614 1315 774 1368 quamquam
792 1301 835 1354 his
852 1301 908 1356 viro
925 1301 996 1356 bono
1014 1308 1041 1356 et
1058 1303 1103 1370 pio
1121 1318 1189 1370 opus
1207 1318 1261 1357 nou
1279 1310 1347 1357 erat

156 1382 259 1437 Verum
285 1400 366 1452 quum
385 1384 570 1440 Constantiam
596 1386 773 1454 pervenisset,
798 1384 873 1439 nulla
896 1387 921 1440 ei
944 1386 1057 1441 rationis
1074 1385 1165 1455 palam
1191 1385 1346 1442 reddendae

152 1473 274 1536 potestas
292 1468 365 1523 iacta
383 1475 432 1537 est,
458 1483 618 1537 quamquam
636 1468 663 1522 id
680 1468 803 1524 omnibus
819 1468 914 1538 modis,
933 1469 1030 1538 quibus
1048 1470 1194 1524 christiano
1213 1471 1252 1524 uti
1270 1471 1345 1539 licat,

156 1553 304 1620 expetebat
329 1558 357 1608 et
382 1553 607 1622 persequebatur:
634 1552 682 1606 sed
708 1560 802 1607 contra
827 1553 928 1621 legem,
955 1560 1049 1607 contra
1068 1552 1124 1622 jus,
1147 1560 1247 1640 contra¹
1266 1554 1348 1609 iidem

154 1635 290 1705 publicam
315 1637 343 1691 iu
372 1652 480 1705 gravem
501 1652 637 1691 carcerem
660 1637 799 1703 coniectus
823 1643 871 1691 est.
907 1637 948 1690 De
972 1652 1026 1705 qua
1049 1636 1102 1691 fide
1121 1637 1230 1705 publica
1249 1639 1349 1693 multus

154 1720 241 1774 estin
259 1720 383 1775 omuibus
399 1721 494 1776 vicinis
512 1721 667 1787 regionibus
685 1736 780 1789 sermo,
807 1721 906 1788 injuria
923 1720 952 1774 id
970 1721 1099 1788 magistro
1117 1721 1193 1775 Huso
1220 1721 1350 1777 accidisse

155 1810 239 1872 atque
262 1803 357 1860 literas
383 1804 507 1873 publicae
532 1804 596 1859 fidei
619 1805 672 1859 hac
695 1821 725 1859 re
751 1805 904 1859 imminutas
928 1811 955 1858 et
977 1805 1091 1860 violatas
1114 1821 1189 1873 csse;
1214 1821 1264 1860 nos
1286 1822 1350 1862 vero

152 1887 277 1943 audimus
295 1903 429 1957 aegreque
448 1888 569 1956 ierimus,
587 1886 659 1956 quod
677 1886 710 1941 de
723 1887 797 1941 Tuae
811 1888 966 1955 Majsstatis
983 1889 1085 1942 honore
1104 1888 1231 1951 detrahit
1250 1890 1348 1958 quippe

151 1974 197 2041 qui
215 1971 333 2027 clemens
351 1974 427 2041 regei
445 1973 529 2027 nostri
546 1973 627 2026 heres
644 1986 837 2040 successorque
855 1973 901 2028 sis.
937 1972 1118 2040 Sperabamus
1144 1978 1242 2041 autem,
1262 1973 1350 2028 'l'uam

153 2056 327 2125 Majestatem
347 2073 456 2126 operam
476 2073 536 2112 esse
556 2056 688 2124 daturam,
707 2061 736 2110 ut
754 2055 850 2111 literae
867 2058 982 2113 Vestrae
1005 2062 1082 2111 ratae
1100 2055 1246 2125 firmaeque
1269 2056 1351 2111 hahe-

152 2149 260 2209 rentur,
285 2149 397 2210 propter
419 2143 541 2196 inimicos
559 2141 648 2194 Vestri
672 2141 790 2207 honoris,
813 2141 981 2195 auctoritatis
1003 2141 1209 2209 dignitatisque,
1233 2156 1267 2195 ne
1293 2141 1352 2209 quis

151 2226 317 2296 posthaceis
334 2225 478 2294 diffideret,
497 2231 578 2294 atque
597 2231 628 2276 ut
644 2224 701 2278 viro
719 2223 865 2279 christiano
883 2240 972 2280 coram
990 2231 1083 2278 sancto
1106 2223 1219 2279 concilio
1242 2238 1351 2278 caumm

151 2308 243 2363 dicere
267 2308 370 2374 liceret,
396 2323 428 2361 ac
453 2307 475 2360 si
498 2308 525 2360 in
549 2305 604 2360 ullo
630 2321 720 2360 errore
744 2304 928 2374 deprehensus
953 2311 1033 2373 esset,
1058 2312 1088 2360 ut
1110 2306 1200 2374 palam
1214 2305 1351 2373 judicium
1449 2314 1453 2323 '

152 2390 279 2458 ferretur,
307 2407 360 2445 non
386 2391 413 2444 in
439 2389 560 2458 angulis;
588 2391 628 2444 sin
655 2391 784 2444 innocens
802 2397 925 2457 repertus
943 2394 1022 2457 esset,
1040 2389 1068 2444 id
1086 2389 1156 2458 quod
1175 2388 1227 2443 dee
1240 2388 1348 2444 favente

152 2490 202 2530 noa
225 2490 374 2544 speramus,
396 2482 426 2528 ut
448 2490 481 2527 ex
503 2475 617 2528 veritate
640 2489 656 2527 a
680 2473 731 2528 deo
757 2473 880 2541 profecta
906 2473 1024 2527 fructum
1050 2473 1210 2541 perciperet.
1247 2474 1347 2528 Verum

150 2576 224 2614 nunc
241 2561 309 2628 proh
327 2559 416 2613 dolori
435 2558 567 2627 audimus,
585 2574 667 2626 quum
684 2572 756 2626 papa
775 2557 927 2626 aufugisset
938 2556 1073 2625 simulque
1085 2558 1113 2624 ii,
1131 2558 1250 2625 quicum
1262 2565 1350 2612 cuate-

152 2644 250 2711 dicent,
268 2643 430 2697 translatum
448 2658 508 2696 esse
526 2658 587 2696 euur
606 2642 694 2710 (cujus
704 2644 784 2711 jussu
797 2642 824 2695 id
837 2641 937 2696 iactum
955 2642 998 2709 sit,
1013 2640 1080 2694 deus
1093 2642 1153 2706 scit)
1166 2640 1348 2710 traditumque

150 2729 177 2782 in
202 2726 351 2782 custodiam
374 2726 458 2780 multo
482 2727 640 2780 atrociorem
665 2726 791 2794 episcopo
809 2725 1016 2791 Constantieusi,
1035 2725 1079 2792 qui
1098 2739 1194 2779 manus
1212 2724 1351 2793 pedesque

152 2812 213 2881 ejus
240 2810 386 2864 crudeliter
413 2817 494 2879 atque
520 2811 601 2878 impie
628 2811 730 2864 catenis
757 2811 882 2877 vinxerit,
909 2825 996 2878 aeque
1023 2808 1106 2862 ullam
1134 2809 1159 2863 ei
1182 2809 1351 2863 defensionis

151 2901 314 2965 potestatem
337 2892 411 2960 fieri3
433 2910 487 2962 qua
511 2893 670 2947 crudelitate
688 2892 761 2947 haud
779 2894 834 2948 scio
852 2908 887 2946 an
904 2894 932 2946 in
950 2893 1083 2946 neminem
1101 2907 1268 2960 paganorum
1285 2908 1349 2946 cou-

152 2979 251 3035 sulturi
269 2980 330 3033 sint.
369 2977 548 3045 Quamobrem
567 2977 773 3031 clementissime
790 2992 839 3030 rex
857 2983 885 3030 et
902 2977 1008 3031 domine
1025 3005 1059 3016 -
1076 2991 1125 3044 per
1143 2976 1223 3030 deum
1241 2981 1269 3030 ct
1280 2975 1349 3029 ueri·

152 3071 237 3118 tatem
264 3064 378 3131 primum
394 3063 433 3117 Te
460 3062 641 3128 obsecramus,
667 3077 716 3130 per
740 3062 929 3116 auctoritatem
946 3061 1031 3114 Tuam
1055 3068 1084 3116 et
1110 3061 1185 3128 regni
1203 3061 1350 3114 Bohemiae

154 3150 283 3203 honorem
302 3162 335 3203 ac
351 3163 400 3216 per
416 3147 594 3200 literosTuas
612 3146 736 3214 publicae
754 3145 816 3200 iidei
835 3174 859 3182 -
884 3144 991 3212 placeat
1000 3144 1060 3198 Tibi
1074 3143 1189 3211 benigue
1202 3158 1348 3213 procurare

150 3239 179 3286 et
203 3247 313 3301 operam
336 3231 410 3298 dare,
434 3238 464 3284 ut
481 3231 520 3284 vir
535 3231 625 3298 justus
651 3246 666 3285 e
684 3229 787 3284 crudeli
804 3244 913 3283 carcere
932 3228 1070 3282 emittatur
1087 3234 1115 3281 et
1132 3228 1222 3296 palam
1241 3244 1350 3283 caumm

151 3317 242 3372 dicere
265 3315 359 3385 possit,
384 3331 451 3369 nera
479 3315 549 3369 clam
573 3315 696 3383 falsoque
720 3319 828 3382 praeter
850 3313 937 3381 legem
960 3312 1045 3380 etjus
1069 3328 1100 3366 ac
1117 3311 1198 3367 iidem
1215 3312 1350 3382 publicam

149 3399 274 3454 violetur.
309 3399 389 3467 Quod
413 3399 436 3453 si
455 3400 514 3453 Tua
532 3399 664 3468 Majestas
688 3399 797 3467 iecerit,
820 3398 934 3465 gloriam
958 3397 1030 3465 apud
1054 3397 1176 3451 homines
1199 3402 1226 3450 et
1247 3397 1350 3464 justam

150 3482 303 3539 mercedem
329 3499 345 3537 a
368 3482 419 3537 deo
442 3490 629 3551 consequetur.
665 3483 829 3538 confidimus
851 3497 923 3549 vero,
941 3481 1028 3535 Tuam
1046 3481 1221 3548 Majestatem
1239 3486 1351 3550 prepter

148 3567 243 3623 fidelia
265 3573 359 3621 nostra
384 3566 475 3621 studia
492 3583 602 3635 operam
619 3568 682 3622 huic
699 3569 739 3621 rei
758 3582 818 3622 esse
836 3566 969 3625 daturam,
988 3563 1060 3632 quod
1077 3564 1237 3618 clementem
1254 3563 1346 3631 benig·

149 3665 268 3719 numque
280 3651 362 3719 hujus
379 3657 468 3704 terrae
486 3651 614 3705 heredem
631 3667 664 3705 ac
679 3666 862 3705 successorem
881 3648 967 3703 decet.
1003 3647 1102 3701 Datum
1120 3648 1237 3714 Brunae,
1262 3646 1349 3714 pridie

149 3737 337 3791 ascensionem
349 3734 449 3789 domini
458 3736 475 3790 J
477 3751 525 3790 esu
535 3736 642 3802 Christi,
661 3737 687 3789 in
702 3741 834 3789 conventu
847 3734 977 3788 baronum
991 3732 1192 3786 marchionatus
1202 3730 1349 3785 bloraviae.

250 3853 358 3908 Laczko
381 3852 416 3907 de
440 3854 560 3922 Kranae,
584 3854 743 3921 capitaneus
765 3852 912 3918 Moraviae,
930 3849 1037 3904 Boczko
1061 3848 1095 3902 dc
1114 3847 1275 3916 Podiebrad,
1294 3847 1345 3902 Er·

317 3935 419 3991 hardus
437 3936 471 3991 de
489 3936 608 3991 Kunstat
623 3937 692 3992 alias
710 3943 741 3990 de
760 3936 834 4000 Skal,
848 3933 1010 3988 Wilhelmus
1029 3932 1063 3986 de
1077 3933 1205 3993 Perstein,
1224 3931 1345 3985 Joannes

317 4019 350 4073 de
368 4021 494 4074 Lomnica
511 4037 583 4089 supr.
603 4037 730 4076 camerar.
749 4020 850 4074 czudac
868 4017 1064 4084 Olomucensis,
1081 4016 1201 4070 Procaao
1220 4022 1249 4069 ct
1263 4014 1347 4069 Alsso

316 4103 350 4157 de
372 4105 503 4159 Kuestatt
530 4106 599 4160 alias
625 4105 659 4159 de
681 4106 792 4174 Lysecz,
815 4102 957 4158 Jaroslaus
984 4101 1018 4155 de
1046 4099 1200 4167 Sternbcrg,
1226 4097 1347 4153 Jodocus

315 4186 404 4242 Hacht
427 4188 460 4243 de
478 4189 582 4253 Rosius,
608 4188 717 4243 Ulricas
741 4187 775 4242 dc
799 4187 952 4240 Hlauatecz
975 4183 1191 4239 subcamerarius
1209 4182 1342 4236 marchio·

313 4271 548 4340 natusMoraviae,
566 4273 702 4340 ceterique
720 4270 826 4326 nobiles
844 4270 959 4323 barones
972 4283 1042 4321 nunc
1064 4267 1172 4320 Brunae
1184 4265 1347 4333 cougregati.

654 4530 849 4542 ——-
