2992 5258
337 453 378 505 83.
403 452 482 504 conc.
500 452 632 505 loannem
651 466 692 518 ep.
710 450 737 504 in
755 451 867 504 Bohem.
885 451 967 504 mittit
983 451 1018 505 ad
1036 452 1110 506 haer·
1129 459 1197 509 exst
1304 459 1365 521 575

170 653 313 729 minicus,
336 653 476 717 fidelium
491 654 588 719 corda
602 654 792 734 illuminaus,
814 660 942 719 nostros
957 655 1064 718 taliter
1079 656 1200 720 animos
1216 656 1365 736 dignetur

170 755 323 836 irrigare,
346 761 382 820 ut
404 756 531 819 nocivos
554 755 689 820 tribulos
712 773 731 818 a
752 757 845 820 vinca
867 755 984 819 domini
1009 756 1171 820 eradicare
1195 765 1227 821 et
1249 757 1362 822 multo·

169 873 238 919 rum
261 856 382 921 animas
405 854 525 920 Christi
548 854 686 921 fidelium
707 856 894 921 lucrifacere
917 856 1043 920 domiuo
1065 857 1235 922 valeamus.

269 956 360 1033 Sane,
384 957 458 1036 quia
469 957 500 1020 in
515 956 675 1037 praesenti
687 956 824 1036 grandes
847 955 967 1020 instant
978 956 1200 1021 fluctuationes
1216 975 1362 1039 maguae-

167 1075 229 1138 que
244 1057 412 1133 imminent,
422 1057 628 1134 calamitates,
655 1063 688 1120 et
699 1057 864 1137 potissime
877 1057 1025 1121 scismata
1037 1063 1071 1121 et
1083 1057 1242 1134 haereses,
1263 1060 1362 1124 eccle-

168 1158 246 1222 siam
269 1157 320 1220 dei
353 1164 494 1220 sanctam
524 1175 635 1236 puram
657 1163 690 1220 et
719 1154 950 1220 immaculatam
973 1154 1147 1220 enormiter
1169 1154 1361 1235 affligentes,

166 1276 265 1340 super
286 1257 417 1338 quibus,
452 1264 486 1321 ut
508 1257 636 1337 penitus
660 1257 895 1337 exstirpentur,
919 1255 1148 1320 instantissime
1171 1257 1360 1334 laboramus

165 1366 199 1423 ct
220 1359 281 1423 hae
297 1376 392 1440 saepe
415 1357 510 1422 variis
527 1356 716 1421 clamoribus
733 1374 792 1421 nos
814 1373 920 1420 amare
942 1357 1158 1438 pungentibus
1180 1359 1362 1439 specialiter

166 1459 347 1524 excitarunt
373 1458 413 1522 ad
435 1458 529 1535 illud,
558 1467 593 1521 ut
616 1457 677 1539 (in)
700 1476 798 1538 regno
832 1457 1003 1521 Bohcmiae
1026 1464 1059 1521 et
1081 1457 1267 1537 quibusdam
1290 1459 1361 1524 aliis

153 1544 338 1643 ¹prouinciis
372 1559 525 1640 quaedam
553 1559 790 1623 damnatissima
818 1559 951 1622 loannis
978 1557 1094 1621 Wiclel
1119 1558 1361 1624 haeresiarchae

166 1659 287 1724 Christi
310 1678 439 1740 gregem
477 1659 649 1725 inlicientia
671 1659 833 1740 dogmata,
868 1677 948 1739 quae
970 1657 1089 1722 tamdiu
1112 1659 1176 1722 illic
1199 1659 1359 1725 damnabi-

165 1761 242 1826 liter
263 1760 475 1842 pullularnnt,
509 1760 656 1841 stirpitus
678 1759 869 1838 evellantur,
892 1776 985 1840 opem
1007 1766 1041 1823 et
1063 1776 1192 1842 operam
1214 1758 1360 1826 efficaces

164 1879 273 1926 morae
296 1862 401 1926 ablato
425 1860 592 1941 dispendio
614 1860 832 1942 impendimus

265 1959 343 2025 Cum
367 1960 474 2040 itaque
504 1960 582 2023 nihil
604 1960 664 2026 deo
686 1961 807 2042 gratius
831 1966 864 2025 ct
886 1978 960 2024 vere
983 1959 1147 2024 catholicis
1170 1960 1359 2027 Christianis

163 2062 209 2127 nil
231 2061 410 2142 acceptius,
441 2061 484 2124 nil
511 2078 636 2141 quoque
666 2061 821 2126 ecclesiae
848 2060 1058 2143 opportunius
1087 2078 1145 2141 pro
1167 2061 1270 2126 salute
1292 2062 1359 2127 ani·

162 2182 285 2227 marum
308 2162 413 2226 valcat
435 2161 585 2224 inveniri:
608 2180 665 2226 uos
688 2162 728 2228 dc
744 2163 860 2226 Vestra
887 2160 1194 2241 circumspectione,
1217 2163 1285 2228 uelo
1308 2183 1358 2228 ca-

162 2262 300 2328 tholicae
329 2260 402 2325 fidei
433 2261 555 2325 fervida
577 2269 609 2327 et
636 2265 667 2326 iu
690 2262 798 2327 arduis
825 2263 962 2343 nogotiis
991 2261 1118 2343 saepius
1146 2263 1359 2345 comprobata,

162 2382 244 2445 quae
267 2363 307 2426 de
329 2364 399 2445 ipso
423 2381 520 2443 regno
544 2364 643 2427 traxit
665 2364 833 2444 originem,
865 2364 897 2427 in
920 2362 1046 2428 domino
1069 2362 1194 2442 conlisi,
1226 2381 1294 2428 earn
1317 2365 1357 2427 ad

162 2464 361 2528 evellendum
390 2481 409 2526 a
437 2480 536 2542 regno
560 2471 592 2528 et
619 2465 730 2528 vicinis
761 2466 905 2546 partibus
934 2464 1039 2529 omnia
1058 2464 1206 2528 scismata
1229 2470 1262 2529 et
1283 2465 1357 2530 hae·

161 2583 269 2642 reseS,
300 2584 380 2646 quae
403 2565 466 2628 illic
495 2565 668 2647 prohdolor
698 2565 825 2628 humani
859 2564 987 2645 generis
1010 2564 1111 2628 hostis
1133 2563 1186 2626 illo
1208 2565 1357 2645 antiquus

159 2665 192 2730 in
216 2665 364 2730 cordibus
380 2666 586 2746 quormndam
603 2666 791 2745 simplicium
816 2666 968 2729 hacteuus
991 2664 1187 2746 propagavit,
1211 2662 1377 2755 duximus

158 2765 453 2842 transmittendam;
490 2774 680 2847 sperantes,
701 2765 797 2846 'quod
832 2766 948 2829 vestris
976 2765 1116 2846 providis
1145 2765 1295 2846 oporibus
1324 2771 1357 2829 ot

157 2868 294 2931 maturis
316 2868 456 2931 consiliis
472 2866 683 2930 irradiantibus
705 2885 743 2930 ac
764 2866 870 2930 divina
885 2867 974 2931 vobis
990 2866 1157 2947 propiante
1180 2866 1355 2939 clementia,

157 2977 272 3032 contra
303 2968 492 3032 insidiantes
525 2966 720 3031 orthodoxae
742 2964 816 3031 fidei
838 2968 869 3030 in
894 2967 1013 3030 eisdem
1036 2985 1133 3045 reguo
1157 2974 1190 3031 et
1211 2967 1355 3048 partibus

157 3068 275 3133 uberes
288 3069 414 3132 christo
437 3068 566 3149 possitis
581 3067 740 3131 adducere
755 3067 885 3131 fructus
912 3067 954 3131 Et
977 3073 1011 3131 ut
1025 3067 1095 3146 ipsa
1107 3068 1355 3148 circumspectio

158 3168 291 3247 Vestra,
325 3176 483 3249 tamquam
514 3168 653 3249 prudens
688 3175 720 3232 et
741 3168 833 3231 sortis
866 3167 987 3232 athleta
1009 3168 1143 3243 thiristi,
1175 3178 1354 3250 opportune

155 3270 254 3334 annis
276 3269 496 3351 spiritualibus
512 3269 713 3346 comnmnita,
737 3287 905 3350 perversos
928 3274 1129 3331 contumaces
1152 3275 1184 3330 ot
1208 3268 1353 3339 rebelles,

156 3377 193 3434 ut
215 3369 320 3433 saltim
354 3371 467 3434 timore
490 3388 612 3450 poenae
645 3370 684 3435 ab
718 3370 854 3450 inceptis
877 3369 968 3433 malis
1000 3368 1124 3431 demum
1155 3370 1352 3450 resipiscant.¹

155 3470 210 3550 qui
233 3470 312 3534 alias
335 3470 442 3533 reduci
466 3471 504 3534 ad
529 3471 688 3534 tramitem
711 3477 874 3551 nequeunt
897 3469 1055 3546 veritatis,
1078 3467 1352 3535 ardmadvorsionc

154 3569 252 3649 digna
268 3569 373 3634 valeat
386 3571 563 3634 refrenare:
591 3570 694 3635 cidem
710 3570 992 3650 circumspectioni
1015 3588 1123 3632 onmes
1144 3577 1177 3632 et
1200 3569 1350 3649 singulos

153 3671 209 3751 qui
233 3670 273 3734 de
289 3670 374 3734 dicta
389 3671 460 3734 labo
477 3670 669 3734 videbuntur
685 3671 922 3750 quomodolibet
937 3690 1008 3735 esse
1030 3669 1182 3751 suspecti,
1205 3669 1237 3732 in
1253 3688 1351 3750 regno

153 3788 212 3835 seu
235 3771 379 3850 partibus
396 3771 574 3850 hujusmodi
590 3771 739 3835 monendi
760 3778 794 3835 ot
817 3772 974 3844 hortandi,
997 3780 1032 3836 ut
1053 3771 1093 3835 ad
1109 3769 1240 3834 eandem
1256 3770 1349 3835 fidem

153 3870 356 3949 catholicam,
391 3870 529 3933 dimissis
553 3890 611 3952 per
634 3889 688 3935 eos
721 3872 867 3935 omnibus
901 3871 1076 3955 hujusmodi
1114 3872 1294 3936 scismatum
1317 3880 1351 3935 et

153 3971 323 4035 haeresum
340 3972 512 4047 erroribus,
541 3972 654 4052 quibus
678 3972 795 4036 irretiti
811 3980 866 4036 aut
882 3972 921 4035 de
937 3972 1050 4052 quibus
1067 3972 1206 4052 suspecti
1223 3972 1350 4044 inerint,

151 4090 225 4137 curn
247 4072 446 4153 abjuratione
466 4072 557 4152 jrmta
580 4074 728 4152 formam,
763 4091 855 4153 quam
877 4074 936 4137 sub
957 4074 1019 4137 alia
1042 4072 1126 4136 bulla
1148 4076 1258 4135 nostra
1279 4071 1349 4134 mit·

152 4173 250 4237 timus
273 4173 495 4253 interclusum,
526 4179 558 4237 et
581 4174 749 4239 devotione
778 4174 894 4238 debitis
923 4172 1094 4238 secundum
1119 4189 1281 4236 sacrorum
1303 4173 1350 4235 iu-

151 4273 269 4338 stituta
297 4292 450 4337 canonum
483 4281 704 4354 revertendum
734 4274 804 4338 illos
827 4293 951 4355 quoquc
980 4274 1019 4338 ab
1052 4274 1197 4337 onmibus
1220 4272 1348 4337 ecclosi-

149 4374 262 4439 asticis
289 4372 433 4437 cerrsuris
461 4382 494 4438 et
516 4375 641 4456 poeniS,
675 4376 702 4438 si
725 4374 785 4438 hoc
807 4374 969 4439 humiliter
992 4374 1160 4455 petierint,
1195 4374 1225 4436 in
1248 4374 1346 4439 iorum

150 4480 306 4540 consueto
327 4473 522 4553 absolvendi,
546 4494 605 4537 nec
627 4493 690 4538 non
714 4475 860 4539 abolendi
878 4476 971 4538 otiam
994 4492 1117 4537 onruem
1139 4474 1347 4541 inhabilitatis

150 4583 185 4640 et
206 4574 354 4638 infamiae
378 4575 530 4639 maculam
554 4576 621 4640 sive
645 4581 769 4654 notam,
803 4595 894 4657 quam
918 4582 1087 4657 propterea
1110 4575 1347 4655 quomodolibet

147 4677 372 4755 incurrerunt,
396 4684 430 4740 et
452 4677 547 4742 etiarn
569 4695 667 4758 super
689 4675 939 4756 irregularitate,
961 4695 1057 4757 quam
1079 4675 1125 4740 illi
1148 4695 1185 4741 eu
1209 4677 1271 4754 eis,
1295 4678 1347 4757 qui
