2992 5258
360 429 401 479 42.
436 425 554 490 Literae,
574 438 642 491 quas
659 422 768 491 Zbyneo
785 435 873 490 papae
892 421 1012 477 scribere
1027 419 1151 476 debebat.
1294 427 1355 493 441

723 719 785 794 42.

162 951 397 1060 Exemplar
416 950 648 1052 literarum,
682 975 788 1056 quas
805 943 985 1057 Zbynco
1008 945 1364 1056 archiepiscopus

163 1085 394 1198 Pragensis
426 1113 478 1167 ex
504 1081 681 1166 arbitrio
709 1082 1048 1165 consiliariorum
1078 1083 1192 1192 regis
1223 1077 1358 1163 ch-

196 1220 326 1304 ceslai
356 1218 413 1302 ad
442 1216 684 1302 Romanum
715 1215 966 1325 pontificem
993 1213 1096 1298 dare
1123 1213 1321 1319 debebat,

535 1349 633 1460 (nec
663 1360 808 1433 tamen
834 1348 983 1460 dedit).
1095 1420 1097 1425 .

652 1598 726 1664 1411,
743 1613 778 1649 m.
797 1596 870 1664 Sept.

660 1806 862 1814 ——.———

551 1898 596 1963 (a
611 1897 675 1951 ns.
696 1897 822 1952 neam.
838 1914 868 1966 p.
886 1897 969 1964 204.)

360 2199 443 2268 Copia
460 2199 566 2267 literae,
595 2214 675 2266 quam
698 2198 801 2267 Sbynco
819 2199 1039 2267 archiepiscopus
1056 2197 1200 2265 Progends
1224 2213 1258 2251 ex
1275 2196 1359 2252 dicta·

427 2284 499 2337 mine
519 2283 625 2337 concilii
644 2282 808 2336 serenissimi
831 2282 961 2351 principis
978 2282 1149 2351 wenceslai,
1178 2281 1359 2337 Romanonrm

427 2369 499 2436 regis
518 2374 546 2422 et
554 2368 701 2423 Bohemise
714 2369 787 2436 regis
796 2367 890 2424 debuit
900 2383 988 2437 papae
997 2367 1096 2424 Joanni
1105 2366 1197 2422 XXIII
1215 2366 1359 2423 destinare

261 2538 450 2607 Rectissime
473 2540 583 2620 pater!
628 2538 708 2617 Quia
737 2558 757 2605 a
784 2544 914 2605 sanctae
941 2536 1111 2614 memoriae
1134 2535 1260 2604 domino
1282 2536 1358 2602 Ale·

153 2641 283 2707 1111110
299 2640 409 2721 quinto
424 2638 580 2721 quaedam
594 2638 680 2706 bulla
702 2641 868 2720 emanavit,
897 2656 978 2720 quae
1001 2638 1192 2717 continebat,
1222 2639 1359 2718 qualiter

151 2743 190 2808 in
211 2758 315 2821 regno
338 2739 509 2805 Bohemiae
533 2741 564 2804 in
586 2739 716 2806 civitate
732 2738 886 2820 Pragensi
911 2744 944 2803 ct
964 2737 1181 2805 marchionatu
1193 2737 1356 2804 Moraviae

152 2841 288 2924 quidam
303 2840 428 2907 articuli
444 2841 581 2920 erranei,
605 2841 659 2922 qui
674 2840 832 2906 haeresim
854 2857 910 2904 seu
933 2839 1103 2903 scissuram
1122 2839 1154 2903 in
1170 2837 1357 2905 11111110-

148 2941 221 3008 lica
241 2940 380 3024 sapiunt,
413 2942 603 3023 praesertim
623 2942 709 3008 circa
731 2948 961 3007 sacramentum
984 2940 1206 3012 eucharistiae,
1228 2939 1355 3007 damna·

151 3041 270 3109 biliter
291 3039 486 3123 pullularunt
508 3048 542 3108 et
562 3042 732 3107 multorum
748 3041 844 3106 corda
857 3041 938 3106 adeo
961 3041 1147 3118 infecerunt,
1173 3047 1207 3106 ut
1222 3047 1357 3123 propter

152 3160 272 3209 eorum
301 3159 447 3221 magnam
476 3142 717 3220 multitudinem,
748 3140 802 3222 qui
828 3140 1008 3223 hujusmodi
1029 3140 1191 3222 perversis
1212 3140 1355 3207 articulis

143 3250 192 3310 'et
215 3241 418 3322 dogmatibus
441 3242 1011 3323 1111111101,11111111111111111,
1034 3258 1073 3305 ne
1097 3241 1231 3306 ulterius
1253 3241 1355 3322 pullu·

153 3345 266 3411 latent
298 3348 331 3407 11
363 3360 495 3422 gregem
526 3342 716 3409 dominicum
747 3340 905 3420 inficiant,
937 3343 1043 3409 limam
1077 3341 1286 3407 correctionis
1323 3348 1356 3408 et

161 3440 395 3509 emendationis
411 3441 573 3508 adbibere.
616 3444 719 3526 Super
735 3462 796 3525 quo
819 3443 913 3527 etiarn
936 3443 968 3507 in
990 3441 1133 3525 praelata
1153 3441 1240 3508 hulla
1261 3461 1355 3525 prae·

156 3545 265 3610 dictus
298 3542 484 3608 sanctitatis
516 3543 652 3610 Vestrae
683 3546 913 3626 praedecessor
944 3543 1020 3611 mihi
1059 3543 1099 3610 de
1143 3543 1356 3627 exstirpandis

159 3642 342 3726 hujusmodi
382 3642 544 3709 erroribus
590 3645 827 3726 inquisitionem
872 3645 1028 3711 commisit
1070 3644 1193 3726 pariter
1235 3651 1269 3710 et
1309 3645 1353 3709 in·

154 3744 274 3828 junxit.
318 3742 387 3825 Qua
426 3742 572 3824 diligenti
611 3744 815 3825 inquisitione
854 3746 937 3811 11111
977 3751 1010 3810 11
1041 3744 1168 3825 habita,
1208 3745 1357 3811 assumtis

159 3845 283 3912 adhoc
305 3862 415 3912 sacrae
437 3844 618 3926 theologiae
633 3846 877 3928 professoribus,
896 3848 979 3930 juris
1002 3846 1143 3912 11101111
1159 3844 1353 3927 doctoribus,

159 3964 219 4012 nec
243 3963 307 4011 non
328 3945 399 4010 aliis
421 3945 500 4011 meis
521 3947 554 4011 in
575 3947 794 4028 spiritualibus
817 3944 1354 4029 111111111111111110101110101,

161 4046 220 4112 sed
237 4064 365 4112 errores
381 4046 559 4112 haereticos
575 4048 608 4112 in
630 4066 728 4129 regno
751 4047 921 4114 Bohemiae
942 4049 974 4112 in
997 4047 1126 4114 civitate
1149 4047 1303 4127 Prsgensi
1324 4054 1358 4112 11

159 4146 381 4213 marchionatu
403 4146 565 4212 Moraviae
587 4147 704 4226 nescio,
729 4165 787 4213 nec
809 4147 923 4229 aliquis
946 4166 1043 4230 super
1064 4148 1124 4214 hac
1140 4166 1176 4213 re
1190 4146 1354 4213 convictus

162 4250 221 4326 est,
245 4264 304 4329 pro
326 4265 388 4328 qua
409 4246 494 4312 foret
515 4252 571 4311 aut
592 4247 705 4313 luisset
727 4247 942 4314 ecclesiastice
956 4246 1143 4331 puniendos.
1176 4247 1245 4326 Ego
1260 4247 1357 4313 etiam

161 4353 195 4412 et
225 4346 380 4428 magister
400 4348 544 4413 ioannes
567 4346 650 4427 llus,
684 4365 743 4413 nec
776 4366 839 4413 non
873 4351 973 4426 ceteri
1006 4347 1224 4415 universitatis
1257 4347 1356 4412 studii

162 4448 335 4530 Pragensis
357 4447 505 4514 doctores
522 4453 555 4512 et
569 4449 713 4530 magistri
728 4468 824 4532 super
839 4448 973 4530 singulis
989 4448 1241 4514 dissensionibus
1256 4449 1353 4532 atque

162 4547 238 4613 rixis
261 4549 423 4629 utrimque
446 4549 586 4614 subortis
609 4567 667 4631 per
689 4550 925 4615 serenissimum
948 4549 1122 4632 principem
1146 4555 1179 4614 et
1193 4549 1352 4615 dominum

161 4645 320 4715 dominum
343 4647 564 4715 wenceslaum
585 4650 796 4717 Romanarum
826 4669 934 4732 regem
956 4668 1082 4734 semper
1113 4651 1290 4731 Augustum
1320 4657 1355 4721 et
