2992 5258
136 389 212 491 Ι524
394 427 599 483 controversiae
617 429 651 484 de
669 430 800 498 religione
817 431 844 485 in
861 430 1005 486 Bohemia:
1023 434 1096 487 1414.

150 646 247 710 super
262 629 417 712 pullulent
432 637 465 697 et
479 632 683 699 invalescant.
705 633 942 699 Occurrendum
965 636 1077 700 saltem
1099 643 1158 714 est,
1181 637 1257 702 dum
1280 655 1348 703 cre·

150 733 250 811 verit,
279 750 379 812 usque
401 735 441 799 ad
463 753 598 799 messem
620 734 805 799 manifestae
828 735 1035 816 cognitionis,
1058 738 1185 819 quando
1204 739 1271 820 jam
1292 738 1349 804 im·

150 835 249 900 minet
285 833 459 915 periculum
483 835 654 899 evulsionis
682 835 788 900 tritici
811 835 913 900 honae
935 835 1116 919 doctrinae,
1149 839 1237 920 quod
1260 840 1348 906 colli·

151 940 267 1015 gantur
300 956 357 1017 per
384 936 495 1002 falcem
527 936 688 1018 judicialis
720 936 956 1018 reprobationis
979 944 1012 1002 et
1044 937 1076 1002 in
1103 940 1210 1020 ignem
1234 957 1349 1007 execu-

151 1037 252 1103 toriae
275 1037 487 1104 damnationis
510 1038 685 1116 mittantur,
713 1043 809 1119 prout
827 1037 941 1118 jubent
962 1041 1133 1106 canonicae
1155 1041 1349 1108 sanctiones.

250 1137 339 1205 Haec
372 1138 506 1216 idcirco,
540 1140 643 1202 Revmo
663 1138 777 1202 Paterl
812 1138 978 1220 praemisit
999 1140 1083 1222 apud
1120 1140 1350 1209 celsitudinem

153 1239 299 1304 Vestram
315 1241 403 1305 zelus
416 1240 597 1321 exiguitatis
609 1257 708 1319 meae,
728 1241 908 1320 recogitans
921 1240 1150 1323 professionem
1168 1260 1259 1310 suom
1273 1245 1349 1311 obli·

154 1347 281 1420 gantem
296 1340 337 1405 ad
354 1358 399 1420 ea,
423 1359 503 1423 quae
526 1347 601 1405 sunt
623 1338 705 1419 fidei,
729 1341 870 1422 roganda
884 1343 1172 1425 promovendaque.
1195 1345 1350 1424 Quoniam

154 1462 173 1507 a
194 1443 302 1507 multis
312 1445 377 1525 jam
399 1444 500 1521 annia,
524 1444 606 1507 sicut
628 1443 747 1523 accepi,
770 1442 925 1508 seminata
948 1449 1022 1509 sunt
1043 1444 1349 1532 inabundantiane·

153 1563 246 1625 qulam
269 1563 327 1625 per
350 1552 488 1610 uestram
500 1544 651 1608 diocesim
678 1543 870 1624 Progensem
887 1543 1157 1625 perniciosissima
1169 1546 1294 1614 zizania
1304 1547 1349 1614 di·

155 1662 320 1709 versorum
331 1663 485 1721 errorum,
494 1651 676 1726 corruptam
688 1643 843 1725 originem
853 1644 1003 1710 habentia
1014 1665 1032 1710 a
1044 1646 1174 1728 scriptis
1187 1649 1349 1730 cujusdam

119 1828 120 1832 Ἰ
153 1745 375 1811 dictidoannis
400 1745 516 1811 Wiclef
535 1745 811 1811 scandalosissima
833 1746 925 1810 nimis
941 1749 1179 1829 praesumtione
1201 1749 1348 1815 defensis.

152 1847 241 1912 Haec
262 1853 368 1911 autem
382 1848 511 1926 zizania,
534 1847 675 1928 qunamvis
688 1847 808 1928 pluries
830 1848 933 1912 recisa
945 1848 1017 1923 sint,
1040 1868 1124 1915 nunc
1147 1849 1228 1916 falce
1244 1852 1348 1935 dispu-

153 1948 283 2013 tationis
295 1949 489 2026 doctrinalis
514 1968 596 2014 nunc
608 1948 687 2013 falce
705 1949 905 2014 sententialis
916 1957 949 2015 ot
962 1951 1199 2016 ecclesiasticae
1222 1952 1348 2020 damna·

153 2050 262 2113 tionis:
276 2051 476 2115 nibilominus
486 2049 613 2114 assidue
624 2050 819 2131 repullulant
827 2050 929 2115 noxiis
937 2051 1347 2132 germinibusassertionum

152 2171 211 2232 per
224 2153 374 2231 homines,
392 2152 474 2214 sicut
495 2151 619 2229 dicitur,
642 2151 804 2231 sapientes
819 2151 852 2215 in
867 2150 969 2216 oculis
995 2152 1061 2216 suis
1074 2158 1227 2219 etcoram
1251 2161 1347 2221 semet

153 2253 232 2335 ipsis
246 2252 431 2334 prudentes,
454 2251 568 2331 quibus
583 2251 744 2317 maledicit
765 2251 878 2316 Jsaias.
902 2251 987 2329 Quos
1004 2270 1115 2316 rursus
1130 2253 1205 2321 ideo
1222 2255 1347 2321 difficile

154 2363 187 2421 et
209 2355 295 2419 uelut
317 2352 512 2435 impossibile
535 2358 585 2417 est
607 2353 768 2434 corrigere
791 2370 848 2434 per
872 2353 1145 2420 ratiocinationem
1169 2356 1221 2421 vel
1243 2362 1346 2422 aucto

153 2457 295 2533 ritatem,
335 2455 408 2535 quia
431 2454 588 2536 principia
615 2453 740 2517 divinae
764 2453 843 2535 legis
866 2461 899 2519 et
915 2454 1117 2541 ,apostolicae
1138 2457 1346 2539 auctoritatis

154 2555 269 2639 quibus
303 2556 397 2635 dirigi
420 2554 589 2633 deberent,
623 2573 682 2618 nec
715 2573 849 2635 negare,
884 2573 943 2620 nec
976 2574 1156 2637 repugnare
1189 2565 1346 2624 verentur.

154 2656 236 2735 Quid
258 2658 379 2738 agimus
401 2657 500 2736 ergo?
522 2655 615 2726 Ecce,
638 2655 712 2719 dum
734 2656 829 2720 etiam
851 2661 948 2736 atque
970 2655 1065 2720 etiam
1088 2659 1242 2739 recogito,
1265 2661 1347 2724 inve·

153 2758 285 2822 uinntur
317 2758 471 2822 hactenns
493 2757 644 2821 haereses
676 2754 870 2837 exstirpatae
899 2756 939 2820 ab
961 2772 1041 2835 agro
1064 2756 1283 2827 ecclesiastico
1303 2759 1346 2824 di·

154 2858 254 2923 versis
277 2858 353 2935 viiS,
389 2857 486 2922 veluti
509 2856 589 2921 falce
612 2855 793 2936 multiplici:
827 2856 1032 2922 inveniuntur
1053 2857 1181 2937 quidem
1204 2859 1346 2942 primitus

155 2961 349 3041 exstirpatae
383 2959 462 3024 falce
492 2959 542 3023 vel
574 2964 668 3024 acuto
698 2957 822 3022 sarculo
855 2959 1094 3039 miraculorum,
1130 2960 1346 3027 attestantium

155 3060 307 3126 divinitus
330 3060 504 3125 catholicae
520 3059 658 3137 veritati,
681 3064 714 3122 ct
740 3058 800 3122 hoc
814 3064 958 3142 tempore
973 3061 1209 3141 apostolorum3
1232 3061 1347 3128 inverti·

155 3168 255 3226 untur
277 3162 473 3243 exstirpatae
496 3159 694 3242 postmodum
723 3177 782 3240 per
803 3158 915 3224 falcem
938 3160 1163 3242 disputationis
1184 3180 1347 3244 argumen-

155 3261 272 3325 tativae
295 3280 354 3343 per
377 3262 538 3340 doctores3
571 3261 767 3342 exstirpatae
790 3266 864 3325 sunt
886 3262 1018 3342 perinde
1034 3280 1092 3344 per
1112 3261 1227 3330 falcem
1248 3282 1346 3332 sacro

155 3380 224 3425 rum
254 3364 475 3443 conciliorum,
519 3361 699 3427 laventibus
728 3361 993 3442 imperatoribus,
1028 3363 1154 3444 quando
1177 3364 1346 3448 disputatio

155 3461 340 3528 doctrinalis
363 3463 601 3545 particularium
628 3462 792 3526 doctorum
818 3460 965 3526 inefficax
994 3461 1170 3529 videbatur.
1214 3465 1346 3532 Tandem

156 3564 307 3641 accessit,
331 3564 472 3631 velutin
495 3565 665 3646 desperata
686 3569 797 3645 peste,
824 3564 944 3628 securis
966 3562 1088 3628 brachii
1108 3564 1278 3649 secularis,
1301 3585 1346 3633 ex·

157 3664 266 3729 cidens
289 3665 439 3730 haereses
463 3682 533 3729 cum
555 3664 739 3730 auctoribus
765 3665 832 3729 suis
854 3671 887 3729 et
909 3665 941 3728 in
962 3665 1069 3746 ignem
1090 3664 1241 3746 mittens;
1263 3683 1346 3751 prae

157 3764 268 3828 videns
303 3782 340 3828 ex
377 3766 436 3830 bac
472 3771 564 3831 cauta
587 3767 758 3830 severitate
792 3772 825 3830 et
846 3765 1060 3845 misericordi,
1094 3771 1130 3830 ut
1151 3765 1199 3832 sic
1221 3767 1346 3844 dicatur,

156 3865 354 3943 crudelitate,
378 3884 417 3930 ne
440 3884 544 3931 sermo
567 3867 676 3932 talium
699 3866 797 3931 veluti
820 3883 934 3931 cancer
956 3871 1103 3948 serperet
1124 3865 1158 3931 iu
1179 3868 1346 3950 perniciem

158 3973 221 4031 tam
244 3966 415 4048 propriam,
439 3987 530 4050 quam
553 3968 696 4033 alienam.
723 3966 853 4032 Etenim
874 3967 972 4032 multo
995 3971 1140 4049 tempore
1161 3985 1228 4034 non
1250 3969 1345 4036 sinere

157 4066 380 4148 peccatoribus
412 4087 451 4134 ex
479 4069 640 4134 sententia
672 4086 783 4148 agere,
821 4066 877 4131 sed
900 4067 1006 4132 statim
1029 4067 1168 4133 ultiones
1191 4069 1345 4145 adbibere,

157 4169 263 4247 magni
294 4167 438 4233 beneficii
473 4177 523 4234 est
544 4169 708 4247 indicium;
739 4169 812 4248 quia
846 4167 923 4232 nibil
945 4176 996 4234 est
1018 4166 1192 4249 infelicius,
1229 4169 1345 4235 dicente

157 4269 344 4349 Augustino,
367 4269 519 4336 felicitate
541 4277 755 4352 peccatorum.

259 4367 396 4450 Colligat
410 4391 449 4434 ex
472 4372 542 4435 istis
558 4376 591 4435 et
606 4370 761 4435 similibus
776 4369 1022 4452 prudentissima
1037 4369 1106 4434 Vm
1131 4371 1223 4436 Pati*
1240 4372 1345 4437 ΒΨ·

159 4471 418 4552 circumspectio,
441 4471 517 4551 qnid
539 4474 649 4536 actura
671 4470 775 4535 estin
798 4489 834 4535 re
856 4471 1028 4551 praesenti.
1072 4469 1151 4534 Nam
1175 4472 1203 4537 si
1220 4468 1344 4555 pseudo

159 4570 307 4635 doctores
322 4571 406 4652 apud
421 4589 486 4652 vos,
510 4572 718 4636 seminatores
739 4570 897 4636 baeresim
920 4564 1001 4652 (eie),
1018 4576 1179 4652 quaerunt
1193 4570 1342 4643 miracula

159 4671 273 4753 sciant,
305 4671 388 4754 quod
410 4671 464 4738 illa
482 4673 547 4754 jam
568 4670 693 4740 abunde
715 4672 895 4741 factasunt
917 4681 950 4739 et
972 4672 1230 4758 praeterierunt,
1252 4684 1343 4755 neque
