2992 5258
369 394 425 447 116.
445 392 529 447 lntim.
547 392 620 462 publ.
641 392 756 448 Simonis
774 393 807 447 de
825 392 855 447 T.
874 403 901 447 et
917 393 1011 449 Jacobi
1029 391 1063 449 do
1081 394 1118 449 Μ.
1276 400 1357 467 675,

247 595 285 661 lt
308 595 490 678 praedictus
512 596 554 660 ll.
576 596 715 663 lacobus
738 596 805 662 vult
825 596 885 662 hoc
906 595 1010 662 lacere
1041 614 1145 663 coram
1168 599 1337 664 communi-

149 700 215 760 tate
237 692 375 761 fidelium
404 701 437 763 et
458 697 658 765 auditoribus
683 686 936 780 'quibuscunque
966 697 1138 763 secundum
1160 697 1263 778 legem
1286 699 1337 764 dei

147 794 327 861 volentibus
355 796 537 863 discernere
559 799 592 863 in
620 797 783 879 praedicta
810 798 951 876 materia,
983 802 1017 862 et
1037 796 1195 863 mundano
1225 799 1338 864 timore

147 895 337 978 postposito,
367 897 537 962 secuudum
564 899 755 964 sententiam
783 899 948 966 doctorum
977 897 1131 964 ecclesiae
1160 897 1338 980 primitivae

149 996 318 1061 teutatem
338 998 552 1064 inviolabilem
567 1015 767 1080 praeponere
782 998 922 1064 falsitati.
945 998 1012 1064 Sibi
1034 996 1218 1081 suffragium
1234 1005 1338 1064 umen

149 1096 346 1161 inimicorum
368 1096 420 1162 dei
441 1116 500 1178 pro
523 1116 581 1164 sua
602 1104 702 1180 parte,
733 1100 938 1180 quantumin
960 1099 1030 1182 ipso
1053 1104 1111 1179 est,
1143 1104 1255 1181 petere
1276 1117 1338 1164 non

148 1195 296 1276 intendit,
325 1213 385 1261 nec
406 1197 515 1263 talium
535 1197 653 1279 jndicio
681 1199 787 1278 stabit,
811 1199 872 1264 nisi
894 1198 932 1264 de
962 1205 1080 1280 quanto
1107 1197 1205 1264 fuerit
1227 1216 1338 1267 conso-

148 1312 223 1360 num
245 1294 309 1377 legi
335 1293 394 1360 dei.

249 1395 288 1461 It
311 1395 380 1461 vult
409 1414 444 1461 so
466 1396 654 1462 submittere
684 1397 716 1460 in
738 1396 902 1478 praedicte
929 1399 1065 1464 materia
1093 1396 1278 1466 discretioni
1308 1407 1342 1465 et

147 1494 267 1578 judicio
288 1494 428 1563 fidelium
450 1514 708 1578 quorumcunque
730 1496 823 1561 deum
844 1497 1031 1577 timentium,
1053 1498 1340 1566 secundumsince·

150 1614 218 1661 ram
238 1596 406 1663 veritatem
434 1597 647 1679 evangelicam
673 1597 854 1663 discernere
883 1598 1064 1677 volentium,
1086 1599 1194 1681 iniqua
1215 1599 1341 1666 simule-

149 1696 237 1762 tione
260 1697 402 1778 qualibet
423 1699 656 1780 praetermissa

250 1796 288 1862 It.
316 1796 401 1862 idem
427 1798 469 1863 M.
493 1798 632 1864 lacobus
662 1799 799 1864 intendit
829 1818 887 1881 per
917 1818 1004 1865 suam
1034 1800 1281 1883 disputationem
1309 1803 1341 1867 in

151 1896 316 1982 praedicta
336 1897 471 1964 materia
492 1899 564 1964 lites
587 1905 619 1964 et
634 1898 850 1965 dissensiones
872 1918 930 1982 per
951 1900 1096 1966 inimicos
1118 1900 1268 1968 subdolos
1290 1920 1343 1968 ve-

149 1997 259 2064 ritatis
280 1999 457 2065 catholicae
478 2001 649 2066 seminatos
672 1999 746 2081 (sic)
768 2000 903 2083 sparsim
925 2001 958 2066 in
979 2018 1078 2082 regno
1092 2001 1272 2082 Bononiae,
1294 2020 1344 2068 se-

151 2098 288 2166 cundum
317 2100 400 2182 quod
430 2106 559 2167 tenetur
586 2119 626 2166 es
647 2098 760 2177 officio,
791 2107 965 2183 amputare,
995 2108 1029 2167 et
1049 2101 1131 2167 viam
1158 2102 1344 2168 sustinendo

152 2201 299 2267 veritatis
314 2200 436 2266 cunctis
448 2199 593 2266 fidelibus
608 2200 719 2267 audire
730 2201 908 2266 uolentibus
923 2218 1078 2281 reserare,
1095 2201 1180 2282 quod
1194 2219 1232 2265 ex
1248 2220 1342 2283 prae·

152 2301 218 2368 lata
238 2301 457 2368 communione
472 2300 675 2383 parvulorum
690 2301 801 2367 saltem
824 2301 945 2368 directe
967 2301 1006 2387 lis
1028 2307 1084 2368 aut
1105 2301 1265 2368 discordia
1278 2320 1341 2368 non

152 2406 205 2470 cst
225 2408 306 2483 orte,
327 2401 385 2468 sed
406 2421 445 2468 ex
466 2401 600 2483 quedam
621 2402 827 2484 suggestione
848 2402 1045 2485 hypocritice
1065 2420 1183 2483 eorum,
1206 2403 1268 2485 qui,
1292 2421 1343 2468 se·

152 2501 290 2571 cundum
311 2500 395 2584 quod
417 2507 466 2570 est
487 2500 672 2579 timendum,
693 2507 769 2567 sunt
789 2501 960 2586 periculosi
982 2501 1097 2569 aemuli
1118 2502 1263 2571 veritam
1282 2519 1321 2570 oc.

699 2878 778 2954 117.

154 3107 240 3194 Res
272 3111 317 3192 iu
344 3102 662 3192 Oonstautieusi
692 3104 871 3189 concilio
904 3115 1052 3215 gestae
1079 3114 1340 3188 enarrantur.

498 3353 680 3422 constantiae,
700 3352 772 3421 1418,
790 3355 823 3408 at
840 3353 951 3408 lanuar.
969 3366 1008 3419 sq.

653 3557 851 3571 -ψ

366 3655 411 3723 (s
425 3653 489 3711 urs.
509 3655 601 3709 1111·
619 3653 733 3709 Boset.
751 3653 776 3716 s,
794 3655 834 3707 o.
851 3653 895 3716 12,
909 3652 961 3723 soz.
981 3646 1009 3706 'n
1031 3660 1057 3706 a
1075 3651 1128 3717 u.)

657 3805 851 3816 nnn—.—

729 3956 765 4025 1

476 4139 649 4207 ,,Νουι’11111,
668 4159 728 4195 cunt
741 4145 900 4211 juramento
919 4139 1017 4207 repte‘·

258 4313 297 4380 D.
314 4312 389 4380 Rex.
400 4311 617 4397 sigismundus
640 4309 842 4376 confirmatus
864 4313 913 4374 est
934 4307 974 4374 sd
995 4307 1161 4391 imperium
1183 4305 1346 4388 etJuravit

158 4418 190 4484 iu
213 4413 430 4482 Conuersione
452 4412 482 4478 S.
513 4411 603 4478 Pauli
633 4408 802 4492 (21111).
845 4408 963 4474 Omnes
989 4407 1165 4473 cardinales
1191 4414 1224 4473 et
1252 4424 1346 4486 reges

157 4521 365 4584 recesserunt
385 4514 426 4580 ab
448 4512 593 4580 omnibus
615 4510 773 4593 antipapis
794 4506 907 4586 tribus,
929 4506 1095 4588 Gregorio,
1122 4507 1256 4586 loanne,
1286 4506 1345 4571 Be-

157 4617 296 4696 nedicto,
318 4616 378 4697 (et)
397 4614 547 4696 iurarunt
568 4610 781 4679 obedientiam
803 4608 841 4674 Ι).
863 4608 1001 4674 Mertino
1024 4622 1125 4688 papae
1146 4623 1234 4671 novo.

1150 4721 1198 4772 ss·
