2992 5258
213 3787 245 4071 Joannes
212 3593 244 3732 Hus
213 3225 253 3534 luagister
213 3111 245 3175 in
213 2820 245 3067 artibus
222 2554 245 2774 sacrae
213 2149 254 2510 theologiae
213 1712 246 2104 baccalarius

255 3909 294 4273 I'ragensis‚
257 3650 287 3864 rector
258 3541 287 3607 et
254 3095 295 3498 praedicator
255 2872 287 3051 verbi
255 2674 287 2830 Jesu
254 2389 287 2627 Christi
255 2282 286 2347 in
255 1993 296 2236 capella
264 1879 288 1951 sa

296 4207 328 4272 in
296 3903 329 4160 civitate
297 3532 336 3856 Pragensi‚
296 3188 328 3477 clunibus
295 2904 328 3143 Christi
295 2569 329 2859 fidelibus
296 2445 328 2521 ad
305 2239 336 2398 quos
305 1899 338 2209 praesens
298 1544 338 1852 scriptum
307 1382 339 1498 per

337 4193 369 4272 ad
338 3857 370 4146 salutein-
338 3472 376 3767 Quainvis
337 3095 376 3425 detractio,
347 2887 377 3047 quae
341 2740 370 2839 est
347 2389 378 2694 perversa
338 2111 370 2346 locutio
338 1985 370 2064 de
339 1686 372 1939 homine

379 3977 416 4272 trahitur,
389 3801 411 3930 non
383 3512 418 3756 noceat,
380 3410 411 3464 si
380 3164 420 3365 ipsaxn
379 2904 411 3119 ferens
380 2684 412 2854 vitae
380 2212 413 2639 innocentiam
389 1995 412 2170 inore
381 1846 413 1947 sui
391 1727 413 1801 ca

421 4013 461 4272 pietatis
424 3758 453 3967 taiuen
420 3440 461 3709 requirit
421 3101 459 3397 conditio,¹
424 2981 453 3052 ut
422 2585 453 2938 sanativum
425 2472 453 2538 et
422 1887 462 2427 praeservativum
426 1474 464 1837 opponatur

462 3857 497 4273 detractionis
462 3485 495 3813 auditores
462 3362 494 3441 ab
462 3198 494 3315 hoc
462 2852 503 3158 pestifero
463 2651 495 2806 vitio
463 2475 495 2605 sint
463 2159 504 2432 purgati-
463 2034 495 2093 N

504 3945 536 4273 detractor
507 3834 536 3900 et
504 3586 536 3791 libens
504 3284 536 3541 auditor
508 2972 544 3242 uterque
504 2609 537 2925 diabolurn
507 2346 545 2563 portat
505 2239 536 2303 in
504 1978 544 2195 lingua
540 1698 550 1717 -

546 3954 586 4273 proximos
555 3734 578 3910 meos
549 3395 578 3689 versetur
545 3009 585 3351 detractio,
546 2765 578 2955 rnalui
546 2600 578 2719 hoc
546 2315 586 2556 scripto
546 2164 594 2270 pie
555 1752 587 2120 occurrere,
547 1517 580 1705 volen

587 4116 627 4280 jure-
587 3762 627 4024 Percepi
588 3461 626 3716 etenim,
587 3245 627 3414 quod
587 2947 628 3200 quidam
588 2614 628 2901 proxizni,
588 2423 620 2568 nolo
587 2138 620 2377 furiose
587 1881 620 2094 dicere
589 1543 622 1835 veritatis

628 4106 668 4274 quod
628 3921 660 4060 Hus
629 3562 661 3876 haeresi1n
629 3170 669 3514 praedicat,
629 2982 661 3122 Hus
629 2553 661 2937 'teutonicos
630 2248 670 2508 expulit,
629 2062 661 2200 Hus
634 1915 663 2015 est

674 4099 703 4275 tores
671 3925 710 4048 ipsi
671 3574 708 3878 sentiunt,
671 3379 711 3526 quia
672 3281 703 3335 si
671 3172 702 3236 in
671 2931 703 3124 tertio
671 2603 703 2885 lnelnbro
670 2141 703 2557 detractionis
671 1973 712 2096 ipsi
680 1897 704 1928 s

712 4181 744 4275 ori
716 3983 744 4134 sunt
712 3683 744 3940 veritati
713 3333 744 3637 contrarii
716 3222 744 3287 et
721 3108 744 3178 se
712 2890 753 3062 ipsos
716 2777 745 2843 et
712 2410 753 2734 proxilnos
712 2031 753 2360 decipiunt
714 1891 745 1983 sic

762 4088 785 4277 manu
754 3781 794 4044 propria
754 3504 794 3733 scripsi
754 3318 785 3458 vivo
754 3103 794 3272 quod
777 2303 785 3066 ..........
755 1993 787 2266 stionern
758 1882 787 1948 et

795 4005 827 4277 reddere
795 3625 828 3936 rationem
796 3411 836 3579 quod
798 3265 827 3366 est
800 2998 828 3221 contra
796 2484 836 2954 impositionem
796 2134 835 2438 haeresiS‚
800 2018 829 2084 et
797 1633 838 1962 expellere
806 1505 838 1587 qu

839 4175 869 4278 est
840 3887 868 4111 contra
837 3567 869 3827 tertiani
837 3109 869 3522 detractionis
838 2695 870 3064 meinbrum-
837 2483 870 2606 Sed
840 2213 870 2436 contra
837 2013 870 2171 illud
839 1576 879 1967 expulsionis
848 1470 871 1533 m

878 3756 918 4278 colnpronliSSum
878 3519 919 3687 quod
879 3093 911 3476 Teutonicos
879 2968 912 3046 de
879 2726 911 2922 studii
879 2336 920 2676 Pragensis
879 2045 920 2290 expulit

923 4113 958 4277 tuor,
920 3934 952 4066 scil-
920 3610 960 3899 perjurii,
921 3191 961 3565 privationis
921 2867 959 3145 honoris,
920 2144 953 2810 excommunicationis
924 2032 953 2097 et
930 1783 963 1989 poena
945 643 953 1745 ..............

961 4039 994 4278 vellent
962 3752 993 3995 nationi
961 3331 994 3709 Bohemicae
965 3166 994 3300 tres
971 2932 995 3119 voces
962 2529 1000 2887 ad1nittere‚
962 2312 1002 2482 quod
962 2031 995 2268 vellent
986 644 995 1995 .................

1003 4101 1035 4277 exire
1006 3988 1035 4054 et
1012 3603 1043 3942 numquam
1013 3362 1036 3553 causa
1004 3124 1036 3319 studii
1004 2823 1036 3079 reverti.
1004 2613 1036 2772 Orta
1005 2400 1036 2567 enim
1003 2275 1035 2354 de
1003 1841 1037 2231 adhaesione

1045 3932 1076 4277 noluerunt
1045 3456 1077 3889 illustrissimo
1045 3138 1086 3410 principi
1045 3015 1077 3090 D-
1045 2588 1078 2965 Wenceslao
1046 2114 1078 2541 Romanorum
1048 2001 1078 2068 et
1046 1618 1079 1960 Bohemiae

1086 4138 1125 4277 ejus
1089 3660 1127 4076 spreverunt,
1095 3430 1126 3592 quae
1086 3217 1119 3386 foret
1087 2916 1128 3173 longum
1087 2580 1127 2885 inserere,
1090 2265 1128 2532 propter
1088 2066 1127 2237 quod
1088 1697 1129 2023 praefatus
1112 641 1120 1661 .............

1126 4050 1167 4279 dictae,
1130 3946 1159 4017 ut
1127 3738 1168 3925 juxta
1129 3309 1161 3696 erectionem
1132 2986 1161 3246 sanctae
1129 2582 1161 2925 memoriae
1128 2130 1170 2537 imperatoris
1128 1872 1162 2083 Caroli
1130 1639 1171 1816 regis
1130 1541 1163 1592 Β
1157 961 1158 965 „

1168 4197 1201 4278 ad
1172 4019 1201 4153 tres
1178 3760 1205 3975 voces,
1179 3528 1210 3692 quae
1169 3175 1202 3474 admissio
1170 2704 1203 3121 detractionis
1171 2309 1203 2660 fomentum
1179 2111 1203 2265 occa
1193 1310 1203 2077 ..........
1189 1248 1192 1253 -
1194 641 1203 1240 ........

465 407 669 462 Controversiae
687 407 721 461 de
739 408 868 475 religione
886 406 914 460 in
931 405 1072 460 Bohemia:
1093 407 1170 460 1409.

1214 4173 1243 4275 est
1215 4056 1243 4129 ut
1221 3974 1244 4014 a
1211 3624 1253 3933 proximis
1211 3318 1252 3586 judicer,
1211 2934 1245 3271 dummodo
1211 2825 1245 2890 in
1221 2663 1288 2778 ΒΕΘ
1212 2399 1245 2619 vivens
1219 2103 1245 2354 servem
1212 1832 1246 2061 manda

1276 3815 1285 4246 ......
1256 3680 1287 3775 tto
1261 3399 1294 3635 rogans
1254 3275 1287 3356 ab
1262 3147 1287 3223 eo
1253 2754 1288 3101 detractori
1263 2630 1287 2704 us
1254 2314 1295 2583 gratiam
1257 2202 1287 2269 et
1254 1931 1288 2159 remiss

1436 2112 1482 2721 ——Q
