2992 5258
168 417 230 482 494
418 407 621 463 conteremioe
639 407 673 462 de
689 406 820 477 religione
837 407 864 461 in
882 406 1026 462 Bobenia:
1047 408 1119 463 atie.

1013 568 1023 598 0

266 614 325 678 His
351 610 546 696 praehabitis
573 615 607 676 ct
628 610 662 675 in
688 627 787 691 regno
814 609 896 676 beue
922 610 1076 676 ordinatis
1099 630 1160 694 pax
1184 610 1364 694 corporalis

167 722 200 781 et
221 713 389 780 concordia
417 731 453 776 ac
475 710 654 777 bonafama
675 711 708 776 in
729 710 856 792 mundo,
878 711 918 777 ad
929 718 1081 792 quantum
1104 710 1233 793 proficit
1252 710 1297 776 ad
1312 728 1364 777 sa·

164 817 263 881 lutom
284 812 482 896 spiritualem
504 811 595 893 regni
614 811 794 891 Bebemiae,
817 812 877 879 deo
900 811 1068 893 adiuvante
1090 812 1215 876 facilius
1236 812 1364 893 poterit

165 916 310 994 evenire3
341 915 420 980 Jesu
442 911 568 978 Christo
596 931 654 996 per
676 912 907 977 securissimam
929 912 1071 978 chartam
1093 913 1305 994 promittente
1328 920 1362 977 et

165 1016 306 1081 dicente:
339 1012 474 1096 primum
496 1011 640 1092 quaerite
661 1028 794 1091 regnum
816 1010 867 1076 dei
891 1017 923 1077 et
942 1012 1098 1094 justitiam
1121 1012 1200 1094 ejus,
1223 1019 1259 1078 et
1281 1012 1362 1077 haec

165 1116 269 1180 omnia
290 1113 481 1196 adjicientur
508 1111 608 1177 vobis.
630 1111 673 1177 Et
701 1112 776 1194 quia
796 1112 839 1177 Μ.
861 1113 952 1179 ioan.
975 1113 1045 1179 Hus
1066 1133 1136 1180 cum
1158 1114 1280 1180 maris
1301 1113 1365 1178 sibi

164 1214 410 1281 adhaerentibus
443 1231 501 1295 per
532 1212 787 1295 praedicationes
810 1230 884 1277 suas
916 1213 1035 1279 institit
1056 1221 1091 1279 et
1120 1213 1282 1280 laboravit
1304 1230 1364 1296 pro

163 1317 222 1382 bac
244 1314 443 1381 ordinatione
466 1313 648 1394 evangelica
670 1313 703 1377 iu
724 1331 858 1394 regnum
879 1313 1118 1395 introducenda,
1141 1315 1235 1380 nimis
1251 1313 1364 1380 multis

162 1415 454 1485 contradicentibus
486 1413 611 1480 clericis
642 1413 762 1479 malitia
794 1415 987 1480 excaecatis:
1020 1415 1147 1482 videtur
1181 1414 1267 1496 quod
1301 1415 1363 1479 llr.

161 1520 253 1585 Joan.
274 1517 344 1581 Hus
379 1533 449 1580 com
471 1514 588 1579 ceteris
611 1515 676 1579 suis
699 1519 858 1580 statuatur
880 1515 913 1579 in
935 1516 1071 1582 termino
1092 1514 1133 1582 ad
1156 1515 1358 1599 respoudea-

161 1618 236 1684 dum
268 1617 402 1701 objectis
434 1615 689 1682 accusationibus
719 1622 754 1680 et
784 1616 824 1680 ad
856 1616 1054 1698 purgandum
1086 1634 1123 1683 se
1152 1616 1195 1682 de
1226 1615 1363 1681 infamia

161 1725 319 1786 currente.
349 1717 381 1783 si
403 1715 534 1782 veroin
557 1735 632 1782 casu
654 1735 715 1799 pax
737 1722 771 1781 et
792 1718 961 1783 concordia
982 1717 1158 1801 spiritualis
1179 1717 1361 1783 animarum

158 1817 343 1902 supradicta
363 1835 428 1883 non
450 1818 571 1901 poterit
591 1834 626 1880 se
649 1818 732 1883 bono
753 1817 847 1883 modo
869 1819 1005 1901 compati
1027 1836 1099 1884 com
1120 1835 1200 1901 pace
1221 1824 1259 1884 et
1280 1835 1361 1883 cou-

159 1920 268 1985 cordia
289 1918 447 2002 corporali
468 1923 502 1982 ct
523 1918 643 1984 honore
665 1918 781 1998 mundi,
805 1924 838 1984 ct
859 1919 887 1984 si
908 1936 972 1984 uon
995 1919 1116 2002 poterit
1136 1918 1249 1985 haberi
1266 1923 1343 1983 utra

157 2038 220 2103 que
242 2022 274 2085 in
296 2037 410 2101 regno,
443 2018 555 2084 saltem
576 2038 638 2101 pax
668 2024 701 2084 et
730 2019 899 2085 concordia
923 2020 1097 2086 secuudum
1120 2018 1359 2086 ordinationem

158 2121 238 2201 legis
271 2118 390 2185 Christi
423 2120 456 2184 iu
488 2137 588 2201 reguo
620 2120 791 2186 Bebemiae
823 2121 1030 2200 observetur,
1063 2129 1097 2187 et
1122 2119 1295 2186 mandetur
1316 2120 1358 2186 ab

105 2208 109 2215 ’
158 2221 302 2287 omnibus
324 2219 495 2286 observari.
519 2220 599 2298 Quia
614 2227 690 2285 tunc
704 2219 831 2286 infamia
857 2228 890 2287 et
905 2221 1111 2287 haereticatio
1133 2238 1235 2302 regno
1250 2220 1357 2287 Bobe-

157 2323 238 2388 miae
271 2338 334 2386 non
356 2320 494 2386 nocebit.
537 2320 570 2384 Si
593 2320 677 2384 enim
699 2321 773 2385 talis
805 2321 885 2386 falsa
912 2320 1040 2387 infamia
1060 2338 1123 2387 uon
1146 2321 1258 2387 nocuit
1288 2319 1356 2387 filio

156 2424 222 2503 dei,
255 2441 314 2487 nec
335 2438 434 2501 regno
455 2419 626 2486 Bebemiae
659 2422 795 2486 nocebit.
839 2422 940 2487 Etsi
962 2421 1171 2488 communiter
1194 2420 1300 2489 sancti
1322 2427 1357 2485 et

156 2523 250 2588 electi
282 2522 348 2595 dei,
377 2520 563 2605 praehabita
585 2541 663 2604 pace
685 2529 719 2587 et
742 2522 911 2588 concordia
932 2523 1047 2589 mentis
1068 2541 1140 2589 cum
1159 2520 1238 2604 deo,
1273 2540 1354 2605 pecc

155 2622 314 2688 mundana
343 2627 529 2687 caruerunt:
562 2623 637 2704 quid
675 2641 775 2704 reguo
807 2623 977 2689 Bebemiae
1009 2630 1158 2704 noceret,
1190 2623 1220 2689 sl
1243 2623 1353 2691 habita

155 2742 233 2806 pace
266 2729 464 2801 sauctorum,
498 2741 560 2788 non
584 2731 695 2805 posset
715 2724 834 2789 habere
857 2743 895 2789 ex
918 2725 1001 2790 omui
1024 2732 1118 2807 parte
1140 2743 1252 2808 paoem
1271 2742 1353 2807 gen-

154 2824 281 2889 tilium?
297 2823 444 2905 Diroptio
460 2843 594 2905 namque
615 2825 703 2907 pacis
718 2832 752 2889 et
772 2825 961 2890 concordiae
987 2826 1162 2908 corporalis
1183 2826 1247 2891 heu
1263 2825 1350 2892 veuit

153 2923 247 2989 uobis
279 2924 311 2988 in
339 2942 439 3005 reguo
471 2925 670 3006 originaliter
690 2944 731 2991 cx
752 2925 938 3009 diruptione
971 2926 1058 3008 pacis
1091 2935 1125 2992 et
1158 2925 1347 2994 concordiae
1376 2958 1379 2963 >

152 3044 222 3090 cum
245 3025 315 3090 deo.
357 3024 442 3106 Ergo
465 3043 524 3108 per
545 3026 776 3092 ordinationem
799 3026 894 3107 legis,
927 3026 1069 3092 ineamus
1091 3019 1294 3095 concordiam
1314 3032 1346 3091 et

152 3144 261 3209 pacem
293 3142 364 3189 cum
396 3126 474 3204 deo;
507 3134 540 3192 et
573 3145 634 3208 pan
665 3133 700 3192 ct
735 3127 904 3193 concordia
935 3127 1111 3208 corporalis
1143 3127 1177 3193 in
1214 3144 1342 3209 rafinum

151 3226 273 3291 facilius
301 3228 483 3293 inducetur:
512 3227 591 3292 alias
620 3226 698 3292 nibil
721 3226 930 3310 proficiemus.
972 3226 1128 3293 Dominus
1147 3232 1257 3293 autem
1277 3227 1340 3293 Rea

152 3345 222 3392 com
256 3328 372 3393 ceteris
393 3327 565 3407 regnicolis
594 3326 672 3393 haec
705 3326 842 3393 fideliter
874 3345 932 3411 pro
965 3326 1086 3394 viribus
1119 3334 1336 3411 emanantes,

127 3428 398 3508 progredientur
430 3427 470 3492 de
503 3427 563 3491 boc
585 3445 683 3503 regno
706 3428 891 3494 transitorio
912 3428 952 3494 ad
975 3434 1181 3512 perpetuum,
1215 3435 1249 3495 ut
1269 3446 1334 3512 spe

149 3545 281 3593 rannus.
314 3575 322 3589 .
356 3575 364 3590 .
