2992 5258
209 374 275 447 ’172
458 379 652 434 decusationes
669 379 707 434 Μ.
725 380 749 434 J.
767 380 827 435 Huc
844 381 956 450 ejusque
975 376 1114 449 responsu.
1148 384 1172 437 3.

214 583 275 648 sibi
297 599 357 648 nec
378 580 471 646 alicui
494 587 580 645 esset
595 581 716 661 nociva,
740 582 797 647 sed
819 589 1062 649 converteretur
1082 585 1114 650 in
1143 578 1415 663 benedictionem

679 713 735 765 qno
753 699 848 752 obstiti
864 703 999 755 mundato
1018 703 1116 756 illicito

218 790 251 849 et
273 783 357 864 qnod
379 784 482 865 ipsius
503 783 637 848 ioannis
659 783 728 848 Hns
750 785 968 852 inobedientia
988 795 1075 853 esset
1096 789 1188 853 bona.

312 885 398 947 Diti
413 892 441 946 et
456 882 534 964 dice,
558 883 639 964 munel
654 905 709 947 nec
719 887 799 947 milti
813 907 866 949 nec
880 887 977 950 elicui
998 890 1156 951 innocenti
1172 889 1285 974 (noem)
1296 906 1416 951 encom-

214 986 387 1047 mnnicatio
401 988 533 1071 injusto,
557 986 632 1046 dum
649 987 751 1065 ipoum
762 989 921 1067 patienter
931 997 959 1050 et
973 988 1134 1052 ltumiliter
1149 988 1270 1062 tolerat,
1293 996 1321 1050 et
1343 989 1419 1069 ipen

215 1082 403 1150 conuertilun
438 1091 473 1150 in
508 1087 762 1161 benedictionem,
784 1089 884 1171 juuto
918 1091 1001 1152 illud
1029 1093 1198 1172 prophetoe
1218 1091 1255 1152 in
1271 1089 1417 1171 psalmo:

218 1189 429 1271 „Maledicent
450 1192 523 1271 ipec',
547 1197 581 1250 tu
595 1196 700 1250 autent
722 1189 903 1269 lenedicee‚“
927 1197 956 1251 et
967 1189 1070 1271 junio
1087 1191 1171 1253 illud
1190 1192 1419 1272 pnopdeticum,

215 1313 272 1372 queo
287 1292 371 1354 dicit
385 1293 480 1353 durs:
504 1288 716 1371 „Benedicam
729 1287 1000 1353 maledictionibus
1014 1293 1154 1371 neoteio,“
1178 1299 1207 1354 et
1220 1293 1321 1373 jueta
1335 1289 1420 1352 illud

216 1392 299 1456 Mat.
331 1394 376 1456 V:
400 1393 514 1472 „Beati
528 1392 611 1469 estio,
634 1409 703 1451 cum
718 1391 938 1453 maledixerint
960 1394 1044 1454 nomo
1065 1393 1205 1455 domines
1226 1400 1253 1454 et
1276 1392 1419 1454 dmm

218 1514 306 1555 omne
326 1492 448 1555 multem
463 1492 630 1554 aduncum
650 1511 712 1564 uos,
735 1490 915 1554 mentientes
926 1501 1058 1574 propter
1077 1514 1136 1554 me.
1160 1492 1302 1555 Gaudete
1323 1497 1417 1554 eice·

201 1594 340 1673 sinitote,
363 1595 512 1674 eutonium
532 1611 646 1655 merces
666 1599 770 1655 uestro
791 1595 916 1674 copiosa
937 1602 982 1656 eot
1003 1597 1038 1656 in
1060 1594 1181 1657 coelis.“

316 1693 355 1759 lt.
379 1694 463 1776 quod
486 1695 647 1778 praefatus
673 1696 766 1760 ioan.
786 1694 866 1774 Hus‚
882 1693 884 1698 ’
899 1702 935 1760 ut
961 1695 1080 1761 dietum
1101 1695 1251 1778 populum
1274 1691 1422 1776 apertius

200 1800 372 1865 xinducere
395 1799 516 1863 valeret
539 1801 649 1861 contra
671 1795 774 1860 dictos
801 1796 881 1862 duos
902 1799 1168 1881 archiepiscopos
1199 1802 1362 1883 praelatos
1387 1808 1421 1865 et

200 1903 347 1978 'clerum
376 1899 566 1982 praedicans
587 1897 627 1962 ad
650 1897 810 1979 populum,
842 1907 877 1963 nt
898 1898 1073 1964 seditiones
1095 1906 1128 1965 et
1150 1901 1299 1966 scandalo
1321 1918 1422 1982 gene·

219 2009 315 2079 reret,
346 2001 492 2082 exposuit
515 1998 641 2080 populo,
672 2006 749 2063 tunc
780 1999 812 2061 in
842 1995 928 2063 dicte
960 2001 1082 2081 capelia
1102 2000 1135 2065 in
1156 2001 1293 2066 maxima
1314 2002 1422 2066 multi·

217 2103 328 2169 tudine
362 2106 573 2182 congregato,
607 2098 691 2179 quod
724 2118 780 2162 rex
813 2100 947 2180 Angiine
980 2100 1165 2166 abstulisset
1197 2103 1302 2167 omniu
1337 2102 1423 2168 bono

218 2203 476 2285 archiepiscopis,
507 2200 665 2283 episcopis
694 2208 727 2264 et
756 2200 828 2264 eliis
852 2202 1003 2281 praelatis
1027 2220 1064 2265 uc
1093 2202 1218 2267 clericis
1242 2204 1290 2266 sui
1319 2204 1421 2283 regni,

219 2286 433 2387 qnod‘plures
457 2320 496 2366 ex
518 2302 564 2367 eis
587 2300 810 2366 interfecisset.

317 2405 381 2467 lete
410 2410 493 2464 totus
514 2399 670 2464 articulus
691 2408 735 2463 est
752 2401 913 2480 fulminet
936 2404 1112 2466 mendosus.
1155 2404 1220 2466 Nec
1240 2405 1422 2484 seditiones,

217 2527 271 2569 nec
298 2504 456 2568 eccndclo
476 2503 560 2566 uolui
580 2522 742 2584 pecccare,
764 2503 819 2564 ced
840 2505 1023 2585 exstirpare.
1066 2504 1114 2567 Et
1135 2505 1174 2567 de
1194 2525 1262 2586 repe
1283 2506 1424 2586 Anpliae

218 2607 300 2689 qued
322 2607 457 2668 dinuim
478 2611 523 2665 eet
545 2605 672 2665 connino
693 2602 833 2684 salsum,
863 2607 1004 2685 quumvis
1026 2605 1135 2667 auditi
1147 2655 1154 2678 ‚
1183 2605 1265 2686 quod
1285 2608 1423 2689 episcopi

218 2717 247 2770 ct
278 2707 425 2769 mmmelti
451 2711 616 2766 tenemunt
641 2724 787 2783 campum
809 2714 920 2768 contro
941 2727 1063 2787 nepem,
1096 2707 1180 2787 quod
1202 2713 1277 2769 tunc
1297 2709 1423 2771 niumm

218 2809 372 2872 decollare
387 2807 544 2887 proecepit
564 2824 661 2866 ‘renum
676 2806 867 2884 episcopum,
889 2814 918 2869 et
932 2804 1054 2888 aliquos
1075 2807 1245 2869 monachos
1264 2811 1423 2889 proecepit

218 2907 415 2989 eucpendere.

320 3010 358 3074 It.
382 3007 467 3090 quod
488 3006 572 3070 idem
606 3007 698 3071 ioan.
727 3006 796 3070 Hus
825 3008 999 3088 praemissa
1039 3008 1119 3073 dixit
1149 3014 1181 3073 et
1210 3010 1361 3092 exposuit
1382 3009 1424 3075 ed

220 3111 307 3175 illum
336 3108 431 3173 finem
461 3116 494 3172 et
523 3106 680 3185 effectum,
710 3113 744 3172 ut
774 3109 925 3190 populum
955 3110 1105 3174 incitaret
1128 3117 1160 3175 et
1190 3111 1360 3175 induceret
1381 3110 1423 3175 ud

221 3209 477 3294 persequendum
499 3208 660 3273 dominum
674 3207 949 3290 archiepiscopum
972 3216 1005 3273 et
1026 3210 1157 3287 clerum,
1180 3218 1244 3275 tum
1260 3210 1293 3274 in
1308 3227 1424 3292 eorpo-
1447 3284 1450 3289 ¹

220 3313 309 3379 ribus
332 3332 425 3395 quarn
452 3311 549 3375 rebus
571 3309 647 3387 suis,
681 3315 718 3374 nt
749 3309 795 3373 sic
818 3328 875 3390 per
916 3311 1096 3391 hansmodi
1129 3310 1304 3376 seditiones
1332 3327 1425 3376 sunm

221 3413 374 3477 valuisset
403 3418 435 3476 et
462 3410 584 3474 valeret
612 3408 765 3472 melitiani
796 3415 829 3472 et
852 3411 946 3474 etiam
975 3428 1103 3475 errores
1126 3411 1269 3476 colorare
1291 3418 1326 3477 et
1348 3428 1425 3476 con·

222 3515 357 3579 tinuare.

322 3612 388 3674 Iste
405 3612 501 3671 etiam
523 3618 607 3671 tot—ue
621 3607 776 3672 articulus
797 3617 843 3671 eet
855 3609 968 3688 plenus
981 3613 1155 3684 mendacio,
1176 3612 1251 3692 quio
1266 3608 1427 3692 populun·

221 3732 391 3792 numquam
422 3712 551 3774 incitcrui
572 3711 620 3773 vel
639 3711 755 3772 induci
782 3710 826 3771 nd
846 3711 1090 3790 persequendum
1113 3711 1383 3792 archiepiocopum
1396 3717 1428 3772 ct

222 3813 346 3885 clerium,
368 3831 422 3872 nec
436 3832 584 3890 nrnrqunm
607 3808 697 3880 uoluti,
721 3811 801 3870 eiciet
816 3830 871 3870 nec
886 3809 961 3880 vole,
985 3830 1039 3871 nee
1060 3808 1177 3881 ntellcm,
1198 3810 1363 3874 malitiam
1377 3811 1430 3874 uel

222 3934 342 3975 uuerco
363 3912 505 3974 colorare
526 3920 554 3973 et
576 3912 766 3973 continuare,

323 4012 361 4077 It.
385 4011 468 4092 quod
490 4011 594 4076 dictus
616 4013 706 4077 doen.
728 4011 799 4077 Hus
821 4011 905 4074 ultra
934 4011 1106 4091 praemissa
1128 4010 1272 4075 diversos
1293 4020 1428 4076 errores

222 4115 350 4196 saepius
379 4113 413 4176 in
442 4112 526 4176 dicta
549 4113 671 4193 capelia
693 4111 890 4194 praedicavit
921 4121 954 4174 et
977 4110 1142 4193 praedicet
1164 4108 1314 4190 qnotidie,
1339 4110 1429 4176 unde

224 4220 317 4279 etex
339 4214 453 4295 quibus
483 4231 597 4291 magna
618 4212 741 4291 divisio,
773 4211 875 4294 primo
898 4212 984 4275 inter
1006 4210 1176 4290 magistros
1199 4219 1232 4273 et
1259 4208 1429 4276 scholares

223 4314 299 4380 dicti
312 4314 418 4393 studii,
442 4322 475 4378 et
496 4312 611 4376 deinde
636 4313 1005 4394 interarehiepiscopnn
1021 4317 1054 4375 et
1072 4311 1233 4392 praelatos
1249 4316 1282 4374 et
1303 4310 1429 4376 clerum

224 4432 261 4479 nc
283 4415 433 4496 populum
456 4414 559 4477 dictae
582 4413 721 4477 civitatis
743 4410 914 4492 Pragensis
929 4412 989 4476 init
1004 4416 1103 4476 etesi
1118 4416 1238 4484 exortu
1262 4415 1295 4475 et
1309 4427 1431 4489 meguu

225 4514 372 4580 scandula
398 4513 462 4593 jorn
492 4521 669 4577 evenerunt
698 4512 787 4591 adeo,
817 4511 903 4592 qnod
933 4511 1022 4591 quasi
1045 4516 1132 4576 totns
1162 4510 1300 4593 populus
1321 4509 1430 4576 iectus

225 4622 276 4683 est
295 4613 483 4680 inobediens
504 4611 726 4679 mendatorum
749 4612 824 4677 dicti
848 4610 1080 4698 archiepiscopi
1096 4617 1130 4675 et
1145 4611 1280 4677 aliorum
1295 4626 1431 4681 suorum
