<?xml version="1.0" encoding="UTF-8"?>
<!DOCTYPE html PUBLIC "-//W3C//DTD XHTML 1.0 Transitional//EN"
    "http://www.w3.org/TR/xhtml1/DTD/xhtml1-transitional.dtd">
<html xmlns="http://www.w3.org/1999/xhtml" xml:lang="en" lang="en">
 <head>
  <title>
</title>
<meta http-equiv="Content-Type" content="text/html;charset=utf-8" />
  <meta name='ocr-system' content='tesseract 3.04.00' />
  <meta name='ocr-capabilities' content='ocr_page ocr_carea ocr_par ocr_line ocrx_word'/>
</head>
<body>
  <div class='ocr_page' id='page_1' title='image "./documentamagjoa00palagoog_0353.png"; bbox 0 0 2992 5258; ppageno 0'>
   <div class='ocr_carea' id='block_1_1' title="bbox 151 385 1107 452">
    <p class='ocr_par' dir='ltr' id='par_1_1' title="bbox 151 385 1107 452">
     <span class='ocr_line' id='line_1_1' title="bbox 151 385 1107 452; baseline 0 -11"><span class='ocrx_word' id='word_1_1' title='bbox 151 393 211 452; x_wconf 82' lang='lat'>332</span> <span class='ocrx_word' id='word_1_2' title='bbox 393 385 596 440; x_wconf 76' lang='lat' dir='ltr'>Conuorersiae</span> <span class='ocrx_word' id='word_1_3' title='bbox 616 385 649 438; x_wconf 85' lang='lat' dir='ltr'>de</span> <span class='ocrx_word' id='word_1_4' title='bbox 668 385 797 451; x_wconf 76' lang='lat' dir='ltr'>religione</span> <span class='ocrx_word' id='word_1_5' title='bbox 816 387 843 439; x_wconf 91' lang='lat' dir='ltr'>in</span> <span class='ocrx_word' id='word_1_6' title='bbox 861 386 1007 441; x_wconf 86' lang='lat' dir='ltr'>Bohemia:</span> <span class='ocrx_word' id='word_1_7' title='bbox 1028 390 1107 441; x_wconf 77' lang='grc'>14061</span> 
     </span>
    </p>
   </div>
   <div class='ocr_carea' id='block_1_2' title="bbox 676 583 759 655">
    <p class='ocr_par' dir='ltr' id='par_1_2' title="bbox 676 583 759 655">
     <span class='ocr_line' id='line_1_2' title="bbox 676 583 759 655; baseline 0.012 -1"><span class='ocrx_word' id='word_1_8' title='bbox 676 583 759 655; x_wconf 72' lang='grc'>«2.</span> 
     </span>
    </p>
   </div>
   <div class='ocr_carea' id='block_1_3' title="bbox 151 708 1346 1004">
    <p class='ocr_par' dir='ltr' id='par_1_3' title="bbox 151 708 1346 1004">
     <span class='ocr_line' id='line_1_3' title="bbox 151 708 1346 869; baseline 0.002 -29"><span class='ocrx_word' id='word_1_9' title='bbox 151 758 367 866; x_wconf 81' lang='lat' dir='ltr'>Excerpta</span> <span class='ocrx_word' id='word_1_10' title='bbox 399 789 421 841; x_wconf 88' lang='lat' dir='ltr'>e</span> <span class='ocrx_word' id='word_1_11' title='bbox 451 708 621 841; x_wconf 76' lang='lat' dir='ltr'>statutis</span> <span class='ocrx_word' id='word_1_12' title='bbox 643 757 923 868; x_wconf 77' lang='lat' dir='ltr'>synodalibus</span> <span class='ocrx_word' id='word_1_13' title='bbox 944 759 1346 869; x_wconf 81' lang='lat' dir='ltr'><strong>archiepiscopatus</strong></span> 
     </span>
     <span class='ocr_line' id='line_1_4' title="bbox 400 890 1094 1004; baseline 0.004 -32"><span class='ocrx_word' id='word_1_14' title='bbox 400 890 629 1004; x_wconf 83' lang='lat' dir='ltr'>Pragensis</span> <span class='ocrx_word' id='word_1_15' title='bbox 661 920 758 973; x_wconf 88' lang='lat' dir='ltr'>ann.</span> <span class='ocrx_word' id='word_1_16' title='bbox 796 897 1094 977; x_wconf 81' lang='lat'>1405-1410.</span> 
     </span>
    </p>
   </div>
   <div class='ocr_carea' id='block_1_4' title="bbox 149 1173 1352 2654">
    <p class='ocr_par' dir='ltr' id='par_1_4' title="bbox 149 1173 1352 2654">
     <span class='ocr_line' id='line_1_5' title="bbox 265 1173 1349 1243; baseline 0.003 -16"><span class='ocrx_word' id='word_1_17' title='bbox 265 1174 372 1228; x_wconf 86' lang='lat' dir='ltr'>Statuta</span> <span class='ocrx_word' id='word_1_18' title='bbox 405 1174 544 1243; x_wconf 73' lang='lat' dir='ltr'>synodalia</span> <span class='ocrx_word' id='word_1_19' title='bbox 571 1174 819 1243; x_wconf 81' lang='lat' dir='ltr'>archiepiscopatus</span> <span class='ocrx_word' id='word_1_20' title='bbox 842 1173 987 1242; x_wconf 81' lang='lat' dir='ltr'>Pragensis</span> <span class='ocrx_word' id='word_1_21' title='bbox 1013 1189 1144 1228; x_wconf 89' lang='lat' dir='ltr'>annorum</span> <span class='ocrx_word' id='word_1_22' title='bbox 1171 1177 1349 1243; x_wconf 81' lang='grc'>1406-1410,</span> 
     </span>
     <span class='ocr_line' id='line_1_6' title="bbox 150 1257 1349 1328; baseline 0.001 -16"><span class='ocrx_word' id='word_1_23' title='bbox 150 1274 221 1326; x_wconf 88' lang='lat' dir='ltr'>quae</span> <span class='ocrx_word' id='word_1_24' title='bbox 240 1259 410 1312; x_wconf 90' lang='lat' dir='ltr'>continentur</span> <span class='ocrx_word' id='word_1_25' title='bbox 428 1258 510 1312; x_wconf 84' lang='lat' dir='ltr'>Codd.</span> <span class='ocrx_word' id='word_1_26' title='bbox 523 1258 602 1313; x_wconf 86' lang='lat' dir='ltr'>MSS.</span> <span class='ocrx_word' id='word_1_27' title='bbox 620 1258 798 1312; x_wconf 83' lang='lat' dir='ltr'>bibliothocae</span> <span class='ocrx_word' id='word_1_28' title='bbox 811 1257 993 1311; x_wconf 87' lang='lat' dir='ltr'>universitatis</span> <span class='ocrx_word' id='word_1_29' title='bbox 1011 1257 1155 1327; x_wconf 86' lang='lat' dir='ltr'>Pragensis</span> <span class='ocrx_word' id='word_1_30' title='bbox 1176 1258 1234 1328; x_wconf 80' lang='lat' dir='ltr'>[VL</span> <span class='ocrx_word' id='word_1_31' title='bbox 1253 1258 1284 1313; x_wconf 90' lang='grc' dir='ltr'>Β.</span> <span class='ocrx_word' id='word_1_32' title='bbox 1304 1261 1349 1325; x_wconf 81' lang='lat'>21,</span> 
     </span>
     <span class='ocr_line' id='line_1_7' title="bbox 153 1341 1348 1416; baseline 0.002 -21"><span class='ocrx_word' id='word_1_33' title='bbox 153 1341 200 1408; x_wconf 86' lang='lat' dir='ltr'>Xl,</span> <span class='ocrx_word' id='word_1_34' title='bbox 220 1343 247 1395; x_wconf 88' lang='lat' dir='ltr'>C.</span> <span class='ocrx_word' id='word_1_35' title='bbox 266 1345 282 1397; x_wconf 84' lang='grc'>8</span> <span class='ocrx_word' id='word_1_36' title='bbox 300 1342 434 1412; x_wconf 86' lang='lat' dir='ltr'>aliisquc],</span> <span class='ocrx_word' id='word_1_37' title='bbox 453 1358 505 1396; x_wconf 91' lang='lat' dir='ltr'>non</span> <span class='ocrx_word' id='word_1_38' title='bbox 525 1343 653 1397; x_wconf 80' lang='lat' dir='ltr'>exhibent</span> <span class='ocrx_word' id='word_1_39' title='bbox 671 1342 783 1397; x_wconf 81' lang='lat' dir='ltr'>formam</span> <span class='ocrx_word' id='word_1_40' title='bbox 800 1343 945 1409; x_wconf 80' lang='lat' dir='ltr'>genuinam</span> <span class='ocrx_word' id='word_1_41' title='bbox 961 1341 1157 1410; x_wconf 78' lang='lat' dir='ltr'>integramque,</span> <span class='ocrx_word' id='word_1_42' title='bbox 1181 1342 1230 1397; x_wconf 88' lang='lat' dir='ltr'>sed</span> <span class='ocrx_word' id='word_1_43' title='bbox 1247 1358 1264 1416; x_wconf 82' lang='lat' dir='ltr'>a</span> <span class='ocrx_word' id='word_1_44' title='bbox 1281 1343 1348 1397; x_wconf 89' lang='lat' dir='ltr'>rudi</span> 
     </span>
     <span class='ocr_line' id='line_1_8' title="bbox 153 1424 1349 1494; baseline 0.001 -15"><span class='ocrx_word' id='word_1_45' title='bbox 153 1426 283 1493; x_wconf 79' lang='lat' dir='ltr'>scriptore</span> <span class='ocrx_word' id='word_1_46' title='bbox 301 1426 416 1493; x_wconf 87' lang='lat' dir='ltr'>quodam</span> <span class='ocrx_word' id='word_1_47' title='bbox 435 1426 541 1480; x_wconf 87' lang='lat' dir='ltr'>circiter</span> <span class='ocrx_word' id='word_1_48' title='bbox 558 1426 646 1480; x_wconf 83' lang='lat' dir='ltr'>medio</span> <span class='ocrx_word' id='word_1_49' title='bbox 665 1426 757 1479; x_wconf 88' lang='lat' dir='ltr'>seculo</span> <span class='ocrx_word' id='word_1_50' title='bbox 775 1426 824 1478; x_wconf 82' lang='lat' dir='ltr'>XV</span> <span class='ocrx_word' id='word_1_51' title='bbox 842 1424 956 1479; x_wconf 86' lang='lat' dir='ltr'>collecta</span> <span class='ocrx_word' id='word_1_52' title='bbox 974 1427 1204 1494; x_wconf 84' lang='lat' dir='ltr'>transscriptaque</span> <span class='ocrx_word' id='word_1_53' title='bbox 1216 1433 1280 1480; x_wconf 89' lang='lat' dir='ltr'>sunt</span> <span class='ocrx_word' id='word_1_54' title='bbox 1297 1426 1349 1494; x_wconf 84' lang='lat' dir='ltr'>ita,</span> 
     </span>
     <span class='ocr_line' id='line_1_9' title="bbox 152 1508 1348 1580; baseline 0.001 -17"><span class='ocrx_word' id='word_1_55' title='bbox 152 1517 182 1563; x_wconf 89' lang='lat' dir='ltr'>ut</span> <span class='ocrx_word' id='word_1_56' title='bbox 194 1510 306 1577; x_wconf 85' lang='lat' dir='ltr'>singulis</span> <span class='ocrx_word' id='word_1_57' title='bbox 324 1510 377 1564; x_wconf 92' lang='lat' dir='ltr'>illis</span> <span class='ocrx_word' id='word_1_58' title='bbox 390 1517 469 1565; x_wconf 88' lang='lat' dir='ltr'>notae</span> <span class='ocrx_word' id='word_1_59' title='bbox 483 1518 631 1578; x_wconf 88' lang='lat' dir='ltr'>temporum</span> <span class='ocrx_word' id='word_1_60' title='bbox 643 1510 787 1563; x_wconf 83' lang='lat' dir='ltr'>manifesto</span> <span class='ocrx_word' id='word_1_61' title='bbox 800 1508 887 1563; x_wconf 78' lang='lat' dir='ltr'>falsae</span> <span class='ocrx_word' id='word_1_62' title='bbox 900 1510 1092 1577; x_wconf 78' lang='lat' dir='ltr'>praefigantur,</span> <span class='ocrx_word' id='word_1_63' title='bbox 1106 1509 1134 1564; x_wconf 92' lang='lat' dir='ltr'>id</span> <span class='ocrx_word' id='word_1_64' title='bbox 1147 1509 1219 1580; x_wconf 84' lang='lat' dir='ltr'>quod</span> <span class='ocrx_word' id='word_1_65' title='bbox 1228 1518 1348 1579; x_wconf 86' lang='lat' dir='ltr'>apparet</span> 
     </span>
     <span class='ocr_line' id='line_1_10' title="bbox 149 1590 1340 1663; baseline 0.001 -16"><span class='ocrx_word' id='word_1_66' title='bbox 149 1610 182 1647; x_wconf 88' lang='lat' dir='ltr'>ex</span> <span class='ocrx_word' id='word_1_67' title='bbox 201 1593 329 1661; x_wconf 91' lang='lat' dir='ltr'>opusculo</span> <span class='ocrx_word' id='word_1_68' title='bbox 349 1593 490 1662; x_wconf 74' lang='lat' dir='ltr'>,Concilio</span> <span class='ocrx_word' id='word_1_69' title='bbox 503 1594 664 1663; x_wconf 79' lang='lat' dir='ltr'>Propensio</span> <span class='ocrx_word' id='word_1_70' title='bbox 682 1590 876 1647; x_wconf 70' lang='lat'><strong><em>1353-1413“</em></strong></span> <span class='ocrx_word' id='word_1_71' title='bbox 895 1594 1031 1662; x_wconf 88' lang='lat' dir='ltr'>inscripto,</span> <span class='ocrx_word' id='word_1_72' title='bbox 1050 1593 1121 1661; x_wconf 86' lang='lat' dir='ltr'>quod</span> <span class='ocrx_word' id='word_1_73' title='bbox 1133 1592 1235 1661; x_wconf 81' lang='lat' dir='ltr'>Hbfler,</span> <span class='ocrx_word' id='word_1_74' title='bbox 1246 1595 1276 1647; x_wconf 90' lang='lat' dir='ltr'>V.</span> <span class='ocrx_word' id='word_1_75' title='bbox 1287 1594 1340 1663; x_wconf 79' lang='lat' dir='ltr'>ct,</span> 
     </span>
     <span class='ocr_line' id='line_1_11' title="bbox 149 1677 1347 1747; baseline 0.002 -16"><span class='ocrx_word' id='word_1_76' title='bbox 149 1679 176 1731; x_wconf 92' lang='lat' dir='ltr'>in</span> <span class='ocrx_word' id='word_1_77' title='bbox 184 1679 259 1731; x_wconf 85' lang='lat' dir='ltr'>Actis</span> <span class='ocrx_word' id='word_1_78' title='bbox 268 1678 358 1744; x_wconf 81' lang='lat' dir='ltr'>regiae</span> <span class='ocrx_word' id='word_1_79' title='bbox 377 1679 513 1732; x_wconf 86' lang='lat' dir='ltr'>societatis</span> <span class='ocrx_word' id='word_1_80' title='bbox 532 1679 670 1732; x_wconf 89' lang='lat' dir='ltr'>literarum</span> <span class='ocrx_word' id='word_1_81' title='bbox 683 1678 827 1746; x_wconf 86' lang='lat' dir='ltr'>Pragensis</span> <span class='ocrx_word' id='word_1_82' title='bbox 844 1680 994 1732; x_wconf 83' lang='grc'>00001663</span> <span class='ocrx_word' id='word_1_83' title='bbox 1012 1680 1083 1747; x_wconf 82' lang='lat' dir='ltr'>(pag.</span> <span class='ocrx_word' id='word_1_84' title='bbox 1093 1679 1203 1746; x_wconf 80' lang='lat'><strong>46-72)</strong></span> <span class='ocrx_word' id='word_1_85' title='bbox 1214 1677 1347 1746; x_wconf 80' lang='lat' dir='ltr'>vulgavit</span> 
     </span>
     <span class='ocr_line' id='line_1_12' title="bbox 150 1758 1345 1829; baseline -0.002 -13"><span class='ocrx_word' id='word_1_86' title='bbox 150 1762 273 1829; x_wconf 80' lang='lat' dir='ltr'>Namque</span> <span class='ocrx_word' id='word_1_87' title='bbox 291 1763 327 1815; x_wconf 91' lang='lat' dir='ltr'>ibi</span> <span class='ocrx_word' id='word_1_88' title='bbox 346 1777 386 1815; x_wconf 89' lang='lat' dir='ltr'>ex.</span> <span class='ocrx_word' id='word_1_89' title='bbox 406 1777 445 1828; x_wconf 81' lang='lat' dir='ltr'>gr.</span> <span class='ocrx_word' id='word_1_90' title='bbox 464 1768 566 1814; x_wconf 86' lang='lat' dir='ltr'>statuta</span> <span class='ocrx_word' id='word_1_91' title='bbox 583 1776 713 1813; x_wconf 90' lang='lat' dir='ltr'>annorum</span> <span class='ocrx_word' id='word_1_92' title='bbox 733 1763 805 1826; x_wconf 76' lang='grc'>1405,</span> <span class='ocrx_word' id='word_1_93' title='bbox 826 1762 890 1813; x_wconf 91' lang='grc'>1406</span> <span class='ocrx_word' id='word_1_94' title='bbox 908 1767 936 1814; x_wconf 86' lang='lat' dir='ltr'>ct</span> <span class='ocrx_word' id='word_1_95' title='bbox 955 1763 1019 1813; x_wconf 88' lang='grc'>1407</span> <span class='ocrx_word' id='word_1_96' title='bbox 1046 1758 1237 1814; x_wconf 89' lang='lat' dir='ltr'>adscribuntur</span> <span class='ocrx_word' id='word_1_97' title='bbox 1253 1760 1345 1814; x_wconf 87' lang='lat' dir='ltr'>archi·</span> 
     </span>
     <span class='ocr_line' id='line_1_13' title="bbox 152 1842 1347 1913; baseline -0.001 -14"><span class='ocrx_word' id='word_1_98' title='bbox 152 1847 278 1913; x_wconf 88' lang='lat' dir='ltr'>episcopo</span> <span class='ocrx_word' id='word_1_99' title='bbox 296 1845 455 1913; x_wconf 89' lang='lat' dir='ltr'>Wolfrarno,</span> <span class='ocrx_word' id='word_1_100' title='bbox 476 1845 535 1910; x_wconf 84' lang='lat' dir='ltr'>jam</span> <span class='ocrx_word' id='word_1_101' title='bbox 562 1846 756 1911; x_wconf 75' lang='grc'>1402001010,</span> <span class='ocrx_word' id='word_1_102' title='bbox 781 1858 912 1897; x_wconf 86' lang='lat' dir='ltr'>annorum</span> <span class='ocrx_word' id='word_1_103' title='bbox 932 1846 995 1897; x_wconf 86' lang='grc'>1407</span> <span class='ocrx_word' id='word_1_104' title='bbox 1013 1850 1040 1896; x_wconf 89' lang='lat' dir='ltr'>et</span> <span class='ocrx_word' id='word_1_105' title='bbox 1060 1846 1124 1896; x_wconf 84' lang='grc'>1408</span> <span class='ocrx_word' id='word_1_106' title='bbox 1141 1842 1243 1911; x_wconf 87' lang='lat' dir='ltr'>passim</span> <span class='ocrx_word' id='word_1_107' title='bbox 1261 1844 1347 1898; x_wconf 89' lang='lat' dir='ltr'>etiam</span> 
     </span>
     <span class='ocr_line' id='line_1_14' title="bbox 149 1927 1350 1996; baseline -0.001 -13"><span class='ocrx_word' id='word_1_108' title='bbox 149 1929 280 1990; x_wconf 83' lang='lat' dir='ltr'>Conrado,</span> <span class='ocrx_word' id='word_1_109' title='bbox 299 1930 344 1996; x_wconf 91' lang='lat' dir='ltr'>qni</span> <span class='ocrx_word' id='word_1_110' title='bbox 363 1929 469 1982; x_wconf 87' lang='lat' dir='ltr'>demum</span> <span class='ocrx_word' id='word_1_111' title='bbox 489 1931 553 1981; x_wconf 82' lang='grc'>1413</span> <span class='ocrx_word' id='word_1_112' title='bbox 571 1928 830 1995; x_wconf 86' lang='lat' dir='ltr'>archiepiscopatum</span> <span class='ocrx_word' id='word_1_113' title='bbox 849 1928 965 1996; x_wconf 89' lang='lat' dir='ltr'>adeptus</span> <span class='ocrx_word' id='word_1_114' title='bbox 983 1934 1031 1989; x_wconf 83' lang='lat' dir='ltr'>est,</span> <span class='ocrx_word' id='word_1_115' title='bbox 1050 1943 1121 1996; x_wconf 86' lang='lat' dir='ltr'>papa</span> <span class='ocrx_word' id='word_1_116' title='bbox 1134 1927 1281 1994; x_wconf 80' lang='lat' dir='ltr'>Gregorius</span> <span class='ocrx_word' id='word_1_117' title='bbox 1294 1927 1350 1982; x_wconf 83' lang='lat' dir='ltr'>xu</span> 
     </span>
     <span class='ocr_line' id='line_1_15' title="bbox 149 2010 1351 2079; baseline 0 -12"><span class='ocrx_word' id='word_1_118' title='bbox 149 2013 183 2067; x_wconf 89' lang='lat' dir='ltr'>ad</span> <span class='ocrx_word' id='word_1_119' title='bbox 196 2013 266 2067; x_wconf 87' lang='lat' dir='ltr'>diem</span> <span class='ocrx_word' id='word_1_120' title='bbox 282 2013 385 2066; x_wconf 77' lang='grc'>10101.</span> <span class='ocrx_word' id='word_1_121' title='bbox 407 2015 718 2078; x_wconf 78' lang='grc'>140600100100010101,</span> <span class='ocrx_word' id='word_1_122' title='bbox 738 2028 899 2079; x_wconf 88' lang='lat' dir='ltr'>quamquam</span> <span class='ocrx_word' id='word_1_123' title='bbox 918 2028 949 2066; x_wconf 86' lang='lat' dir='ltr'>eo</span> <span class='ocrx_word' id='word_1_124' title='bbox 968 2020 1088 2079; x_wconf 89' lang='lat' dir='ltr'>tempore</span> <span class='ocrx_word' id='word_1_125' title='bbox 1107 2010 1281 2065; x_wconf 80' lang='lat' dir='ltr'>Innocentius</span> <span class='ocrx_word' id='word_1_126' title='bbox 1295 2012 1351 2077; x_wconf 70' lang='lat' dir='ltr'>till</span> 
     </span>
     <span class='ocr_line' id='line_1_16' title="bbox 150 2095 1349 2166; baseline 0.001 -16"><span class='ocrx_word' id='word_1_127' title='bbox 150 2095 267 2151; x_wconf 89' lang='lat' dir='ltr'>nondum</span> <span class='ocrx_word' id='word_1_128' title='bbox 297 2098 350 2150; x_wconf 87' lang='lat' dir='ltr'>vita</span> <span class='ocrx_word' id='word_1_129' title='bbox 375 2103 530 2150; x_wconf 82' lang='lat' dir='ltr'>excesserat</span> <span class='ocrx_word' id='word_1_130' title='bbox 556 2109 590 2151; x_wconf 80' lang='grc'>01.</span> <span class='ocrx_word' id='word_1_131' title='bbox 626 2096 682 2150; x_wconf 90' lang='lat' dir='ltr'>Nos</span> <span class='ocrx_word' id='word_1_132' title='bbox 709 2097 797 2163; x_wconf 84' lang='lat' dir='ltr'>igitur,</span> <span class='ocrx_word' id='word_1_133' title='bbox 825 2102 1001 2165; x_wconf 82' lang='lat' dir='ltr'>excerpentes</span> <span class='ocrx_word' id='word_1_134' title='bbox 1027 2111 1074 2150; x_wconf 90' lang='lat' dir='ltr'>eos</span> <span class='ocrx_word' id='word_1_135' title='bbox 1098 2096 1185 2151; x_wconf 88' lang='lat' dir='ltr'>solum</span> <span class='ocrx_word' id='word_1_136' title='bbox 1205 2095 1349 2166; x_wconf 84' lang='lat' dir='ltr'>articulos,</span> 
     </span>
     <span class='ocr_line' id='line_1_17' title="bbox 149 2178 1350 2249; baseline 0 -14"><span class='ocrx_word' id='word_1_137' title='bbox 149 2181 194 2249; x_wconf 93' lang='lat' dir='ltr'>qui</span> <span class='ocrx_word' id='word_1_138' title='bbox 219 2180 252 2233; x_wconf 89' lang='lat' dir='ltr'>ad</span> <span class='ocrx_word' id='word_1_139' title='bbox 278 2180 416 2233; x_wconf 86' lang='lat' dir='ltr'>historiam</span> <span class='ocrx_word' id='word_1_140' title='bbox 440 2181 521 2234; x_wconf 88' lang='lat' dir='ltr'>Hussi</span> <span class='ocrx_word' id='word_1_141' title='bbox 546 2179 733 2234; x_wconf 87' lang='lat' dir='ltr'>illustrandam</span> <span class='ocrx_word' id='word_1_142' title='bbox 756 2180 846 2234; x_wconf 84' lang='lat' dir='ltr'>valere</span> <span class='ocrx_word' id='word_1_143' title='bbox 864 2180 1032 2248; x_wconf 85' lang='lat' dir='ltr'>ridebantur,</span> <span class='ocrx_word' id='word_1_144' title='bbox 1051 2187 1099 2234; x_wconf 88' lang='lat' dir='ltr'>ant</span> <span class='ocrx_word' id='word_1_145' title='bbox 1115 2178 1214 2247; x_wconf 89' lang='lat' dir='ltr'>nullas,</span> <span class='ocrx_word' id='word_1_146' title='bbox 1232 2186 1282 2234; x_wconf 90' lang='lat' dir='ltr'>aut</span> <span class='ocrx_word' id='word_1_147' title='bbox 1300 2196 1350 2235; x_wconf 87' lang='lat' dir='ltr'>eas</span> 
     </span>
     <span class='ocr_line' id='line_1_18' title="bbox 149 2263 1350 2332; baseline -0.001 -14"><span class='ocrx_word' id='word_1_148' title='bbox 149 2264 203 2318; x_wconf 89' lang='lat' dir='ltr'>illis</span> <span class='ocrx_word' id='word_1_149' title='bbox 233 2274 311 2317; x_wconf 90' lang='lat' dir='ltr'>notas</span> <span class='ocrx_word' id='word_1_150' title='bbox 340 2271 489 2332; x_wconf 89' lang='lat' dir='ltr'>temporum</span> <span class='ocrx_word' id='word_1_151' title='bbox 519 2264 682 2332; x_wconf 87' lang='lat' dir='ltr'>adjecimus,</span> <span class='ocrx_word' id='word_1_152' title='bbox 712 2279 781 2331; x_wconf 83' lang='lat' dir='ltr'>quae</span> <span class='ocrx_word' id='word_1_153' title='bbox 810 2264 919 2318; x_wconf 87' lang='lat' dir='ltr'>aliunde</span> <span class='ocrx_word' id='word_1_154' title='bbox 949 2265 1027 2318; x_wconf 91' lang='lat' dir='ltr'>nobis</span> <span class='ocrx_word' id='word_1_155' title='bbox 1064 2269 1137 2317; x_wconf 89' lang='lat' dir='ltr'>certo</span> <span class='ocrx_word' id='word_1_156' title='bbox 1163 2263 1350 2318; x_wconf 78' lang='lat' dir='ltr'>innotuerunt</span> 
     </span>
     <span class='ocr_line' id='line_1_19' title="bbox 150 2346 1352 2417; baseline 0 -15"><span class='ocrx_word' id='word_1_157' title='bbox 150 2348 295 2402; x_wconf 80' lang='lat' dir='ltr'>Enimvero</span> <span class='ocrx_word' id='word_1_158' title='bbox 321 2346 431 2400; x_wconf 91' lang='lat' dir='ltr'>dubiunr</span> <span class='ocrx_word' id='word_1_159' title='bbox 456 2364 507 2401; x_wconf 90' lang='lat' dir='ltr'>non</span> <span class='ocrx_word' id='word_1_160' title='bbox 531 2353 620 2401; x_wconf 89' lang='lat' dir='ltr'>est-</span> <span class='ocrx_word' id='word_1_161' title='bbox 645 2347 672 2401; x_wconf 94' lang='lat' dir='ltr'>id</span> <span class='ocrx_word' id='word_1_162' title='bbox 698 2347 1309 2417; x_wconf 55' lang='grc' dir='ltr'>0000000010»001111000100101111ος.1</span> <span class='ocrx_word' id='word_1_163' title='bbox 1333 2363 1352 2402; x_wconf 84' lang='lat' dir='ltr'>a</span> 
     </span>
     <span class='ocr_line' id='line_1_20' title="bbox 150 2431 1350 2501; baseline -0.003 -14"><span class='ocrx_word' id='word_1_164' title='bbox 150 2431 226 2487; x_wconf 90' lang='lat' dir='ltr'>nobis</span> <span class='ocrx_word' id='word_1_165' title='bbox 245 2446 327 2497; x_wconf 92' lang='lat' dir='ltr'>supra</span> <span class='ocrx_word' id='word_1_166' title='bbox 344 2434 415 2498; x_wconf 82' lang='lat' dir='ltr'>(pag.</span> <span class='ocrx_word' id='word_1_167' title='bbox 436 2433 491 2499; x_wconf 82' lang='lat'>155,</span> <span class='ocrx_word' id='word_1_168' title='bbox 511 2434 570 2499; x_wconf 80' lang='lat'>162)</span> <span class='ocrx_word' id='word_1_169' title='bbox 588 2431 673 2485; x_wconf 84' lang='lat' dir='ltr'>allata</span> <span class='ocrx_word' id='word_1_170' title='bbox 690 2439 804 2499; x_wconf 86' lang='lat' dir='ltr'>apparet</span> <span class='ocrx_word' id='word_1_171' title='bbox 821 2461 851 2469; x_wconf 95' lang='lat'><em>-</em></span> <span class='ocrx_word' id='word_1_172' title='bbox 871 2432 935 2499; x_wconf 92' lang='lat' dir='ltr'>quin</span> <span class='ocrx_word' id='word_1_173' title='bbox 962 2433 996 2486; x_wconf 87' lang='lat' dir='ltr'>ad</span> <span class='ocrx_word' id='word_1_174' title='bbox 1014 2432 1144 2501; x_wconf 82' lang='lat' dir='ltr'>synodum</span> <span class='ocrx_word' id='word_1_175' title='bbox 1164 2431 1188 2486; x_wconf 87' lang='lat' dir='ltr'>S.</span> <span class='ocrx_word' id='word_1_176' title='bbox 1209 2431 1265 2485; x_wconf 85' lang='lat' dir='ltr'>Viti</span> <span class='ocrx_word' id='word_1_177' title='bbox 1284 2432 1350 2486; x_wconf 88' lang='lat' dir='ltr'>anni</span> 
     </span>
     <span class='ocr_line' id='line_1_21' title="bbox 151 2514 1348 2584; baseline 0.001 -16"><span class='ocrx_word' id='word_1_178' title='bbox 151 2517 215 2569; x_wconf 85' lang='grc'>1406</span> <span class='ocrx_word' id='word_1_179' title='bbox 242 2531 273 2568; x_wconf 88' lang='lat' dir='ltr'>ea</span> <span class='ocrx_word' id='word_1_180' title='bbox 310 2514 473 2583; x_wconf 85' lang='lat' dir='ltr'>pertineant,</span> <span class='ocrx_word' id='word_1_181' title='bbox 497 2533 566 2584; x_wconf 88' lang='lat' dir='ltr'>quae</span> <span class='ocrx_word' id='word_1_182' title='bbox 591 2517 617 2570; x_wconf 91' lang='lat' dir='ltr'>in</span> <span class='ocrx_word' id='word_1_183' title='bbox 642 2515 778 2569; x_wconf 89' lang='lat' dir='ltr'>codicibus</span> <span class='ocrx_word' id='word_1_184' title='bbox 796 2515 884 2569; x_wconf 89' lang='lat' dir='ltr'>citatis</span> <span class='ocrx_word' id='word_1_185' title='bbox 903 2516 937 2569; x_wconf 90' lang='lat' dir='ltr'>ad</span> <span class='ocrx_word' id='word_1_186' title='bbox 956 2515 1026 2569; x_wconf 87' lang='lat' dir='ltr'>diem</span> <span class='ocrx_word' id='word_1_187' title='bbox 1046 2519 1077 2570; x_wconf 85' lang='grc'>16</span> <span class='ocrx_word' id='word_1_188' title='bbox 1093 2515 1169 2570; x_wconf 86' lang='lat' dir='ltr'>Juuii</span> <span class='ocrx_word' id='word_1_189' title='bbox 1190 2515 1254 2569; x_wconf 84' lang='grc'>1406</span> <span class='ocrx_word' id='word_1_190' title='bbox 1272 2515 1348 2570; x_wconf 87' lang='lat' dir='ltr'>falso</span> 
     </span>
     <span class='ocr_line' id='line_1_22' title="bbox 149 2597 1051 2654; baseline -0.003 -1"><span class='ocrx_word' id='word_1_191' title='bbox 149 2597 305 2653; x_wconf 86' lang='lat' dir='ltr'>referuntur</span> <span class='ocrx_word' id='word_1_192' title='bbox 321 2613 356 2654; x_wconf 76' lang='lat' dir='ltr'>st.</span> <span class='ocrx_word' id='word_1_193' title='bbox 1047 2623 1051 2631; x_wconf 94' lang='lat'><em>·</em></span> 
     </span>
    </p>
   </div>
   <div class='ocr_carea' id='block_1_5' title="bbox 333 2834 1144 2904">
    <p class='ocr_par' dir='ltr' id='par_1_5' title="bbox 333 2834 1144 2904">
     <span class='ocr_line' id='line_1_23' title="bbox 333 2834 1144 2904; baseline 0 -17"><span class='ocrx_word' id='word_1_194' title='bbox 333 2834 449 2901; x_wconf 69' lang='lat'><em>(1405.)</em></span> <span class='ocrx_word' id='word_1_195' title='bbox 486 2835 610 2896; x_wconf 80' lang='lat' dir='ltr'>„Contra</span> <span class='ocrx_word' id='word_1_196' title='bbox 626 2836 877 2903; x_wconf 75' lang='lat' dir='ltr'>pereprr&#39;aotioncm</span> <span class='ocrx_word' id='word_1_197' title='bbox 898 2837 926 2886; x_wconf 78' lang='lat' dir='ltr'>in</span> <span class='ocrx_word' id='word_1_198' title='bbox 957 2834 1144 2904; x_wconf 66' lang='lat' dir='ltr'>Weissenayf‘</span> 
     </span>
    </p>
   </div>
   <div class='ocr_carea' id='block_1_6' title="bbox 150 2969 1354 3449">
    <p class='ocr_par' dir='ltr' id='par_1_6' title="bbox 150 2969 1354 3449">
     <span class='ocr_line' id='line_1_24' title="bbox 249 2969 1354 3052; baseline 0.002 -18"><span class='ocrx_word' id='word_1_199' title='bbox 249 2970 419 3034; x_wconf 86' lang='lat' dir='ltr'>llandatur</span> <span class='ocrx_word' id='word_1_200' title='bbox 441 2970 586 3035; x_wconf 89' lang='lat' dir='ltr'>omnibus</span> <span class='ocrx_word' id='word_1_201' title='bbox 610 2970 735 3035; x_wconf 86' lang='lat' dir='ltr'>clericis</span> <span class='ocrx_word' id='word_1_202' title='bbox 759 2988 815 3051; x_wconf 87' lang='lat' dir='ltr'>per</span> <span class='ocrx_word' id='word_1_203' title='bbox 838 2969 1004 3049; x_wconf 88' lang='lat' dir='ltr'>diocesim,</span> <span class='ocrx_word' id='word_1_204' title='bbox 1028 2971 1141 3052; x_wconf 90' lang='lat' dir='ltr'>quibus</span> <span class='ocrx_word' id='word_1_205' title='bbox 1163 2969 1275 3036; x_wconf 89' lang='lat' dir='ltr'>datum</span> <span class='ocrx_word' id='word_1_206' title='bbox 1298 2976 1354 3036; x_wconf 90' lang='lat' dir='ltr'>est</span> 
     </span>
     <span class='ocr_line' id='line_1_25' title="bbox 153 3068 1352 3153; baseline 0.003 -21"><span class='ocrx_word' id='word_1_207' title='bbox 153 3072 282 3136; x_wconf 90' lang='lat' dir='ltr'>verbum</span> <span class='ocrx_word' id='word_1_208' title='bbox 305 3071 357 3136; x_wconf 90' lang='lat' dir='ltr'>dei</span> <span class='ocrx_word' id='word_1_209' title='bbox 379 3088 568 3153; x_wconf 90' lang='lat' dir='ltr'>proponere,</span> <span class='ocrx_word' id='word_1_210' title='bbox 594 3078 628 3136; x_wconf 88' lang='lat' dir='ltr'>nt</span> <span class='ocrx_word' id='word_1_211' title='bbox 650 3070 839 3152; x_wconf 85' lang='lat' dir='ltr'>prohibeant</span> <span class='ocrx_word' id='word_1_212' title='bbox 860 3069 892 3134; x_wconf 93' lang='lat' dir='ltr'>in</span> <span class='ocrx_word' id='word_1_213' title='bbox 915 3072 981 3134; x_wconf 91' lang='lat' dir='ltr'>suis</span> <span class='ocrx_word' id='word_1_214' title='bbox 1004 3068 1301 3152; x_wconf 88' lang='lat' dir='ltr'>praedicationibus</span> <span class='ocrx_word' id='word_1_215' title='bbox 1317 3076 1352 3135; x_wconf 88' lang='lat' dir='ltr'>ct</span> 
     </span>
     <span class='ocr_line' id='line_1_26' title="bbox 153 3170 1353 3252; baseline 0 -16"><span class='ocrx_word' id='word_1_216' title='bbox 153 3173 438 3251; x_wconf 83' lang='lat' dir='ltr'>exhortationibus,</span> <span class='ocrx_word' id='word_1_217' title='bbox 471 3189 511 3234; x_wconf 90' lang='lat' dir='ltr'>ne</span> <span class='ocrx_word' id='word_1_218' title='bbox 540 3172 611 3237; x_wconf 88' lang='lat' dir='ltr'>laici</span> <span class='ocrx_word' id='word_1_219' title='bbox 640 3190 658 3236; x_wconf 88' lang='lat' dir='ltr'>a</span> <span class='ocrx_word' id='word_1_220' title='bbox 686 3170 779 3235; x_wconf 91' lang='lat' dir='ltr'>modo</span> <span class='ocrx_word' id='word_1_221' title='bbox 807 3170 1005 3252; x_wconf 83' lang='lat' dir='ltr'>peregrinari</span> <span class='ocrx_word' id='word_1_222' title='bbox 1028 3171 1167 3236; x_wconf 89' lang='lat' dir='ltr'>debeant</span> <span class='ocrx_word' id='word_1_223' title='bbox 1187 3170 1229 3236; x_wconf 84' lang='lat' dir='ltr'>ad</span> <span class='ocrx_word' id='word_1_224' title='bbox 1250 3188 1353 3252; x_wconf 88' lang='lat' dir='ltr'>quae·</span> 
     </span>
     <span class='ocr_line' id='line_1_27' title="bbox 151 3268 1352 3355; baseline 0 -19"><span class='ocrx_word' id='word_1_225' title='bbox 151 3273 283 3337; x_wconf 86' lang='lat' dir='ltr'>rendum</span> <span class='ocrx_word' id='word_1_226' title='bbox 312 3273 415 3337; x_wconf 90' lang='lat' dir='ltr'>locum</span> <span class='ocrx_word' id='word_1_227' title='bbox 438 3272 634 3352; x_wconf 83' lang='lat' dir='ltr'>Wclssenag,</span> <span class='ocrx_word' id='word_1_228' title='bbox 669 3271 728 3346; x_wconf 87' lang='lat' dir='ltr'>,ad</span> <span class='ocrx_word' id='word_1_229' title='bbox 758 3270 970 3352; x_wconf 84' lang='lat' dir='ltr'>sanguinem,“</span> <span class='ocrx_word' id='word_1_230' title='bbox 996 3274 1097 3355; x_wconf 84' lang='lat' dir='ltr'>prout‘</span> <span class='ocrx_word' id='word_1_231' title='bbox 1113 3270 1233 3338; x_wconf 88' lang='lat' dir='ltr'>dicunt.</span> <span class='ocrx_word' id='word_1_232' title='bbox 1279 3268 1352 3336; x_wconf 87' lang='lat' dir='ltr'>Hoc</span> 
     </span>
     <span class='ocr_line' id='line_1_28' title="bbox 150 3371 1149 3449; baseline 0.002 -13"><span class='ocrx_word' id='word_1_233' title='bbox 150 3373 319 3438; x_wconf 87' lang='lat' dir='ltr'>mandetur</span> <span class='ocrx_word' id='word_1_234' title='bbox 340 3373 484 3438; x_wconf 89' lang='lat' dir='ltr'>adminus</span> <span class='ocrx_word' id='word_1_235' title='bbox 507 3374 605 3438; x_wconf 73' lang='lat' dir='ltr'>semel</span> <span class='ocrx_word' id='word_1_236' title='bbox 626 3371 659 3433; x_wconf 92' lang='lat' dir='ltr'>in</span> <span class='ocrx_word' id='word_1_237' title='bbox 682 3389 800 3449; x_wconf 90' lang='lat' dir='ltr'>mense,</span> <span class='ocrx_word' id='word_1_238' title='bbox 824 3389 885 3436; x_wconf 91' lang='lat' dir='ltr'>uno</span> <span class='ocrx_word' id='word_1_239' title='bbox 909 3372 960 3437; x_wconf 91' lang='lat' dir='ltr'>die</span> <span class='ocrx_word' id='word_1_240' title='bbox 982 3373 1149 3438; x_wconf 89' lang='lat' dir='ltr'>dominico.</span> 
     </span>
    </p>
   </div>
   <div class='ocr_carea' id='block_1_7' title="bbox 196 3653 1298 3725">
    <p class='ocr_par' dir='ltr' id='par_1_7' title="bbox 196 3653 1298 3725">
     <span class='ocr_line' id='line_1_29' title="bbox 196 3653 1298 3725; baseline 0.005 -19"><span class='ocrx_word' id='word_1_241' title='bbox 196 3653 311 3720; x_wconf 72' lang='lat'><em>(1406.)</em></span> <span class='ocrx_word' id='word_1_242' title='bbox 347 3655 448 3720; x_wconf 78' lang='lat' dir='ltr'>„Quod</span> <span class='ocrx_word' id='word_1_243' title='bbox 465 3659 620 3708; x_wconf 78' lang='lat' dir='ltr'>substantio</span> <span class='ocrx_word' id='word_1_244' title='bbox 640 3659 725 3725; x_wconf 76' lang='lat' dir='ltr'>patria</span> <span class='ocrx_word' id='word_1_245' title='bbox 742 3666 766 3708; x_wconf 82' lang='lat' dir='ltr'>ct</span> <span class='ocrx_word' id='word_1_246' title='bbox 785 3658 843 3707; x_wconf 80' lang='lat' dir='ltr'>viai</span> <span class='ocrx_word' id='word_1_247' title='bbox 860 3672 913 3707; x_wconf 81' lang='lat' dir='ltr'>non</span> <span class='ocrx_word' id='word_1_248' title='bbox 933 3665 1025 3708; x_wconf 66' lang='grc'>11101111</span> <span class='ocrx_word' id='word_1_249' title='bbox 1045 3658 1074 3707; x_wconf 81' lang='lat' dir='ltr'>in</span> <span class='ocrx_word' id='word_1_250' title='bbox 1092 3663 1298 3711; x_wconf 59' lang='lat' dir='ltr'>amantemof‘</span> 
     </span>
    </p>
   </div>
   <div class='ocr_carea' id='block_1_8' title="bbox 149 3791 1349 4679">
    <p class='ocr_par' dir='ltr' id='par_1_8' title="bbox 149 3791 1349 4679">
     <span class='ocr_line' id='line_1_30' title="bbox 250 3791 1346 3872; baseline 0.007 -19"><span class='ocrx_word' id='word_1_251' title='bbox 250 3791 429 3869; x_wconf 86' lang='lat' dir='ltr'>llarrdatur,</span> <span class='ocrx_word' id='word_1_252' title='bbox 454 3799 488 3855; x_wconf 91' lang='lat' dir='ltr'>ut</span> <span class='ocrx_word' id='word_1_253' title='bbox 504 3792 543 3854; x_wconf 89' lang='lat' dir='ltr'>de</span> <span class='ocrx_word' id='word_1_254' title='bbox 559 3798 756 3856; x_wconf 88' lang='lat' dir='ltr'>sacranrcnto</span> <span class='ocrx_word' id='word_1_255' title='bbox 773 3791 882 3855; x_wconf 90' lang='lat' dir='ltr'>altaris</span> <span class='ocrx_word' id='word_1_256' title='bbox 899 3809 957 3872; x_wconf 90' lang='lat' dir='ltr'>per</span> <span class='ocrx_word' id='word_1_257' title='bbox 972 3809 1081 3856; x_wconf 88' lang='lat' dir='ltr'>ornnes</span> <span class='ocrx_word' id='word_1_258' title='bbox 1096 3791 1346 3861; x_wconf 83' lang='lat' dir='ltr'>christifideles</span> 
     </span>
     <span class='ocr_line' id='line_1_31' title="bbox 151 3891 1347 3979; baseline 0.004 -23"><span class='ocrx_word' id='word_1_259' title='bbox 151 3892 197 3957; x_wconf 91' lang='lat' dir='ltr'>sic</span> <span class='ocrx_word' id='word_1_260' title='bbox 220 3902 380 3958; x_wconf 84' lang='lat' dir='ltr'>tencatur:</span> <span class='ocrx_word' id='word_1_261' title='bbox 404 3891 488 3972; x_wconf 92' lang='lat' dir='ltr'>quod</span> <span class='ocrx_word' id='word_1_262' title='bbox 510 3900 676 3974; x_wconf 87' lang='lat' dir='ltr'>postquam</span> <span class='ocrx_word' id='word_1_263' title='bbox 699 3893 799 3959; x_wconf 87' lang='lat' dir='ltr'>forma</span> <span class='ocrx_word' id='word_1_264' title='bbox 821 3892 991 3957; x_wconf 88' lang='lat' dir='ltr'>verborum</span> <span class='ocrx_word' id='word_1_265' title='bbox 1013 3894 1266 3960; x_wconf 88' lang='lat' dir='ltr'>consecrationis</span> <span class='ocrx_word' id='word_1_266' title='bbox 1288 3914 1347 3979; x_wconf 88' lang='lat' dir='ltr'>per</span> 
     </span>
     <span class='ocr_line' id='line_1_32' title="bbox 152 3992 1347 4074; baseline 0.001 -16"><span class='ocrx_word' id='word_1_267' title='bbox 152 3994 350 4059; x_wconf 87' lang='lat' dir='ltr'>sacerdotem</span> <span class='ocrx_word' id='word_1_268' title='bbox 380 3992 411 4056; x_wconf 87' lang='lat' dir='ltr'>in</span> <span class='ocrx_word' id='word_1_269' title='bbox 442 3993 538 4058; x_wconf 85' lang='lat' dir='ltr'>missa</span> <span class='ocrx_word' id='word_1_270' title='bbox 566 3994 662 4059; x_wconf 87' lang='lat' dir='ltr'>fucrit</span> <span class='ocrx_word' id='word_1_271' title='bbox 690 3994 822 4074; x_wconf 85' lang='lat' dir='ltr'>prolata,</span> <span class='ocrx_word' id='word_1_272' title='bbox 853 3993 937 4074; x_wconf 92' lang='lat' dir='ltr'>quod</span> <span class='ocrx_word' id='word_1_273' title='bbox 965 3994 1008 4058; x_wconf 93' lang='lat' dir='ltr'>ibi</span> <span class='ocrx_word' id='word_1_274' title='bbox 1037 3994 1116 4059; x_wconf 92' lang='lat' dir='ltr'>nihil</span> <span class='ocrx_word' id='word_1_275' title='bbox 1145 3995 1347 4064; x_wconf 87' lang='lat' dir='ltr'>substantiae</span> 
     </span>
     <span class='ocr_line' id='line_1_33' title="bbox 149 4093 1349 4180; baseline 0.005 -23"><span class='ocrx_word' id='word_1_276' title='bbox 149 4095 239 4176; x_wconf 88' lang='lat' dir='ltr'>panis</span> <span class='ocrx_word' id='word_1_277' title='bbox 270 4100 441 4173; x_wconf 87' lang='lat' dir='ltr'>remaneat,</span> <span class='ocrx_word' id='word_1_278' title='bbox 471 4094 527 4158; x_wconf 87' lang='lat' dir='ltr'>sed</span> <span class='ocrx_word' id='word_1_279' title='bbox 557 4113 666 4160; x_wconf 91' lang='lat' dir='ltr'>verum</span> <span class='ocrx_word' id='word_1_280' title='bbox 695 4112 810 4175; x_wconf 91' lang='lat' dir='ltr'>corpus</span> <span class='ocrx_word' id='word_1_281' title='bbox 842 4093 980 4173; x_wconf 79' lang='lat' dir='ltr'>christ13</span> <span class='ocrx_word' id='word_1_282' title='bbox 1011 4095 1157 4161; x_wconf 90' lang='lat' dir='ltr'>similiter</span> <span class='ocrx_word' id='word_1_283' title='bbox 1190 4097 1349 4180; x_wconf 82' lang='lat' dir='ltr'>completa</span> 
     </span>
     <span class='ocr_line' id='line_1_34' title="bbox 150 4195 1347 4277; baseline 0.003 -17"><span class='ocrx_word' id='word_1_284' title='bbox 150 4196 250 4261; x_wconf 88' lang='lat' dir='ltr'>lorma</span> <span class='ocrx_word' id='word_1_285' title='bbox 283 4195 451 4259; x_wconf 88' lang='lat' dir='ltr'>verborum</span> <span class='ocrx_word' id='word_1_286' title='bbox 485 4213 581 4277; x_wconf 89' lang='lat' dir='ltr'>super</span> <span class='ocrx_word' id='word_1_287' title='bbox 603 4196 716 4275; x_wconf 89' lang='lat' dir='ltr'>calice,</span> <span class='ocrx_word' id='word_1_288' title='bbox 746 4196 824 4259; x_wconf 89' lang='lat' dir='ltr'>nihil</span> <span class='ocrx_word' id='word_1_289' title='bbox 854 4196 898 4259; x_wconf 92' lang='lat' dir='ltr'>ibi</span> <span class='ocrx_word' id='word_1_290' title='bbox 921 4195 1118 4261; x_wconf 84' lang='lat' dir='ltr'>substantiae</span> <span class='ocrx_word' id='word_1_291' title='bbox 1147 4197 1213 4261; x_wconf 92' lang='lat' dir='ltr'>vini</span> <span class='ocrx_word' id='word_1_292' title='bbox 1244 4215 1347 4264; x_wconf 91' lang='lat' dir='ltr'>rema·</span> 
     </span>
     <span class='ocr_line' id='line_1_35' title="bbox 151 4296 1345 4377; baseline 0.003 -17"><span class='ocrx_word' id='word_1_293' title='bbox 151 4305 235 4376; x_wconf 88' lang='lat' dir='ltr'>neat,</span> <span class='ocrx_word' id='word_1_294' title='bbox 259 4296 315 4360; x_wconf 90' lang='lat' dir='ltr'>sed</span> <span class='ocrx_word' id='word_1_295' title='bbox 338 4313 433 4360; x_wconf 88' lang='lat' dir='ltr'>verus</span> <span class='ocrx_word' id='word_1_296' title='bbox 456 4297 584 4375; x_wconf 85' lang='lat' dir='ltr'>sanguis</span> <span class='ocrx_word' id='word_1_297' title='bbox 601 4296 735 4374; x_wconf 89' lang='lat' dir='ltr'>Christi;</span> <span class='ocrx_word' id='word_1_298' title='bbox 760 4296 842 4376; x_wconf 91' lang='lat' dir='ltr'>quod</span> <span class='ocrx_word' id='word_1_299' title='bbox 865 4315 923 4377; x_wconf 89' lang='lat' dir='ltr'>per</span> <span class='ocrx_word' id='word_1_300' title='bbox 945 4313 1053 4360; x_wconf 90' lang='lat' dir='ltr'>omnes</span> <span class='ocrx_word' id='word_1_301' title='bbox 1078 4302 1238 4362; x_wconf 89' lang='lat' dir='ltr'>teneatur.</span> <span class='ocrx_word' id='word_1_302' title='bbox 1262 4297 1345 4364; x_wconf 80' lang='lat' dir='ltr'>Alio·</span> 
     </span>
     <span class='ocr_line' id='line_1_36' title="bbox 151 4395 1344 4479; baseline 0.005 -20"><span class='ocrx_word' id='word_1_303' title='bbox 151 4398 226 4477; x_wconf 88' lang='lat' dir='ltr'>quin</span> <span class='ocrx_word' id='word_1_304' title='bbox 249 4398 275 4461; x_wconf 91' lang='lat' dir='ltr'>si</span> <span class='ocrx_word' id='word_1_305' title='bbox 298 4397 394 4478; x_wconf 90' lang='lat' dir='ltr'>aliqui</span> <span class='ocrx_word' id='word_1_306' title='bbox 421 4397 614 4463; x_wconf 85' lang='lat' dir='ltr'>contrarium</span> <span class='ocrx_word' id='word_1_307' title='bbox 637 4397 788 4476; x_wconf 90' lang='lat' dir='ltr'>dicerent,</span> <span class='ocrx_word' id='word_1_308' title='bbox 819 4397 1051 4479; x_wconf 83' lang='lat' dir='ltr'>praedicarent,</span> <span class='ocrx_word' id='word_1_309' title='bbox 1082 4395 1344 4478; x_wconf 75' lang='lat' dir='ltr'>dogmatizarent,</span> 
     </span>
     <span class='ocr_line' id='line_1_37' title="bbox 151 4496 1344 4583; baseline 0.005 -23"><span class='ocrx_word' id='word_1_310' title='bbox 151 4497 188 4561; x_wconf 91' lang='lat' dir='ltr'>D.</span> <span class='ocrx_word' id='word_1_311' title='bbox 205 4497 451 4580; x_wconf 76' lang='lat' dir='ltr'>archiepiscopo</span> <span class='ocrx_word' id='word_1_312' title='bbox 465 4498 617 4578; x_wconf 81' lang='lat' dir='ltr'>l&#39;ragensi</span> <span class='ocrx_word' id='word_1_313' title='bbox 637 4499 695 4562; x_wconf 92' lang='lat' dir='ltr'>sub</span> <span class='ocrx_word' id='word_1_314' title='bbox 710 4514 814 4579; x_wconf 89' lang='lat' dir='ltr'>poena</span> <span class='ocrx_word' id='word_1_315' title='bbox 829 4496 1160 4563; x_wconf 89' lang='lat' dir='ltr'>excommunicationis</span> <span class='ocrx_word' id='word_1_316' title='bbox 1185 4506 1344 4583; x_wconf 87' lang='lat' dir='ltr'>tamquam</span> 
     </span>
     <span class='ocr_line' id='line_1_38' title="bbox 153 4596 1344 4679; baseline 0.003 -17"><span class='ocrx_word' id='word_1_317' title='bbox 153 4597 304 4662; x_wconf 86' lang='lat' dir='ltr'>haeretici</span> <span class='ocrx_word' id='word_1_318' title='bbox 328 4597 557 4662; x_wconf 83' lang='lat' dir='ltr'>‹lerunrticntnr</span> <span class='ocrx_word' id='word_1_319' title='bbox 581 4605 612 4660; x_wconf 84' lang='lat' dir='ltr'>et</span> <span class='ocrx_word' id='word_1_320' title='bbox 635 4596 887 4661; x_wconf 84' lang='lat' dir='ltr'>nnnilcstentur.</span> <span class='ocrx_word' id='word_1_321' title='bbox 931 4598 973 4662; x_wconf 81' lang='lat' dir='ltr'>Et</span> <span class='ocrx_word' id='word_1_322' title='bbox 1002 4598 1042 4662; x_wconf 92' lang='lat' dir='ltr'>de</span> <span class='ocrx_word' id='word_1_323' title='bbox 1065 4598 1251 4679; x_wconf 87' lang='lat' dir='ltr'>praemissis</span> <span class='ocrx_word' id='word_1_324' title='bbox 1273 4601 1344 4665; x_wconf 78' lang='lat' dir='ltr'>suh</span> 
     </span>
    </p>
   </div>
   <div class='ocr_carea' id='block_1_9' title="bbox 0 0 1502 5258">
    <p class='ocr_par' dir='ltr' id='par_1_9' title="bbox 0 0 1502 5258">
     <span class='ocr_line' id='line_1_39' title="bbox 0 0 1502 5258; baseline 0 0"><span class='ocrx_word' id='word_1_325' title='bbox 0 0 1502 5258; x_wconf 95' lang='lat' dir='ltr'> </span> 
     </span>
    </p>
   </div>
  </div>
 </body>
</html>
