2992 5258
157 406 220 473 238
364 403 437 460 reto
456 403 489 458 oe
506 403 682 459 nicoenam
699 403 795 459 roratio
813 403 847 459 oe
864 404 904 461 m.
921 404 948 461 r.
965 404 1024 460 nus
1041 380 1137 461 eun:

157 610 240 669 tariis
262 615 293 670 et
321 607 495 668 officialibus
518 608 754 682 quibuscumque,
776 610 933 678 civitatum,
956 610 1139 685 oppidorum,
1162 610 1337 673 viliarnme

157 711 287 770 locorum
313 709 565 769 communitatibus
594 725 628 767 ac
654 709 818 769 rectoribus
845 709 1018 779 eorundem,
1048 711 1214 784 ceterisque
1237 714 1341 771 nostris

157 817 188 870 et
207 810 322 882 imperii
338 809 413 869 sacri
435 808 559 868 subditis
582 814 612 868 et
632 805 776 879 fidelibus,
799 809 837 868 ad
859 825 931 882 quos
954 816 1126 881 praesentes
1148 813 1340 883 pervenerint

156 911 279 983 gratiam
299 909 410 983 regiam
431 913 462 966 et
483 924 566 966 omne
588 908 704 971 bonum.

254 1009 462 1078 venerabiles,
490 1009 636 1078 illustres,
664 1008 780 1067 nobiles
803 1015 831 1067 et
852 1005 955 1068 fideles
978 1009 1090 1069 dilecti!
1133 1010 1341 1071 Honorabilem

156 1113 324 1186 magistrum
336 1111 479 1169 Joannem
493 1108 565 1178 Hns,
587 1125 689 1168 sacrae
710 1108 876 1182 theologiae
899 1110 1120 1169 baccalaureum
1141 1109 1298 1170 formatum
1320 1128 1341 1171 et

155 1213 259 1272 artirnn
280 1210 458 1284 magistrum,
485 1208 682 1281 praesentium
705 1214 905 1279 ostensorem,
928 1208 965 1267 de
997 1224 1089 1282 regno
1117 1208 1280 1270 Bobemiae
1311 1212 1341 1271 ai

155 1311 310 1374 concilium
330 1309 469 1384 generale
496 1310 527 1368 in
549 1308 664 1368 civitate
687 1308 906 1368 constantiensi
927 1307 1133 1368 celebrandum
1158 1308 1189 1368 in
1211 1311 1341 1382 proxime

154 1417 361 1481 transeuntem,
390 1424 476 1484 quem
504 1410 591 1469 etiarn
615 1409 647 1467 in
676 1415 806 1469 nostram
833 1415 864 1468 ct
891 1409 970 1470 sacri
996 1409 1113 1482 imperii
1132 1410 1341 1482 protectionem

154 1511 317 1585 recepimus
349 1515 380 1569 et
411 1509 545 1579 tutelam,
576 1508 660 1568 uobis
700 1509 832 1567 omnibus
866 1514 896 1568 et
931 1515 1059 1568 restrum
1098 1510 1222 1569 cuilibet
1259 1511 1341 1585 plen<

154 1611 422 1674 recommendamus
451 1608 571 1676 affectu,
599 1608 815 1678 desiderantes,
845 1615 986 1682 quatenus
1013 1610 1116 1681 ipsum,
1145 1609 1213 1669 dum
1235 1611 1275 1670 ad
1297 1627 1341 1670 ror

154 1713 329 1788 pervenerit,
350 1716 441 1785 grate,
455 1711 612 1782 suscipere,
635 1709 835 1768 favorabiliter
849 1715 984 1780 tractare,
1006 1726 1042 1769 ac
1055 1711 1085 1769 in
1100 1711 1155 1781 his,
1178 1727 1255 1784 quae
1269 1712 1341 1772 celo·

154 1813 271 1872 ritatem
293 1815 323 1868 et
344 1810 530 1870 securitatem
544 1805 638 1879 ipsius
659 1814 838 1867 concemnnt
851 1809 973 1879 itineris,
996 1815 1054 1868 tam
1069 1825 1123 1882 per
1137 1817 1248 1870 terram
1262 1828 1341 1886 quau

154 1930 209 1986 per
228 1928 342 1986 aquam,
363 1909 553 1982 promotivam
575 1908 632 1967 sibi
653 1906 749 1968 velitis
771 1914 801 1967 et
822 1907 955 1968 debeatis
977 1908 1132 1969 ostendere
1160 1911 1341 1981 voluntatem

154 2031 209 2074 nec
235 2030 294 2072 non
322 2013 417 2084 ipsum
446 2026 510 2070 eum
541 2007 664 2077 famulis,
693 2009 784 2081 equis,
813 2008 933 2080 ralisiis
962 2009 1087 2070 arnesiis
1110 2015 1140 2069 et
1160 2010 1230 2070 aliis
1256 2013 1341 2072 rebm

154 2116 214 2176 suis
236 2112 358 2187 singulis
372 2127 427 2184 per
441 2125 635 2184 quoscumque
657 2126 769 2181 passus,
791 2117 902 2181 portus,
923 2118 1039 2184 pontes,
1070 2118 1174 2181 terras,
1207 2113 1341 2174 dominia

154 2214 320 2284 districtus,
338 2210 573 2285 jnrisdictiones,
595 2210 742 2287 civitates,
765 2211 881 2283 oppida,
914 2217 1019 2282 castra,
1040 2211 1125 2271 villas
1147 2217 1178 2270 et
1199 2212 1341 2285 quaelibe

153 2312 220 2373 loca
244 2313 304 2371 alia
328 2314 428 2369 restra
455 2309 519 2367 sine
548 2309 668 2382 aliquali
689 2309 834 2368 solutione
857 2309 941 2380 dacii,
963 2309 1089 2382 pedagii,
1111 2309 1215 2368 tributi
1237 2318 1270 2371 et
1291 2314 1341 2374 alit

156 2411 257 2486 quovis
278 2409 433 2470 solutionis
455 2424 546 2468 onere
568 2410 702 2482 omnique
724 2425 846 2481 prorsus
859 2410 1066 2481 impedimento
1080 2415 1194 2469 remoto
1210 2414 1341 2473 transire

154 2519 240 2582 stare,
272 2510 381 2569 morari
402 2515 433 2569 et
451 2509 551 2569 redire
570 2508 664 2568 libere
686 2510 871 2582 permittatis,
903 2510 1020 2583 sibique
1041 2514 1072 2568 et
1086 2509 1154 2579 suis,
1188 2510 1261 2569 dnm
1276 2528 1341 2587 opn

153 2611 249 2682 fuerit,
274 2611 312 2670 de
340 2624 444 2669 securo
473 2614 505 2669 et
525 2608 606 2669 salvo
627 2609 724 2669 uelitis
747 2615 777 2668 et
798 2609 932 2669 debeatis
953 2609 1109 2683 providere
1131 2610 1293 2685 conductu,
1315 2630 1341 2674 aa

152 2713 295 2772 honorem
331 2716 361 2771 et
387 2709 580 2769 reuerentiam
607 2716 726 2769 nostrae
755 2710 854 2783 regiae
882 2709 1054 2784 majestatis.
1096 2707 1204 2768 Datum
1232 2710 1341 2786 Spirae

141 2829 228 2873 anno
240 2811 349 2871 domini
360 2806 636 2880 M⁰cccc⁰x1111⁰‚
651 2805 767 2870 XVIII⁰
780 2810 829 2870 die
849 2809 994 2879 Octobris,
1008 2825 1165 2884 regnorum
1178 2818 1341 2876 nostrorun

152 2929 229 2975 anno
249 2912 417 2986 Hunguriae
437 2926 473 2970 oc.
496 2910 635 2980 XXXIII,
656 2909 851 2970 Romanorum
873 2926 943 2968 vero
966 2909 1076 2983 quinto.

338 3012 386 3071 Ad
406 3008 572 3068 mandatum
594 3009 702 3069 domini
723 3009 817 3083 regis:
840 3009 969 3069 Micbacl
991 3010 1026 3069 de
1041 3010 1166 3090 Prziest,
1188 3015 1341 3076 canoniea

433 3110 683 3173 Vratislevicnsis.

250 3259 312 3338 Qui
344 3257 471 3340 quidem
491 3257 533 3322 Μ.
555 3257 647 3324 Joan.
670 3257 756 3337 Hus,
790 3262 839 3323 tot
860 3263 893 3322 et
914 3264 1005 3323 tanta
1025 3258 1183 3340 promissa
1204 3265 1240 3328 et
1263 3278 1341 3329 asse

152 3360 350 3428 curationum
364 3376 484 3439 genera
504 3356 615 3423 videns
631 3362 664 3422 et
685 3358 828 3439 audiens,
850 3359 1017 3441 rescripsit
1031 3360 1109 3439 regi,
1131 3360 1218 3441 qnod
1232 3362 1338 3445 utiqu

151 3461 193 3527 od
214 3460 332 3525 dictum
354 3460 521 3525 concilium
542 3458 620 3524 velit
640 3456 760 3523 venire.
787 3458 830 3524 Et
851 3466 1021 3541 autequam
1043 3461 1147 3525 exiret
1167 3459 1209 3525 de
1231 3461 1341 3543 Pruga

152 3560 281 3642 scripsit
295 3567 368 3625 ante
383 3560 461 3624 satis
483 3560 599 3625 multos
621 3559 689 3624 dics
704 3576 778 3623 snus
793 3565 941 3642 patentes
956 3559 1171 3625 intimationes
1187 3559 1220 3624 in
1235 3560 1341 3627 latino

151 3659 317 3726 bohemico
340 3664 373 3722 et
394 3659 556 3725 teutonico
579 3659 611 3723 iu
631 3660 737 3741 jannis
759 3659 965 3725 ecclesiarum
987 3660 1230 3741 cathedralium,
1253 3678 1341 3745 pur<

152 3760 313 3839 cibolium,
336 3758 547 3824 claustrorum
569 3776 626 3823 seu
648 3760 921 3840 monasteriorum,
946 3766 979 3826 et
1000 3760 1070 3826 aliis
1092 3760 1242 3843 pluribus
1265 3762 1341 3829 loci

151 3861 276 3927 iteratis
297 3860 418 3925 vicibus
439 3857 525 3941 afligi
556 3859 732 3941 mandavit,
764 3861 928 3925 insinuans
948 3861 1088 3942 publice,
1115 3861 1257 3942 qualiter
1277 3862 1341 3947 ip:

150 3960 219 4027 vult
240 3958 457 4027 Constantiam
478 3960 602 4040 venire,
633 3966 665 4025 et
686 3968 817 4043 paratus
846 3961 964 4026 ibidem
986 3960 1026 4025 de
1048 3959 1109 4025 fide
1132 3978 1191 4027 sna
1212 3962 1341 4030 cuilibe

151 4061 310 4144 publicam
331 4059 465 4125 reddere
488 4061 657 4139 rationem;
681 4067 713 4126 et
735 4061 762 4125 si
784 4062 855 4143 quis
877 4063 938 4127 seit
959 4075 1059 4144 super
1080 4062 1184 4144 ipsum
1205 4063 1341 4147 ulique!

151 4180 293 4227 errorem
314 4159 365 4225 vel
386 4159 551 4240 haeresim,
574 4160 658 4241 quod
673 4178 708 4226 se
730 4161 805 4227 illuc
826 4162 1016 4227 veniendum
1038 4169 1210 4246 praeparet
1224 4164 1267 4231 ad
1281 4160 1341 4230 sik

150 4260 371 4343 objiciendum.
393 4259 491 4342 Cujus
512 4266 605 4325 tenor
627 4263 771 4343 sequitur
791 4261 825 4326 in
845 4262 925 4328 haec
947 4262 1056 4328 verba:

249 4411 393 4487 Magister
418 4413 548 4471 Joannes
577 4413 613 4472 de
640 4413 786 4474 Husincoz
814 4431 850 4474 oc.
897 4413 1004 4474 Datum
1033 4414 1179 4475 dominico
1206 4414 1341 4488 proxinn

150 4519 218 4588 post
261 4512 366 4572 festum
406 4511 435 4572 S.
476 4513 608 4576 Barthol.
651 4512 664 4593 (
670 4514 742 4575 Vide
776 4533 869 4589 supra
906 4517 983 4576 inter
1022 4513 1179 4588 Epictetus
1217 4533 1248 4576 a.
1271 4510 1341 4591 ,35

144 4608 296 4693 papea.)
