2992 5258
355 436 397 493 38.
430 433 574 493 'Sententia
592 454 758 494 excommun.
778 445 806 493 et
823 437 958 493 interdicti
976 439 1055 506 Prsg.
1241 448 1300 508 431

106 632 363 720 intromiserunt,
391 643 525 724 singula,
558 642 597 708 de
626 643 740 723 quibus
770 642 846 706 dicti
877 641 1056 723 presbyteri
1090 649 1123 706 et
1145 661 1301 725 personae

107 744 342 810 aeclesiasticae
366 746 473 811 vivero
495 763 566 810 cum
588 762 698 810 eorum
720 743 837 808 lamilia
860 744 1041 808 necessaria
1063 744 1243 808 deberent.
1277 792 1284 807 .

107 846 244 926 Propter
264 862 346 926 quae
361 846 466 910 omnia
481 852 515 910 et
529 845 654 926 singula
668 844 816 926 superius
831 843 992 927 descripta
1014 862 1077 909 non
1092 850 1142 909 est
1163 843 1301 924 dubium,

106 945 362 1027 praenominatos
397 993 404 1006 .
438 993 445 1007 .
480 992 487 1007 .
522 993 529 1006 .
565 954 677 1010 contro
709 945 789 1009 tales
824 992 831 1006 .
866 993 872 1006 .
907 991 914 1007 .
950 992 956 1006 .
998 963 1090 1026 quarn
1122 964 1141 1009 a
1173 947 1303 1010 statutis

106 1045 354 1128 provincialibus
382 1046 576 1127 generaliter
605 1045 723 1110 dardum
752 1045 962 1126 promulgatis
994 1045 1218 1111 damnabiliter
1250 1047 1301 1110 in·

106 1147 270 1211 curmsse.
304 1193 311 1208 .
345 1192 352 1207 .
388 1146 487 1211 .Nos
514 1145 628 1230 (igitur
656 1146 688 1209 in
718 1145 949 1227 praemissis).
983 1193 991 1208 .
1025 1152 1201 1227 quantum
1232 1165 1302 1212 cum

105 1247 165 1313 deo
187 1264 371 1330 posssimus,
394 1247 522 1312 obviare
544 1247 696 1323 volentes,
730 1252 767 1311 ut
788 1246 869 1311 tales
889 1263 1039 1311 excessus
1060 1247 1177 1313 clausis
1199 1247 1300 1312 oculis

106 1365 167 1413 non
200 1346 339 1413 debeant
373 1347 582 1430 pertransire,
615 1355 649 1411 et
681 1346 797 1428 quod.
832 1394 839 1408 .
873 1394 880 1408 .
914 1347 1010 1412 .viae
1043 1348 1228 1412 consiliandi
1261 1348 1301 1413 ad

106 1448 219 1514 similia
236 1495 410 1511 .....
429 1449 518 1514 vobis
534 1447 669 1513 dominis
685 1447 843 1512 attriversis
864 1453 898 1511 et
919 1447 1052 1528 singulis
1066 1449 1302 1531 suprascriptis,

105 1547 142 1612 ad
173 1566 254 1629 quos
286 1556 473 1630 praesentes
502 1549 717 1631 pervenerint,
751 1548 801 1612 vel
834 1548 886 1629 qui
920 1549 1144 1629 praesentibus
1177 1551 1302 1616 fueritis

107 1649 250 1730 requisiti
284 1667 342 1714 seu
363 1650 460 1715 luerit
482 1649 664 1730 requisitus,
698 1650 728 1711 in
752 1648 871 1712 virtute
894 1655 1022 1713 sanctae
1046 1649 1246 1715 obedientiae
1269 1659 1302 1716 et

107 1749 163 1814 sub
185 1750 520 1815 excommunicationis
545 1767 654 1831 poena,
680 1768 772 1831 quam
796 1749 826 1811 in
851 1766 906 1813 vos
924 1754 1109 1813 etvestrum
1129 1751 1302 1832 quemlibet

109 1866 160 1914 sen
194 1851 343 1916 horarum
377 1851 479 1933 spatio
514 1851 688 1915 marritione
720 1849 872 1915 canonica
905 1852 1050 1931 praevia,
1084 1852 1110 1915 si
1145 1851 1301 1916 mandatis

110 1951 223 2017 nostris
259 1950 471 2032 infrascriptis
514 1969 578 2016 non
607 1951 779 2032 parueritis
810 1960 866 2016 aut
909 1952 1023 2033 aliquis
1062 1960 1202 2017 vestrum
1239 1972 1300 2018 non

111 2053 249 2129 paruerit
276 2070 346 2117 curn
374 2051 498 2127 effectu,
534 2052 664 2117 lenimus
686 2053 718 2117 in
747 2051 795 2115 bis
828 2051 966 2133 scriptis,
1000 2052 1147 2119 districte
1178 2054 1300 2136 praeci·

113 2151 222 2230 pieudo
251 2152 452 2219 mandamus:
482 2161 640 2235 quatenus
671 2151 861 2217 accedentes
885 2153 1098 2231 personaliter
1121 2156 1295 2236 praenomi-

106 2261 196 2319 natos
217 2255 387 2335 magistros
410 2254 533 2327 civium,
552 2254 686 2335 juratos,
700 2254 856 2331 scabinos,
880 2255 1020 2335 majoris,
1043 2273 1152 2334 novae,
1168 2256 1306 2320 minoris

106 2359 140 2416 et
175 2355 207 2419 in
241 2354 430 2420 Hradczano
467 2354 631 2420 civitatum
665 2354 880 2436 Pragensium,
918 2373 977 2421 nec
1013 2372 1075 2420 non
1110 2356 1300 2436 Raclronem

102 2448 236 2521 Woxam
253 2475 293 2521 ex
307 2455 496 2535 nominibus,
513 2456 683 2538 complices
698 2474 774 2521 vero
791 2474 899 2520 eorum
917 2459 949 2520 in
964 2475 1093 2536 genere,
1117 2457 1143 2521 si
1160 2458 1300 2538 ipsorum

92 2557 318 2630 praesentiam
348 2557 511 2623 commode
540 2562 573 2621 et
602 2574 714 2621 secure
742 2557 861 2622 babere
891 2557 1050 2638 poteritis,
1073 2559 1151 2623 alias
1174 2560 1299 2640 publice

86 2668 166 2730 per
196 2655 378 2722 affixionem
415 2657 630 2739 praesentium
667 2657 707 2722 ad
744 2663 853 2739 portas
890 2659 1096 2723 eeclesiarum
1133 2667 1189 2724 aut
1222 2659 1300 2726 alias

82 2752 220 2837 valvas,
254 2758 411 2823 moneatis
444 2759 572 2823 eosdem
595 2759 789 2841 conjunctim
823 2765 856 2822 et
888 2758 1012 2824 divisim
1043 2761 1087 2825 ita
1115 2768 1148 2825 et
1183 2762 1299 2839 taliter,

74 2856 191 2930 quod
211 2857 389 2940 hujusmodi
413 2876 582 2940 processus
605 2860 728 2941 possint
750 2858 790 2924 ad
812 2860 953 2940 ipsorum
977 2859 1120 2924 notitiam
1145 2861 1299 2926 verisimi·
1344 2901 1346 2905 «

68 2945 182 3022 liter
206 2959 384 3041 pervenire,
413 2967 446 3023 et
471 2977 512 3022 ne
542 2960 678 3040 aliquam
707 2959 919 3039 ignorantiam
942 2961 1066 3042 possint
1088 2961 1302 3041 praetendere

65 3046 131 3116 de
171 3060 359 3141 praemissis.
395 3059 480 3137 Quos
511 3068 544 3124 et
570 3078 629 3126 nos
659 3061 882 3142 praesentibus
910 3078 1089 3140 monemus,
1117 3067 1152 3126 ut
1178 3062 1239 3143 ipsi
1269 3072 1302 3128 et

63 3163 215 3224 eorum
237 3159 372 3241 quilibet
395 3159 477 3224 inira
499 3166 566 3224 tres
589 3159 657 3223 dies
680 3160 719 3224 ab
743 3159 922 3239 hujusmodi
937 3160 1110 3224 monitione
1126 3177 1182 3224 seu
1199 3162 1301 3243 publi·

63 3257 234 3325 latione
257 3261 472 3343 praesentium
495 3261 715 3343 computando,
739 3279 832 3342 quem
855 3261 1024 3325 terminum
1047 3261 1127 3343 ipsis
1141 3269 1175 3325 et
1191 3279 1299 3326 corum

63 3356 238 3428 cuilibet
251 3378 310 3444 pro
332 3361 507 3428 monitione
525 3363 678 3429 canonica
690 3370 722 3428 et
738 3362 872 3427 termino
888 3362 1082 3443 peremtorio
1099 3359 1301 3443 praefigimus

64 3452 116 3513 ⁸²
171 3462 374 3545 assignemus,
401 3463 507 3529 omnia
534 3471 567 3528 et
596 3463 719 3544 singula
747 3462 908 3544 praelatis,
936 3462 1105 3540 canonicis,
1137 3463 1300 3542 altaristis,

66 3544 249 3645 algidis
274 3568 310 3629 et
338 3563 410 3629 aliis
438 3565 583 3645 personis
610 3565 827 3640 ecclesiaticis,
850 3563 1079 3644 spiritualibus,
1102 3563 1301 3628 secularibus

72 3650 126 3712 ⁰*-
174 3662 331 3743 religiosis
359 3682 397 3729 ac
423 3665 564 3747 ipsorum
595 3665 725 3729 censitis
755 3665 867 3729 ablata
882 3669 915 3728 et
937 3671 1067 3745 recepta
1089 3664 1121 3728 in
1144 3663 1301 3741 censibus,

74 3761 257 3854 letaniis,
279 3762 380 3840 libris,
402 3764 504 3844 bonis,
527 3764 671 3830 domibus
694 3773 728 3828 et
742 3765 813 3829 aliis
829 3763 1068 3846 quibuscunque
1085 3765 1181 3828 rebus
1197 3765 1300 3846 plene.

78 3858 230 3942 lntegre
251 3871 286 3930 st
306 3864 340 3928 in
362 3872 431 3930 toto
454 3865 598 3940 reddant,
623 3866 804 3941 restituant,
828 3865 919 3928 reddi
936 3872 969 3928 et
985 3865 1111 3929 restitui
1127 3871 1301 3946 procurent

82 3950 131 4011 ⁰¹
169 3962 344 4047 disponant,
375 3973 409 4030 et
435 3983 492 4047 pro
523 3965 693 4044 distractis,
721 3966 896 4030 consumtis
926 3974 960 4029 et
986 3966 1132 4029 alienatis
1162 3965 1301 4030 debitam

87 4060 354 4131 S&tisiaetiouem
384 4066 577 4148 impendant,
608 4085 667 4131 nec
701 4085 763 4131 non
792 4067 832 4131 ab
855 4066 1062 4147 occupatione
1085 4066 1299 4145 ecclesiarum,

10 4232 15 4270 a
90 4141 269 4243 bonorum,
305 4167 557 4248 possessionum,
593 4167 758 4233 domorum
795 4173 828 4231 et
865 4165 1010 4231 ulteriori
1046 4165 1301 4230 daurniricatione

97 4262 313 4333 Nrsonarnm
354 4266 640 4333 ecclesiasticarum
680 4277 713 4334 et
746 4269 887 4349 ipsarum
920 4267 1073 4331 bonorum
1106 4276 1235 4332 cessent
1268 4275 1301 4331 et

10 4336 18 4369 ¹
103 4341 262 4457 desistant
282 4384 321 4433 ac
342 4384 468 4432 cessare
491 4377 524 4433 et
547 4368 703 4432 desistere
725 4367 876 4433 studeant
898 4385 968 4431 cum
998 4366 1123 4432 ellectu.
1154 4368 1300 4449 Alioquin

107 4463 193 4535 ¹1¹⁸⁰s
213 4475 248 4532 at
269 4482 378 4532 eorum
402 4468 576 4549 quemlibet
598 4467 638 4531 ob
660 4486 723 4532 non
747 4464 937 4550 paritionem
954 4467 1197 4548 praemissorum
1214 4468 1301 4533 dicta

113 4565 277 4633 ¹ttoaitione
299 4569 453 4634 canonica
474 4569 610 4650 praevia,
633 4585 770 4633 canones
793 4576 826 4631 et
848 4573 969 4632 statuta
996 4568 1187 4634 arretoritate
1215 4567 1301 4633 ordi·

117 4667 186 4734 buil
212 4666 411 4752 exequendo,
441 4669 638 4734 declaramus
661 4669 958 4746 excommunicatos,
982 4675 1016 4732 ot
1037 4686 1076 4732 ex
1099 4685 1182 4733 nune
1203 4676 1314 4752 prout.
