2992 5258
343 390 416 448 Ordo
433 389 597 462 procedendi
614 390 642 444 in
659 403 742 444 censa
758 389 796 445 M.
813 389 838 444 J.
858 388 935 443 llus.
955 391 1027 444 leta
1216 390 1273 457 191

88 594 183 662 latum
196 595 240 661 ad
253 593 412 659 dominum
427 599 569 657 nostrum
591 611 705 673 papam
726 597 858 673 propter
880 591 1055 672 praemissa
1083 593 1273 673 gravamina,

86 703 118 762 et
145 715 242 762 cansa
269 692 492 776 appellationis
524 693 585 758 tuit
606 693 643 756 D.
665 693 781 758 Joanni
803 693 843 757 de
865 692 1042 756 Themeriis
1064 693 1146 757 sacri
1165 693 1275 775 palatii
1386 698 1390 705 '

85 795 223 861 auditori
245 794 420 859 commissa.

182 894 322 959 Tandem
358 893 395 956 D.
433 891 628 970 Cardinalis,
662 891 821 973 pendente
854 911 949 958 causa
982 892 1205 976 appellationis
1241 900 1275 960 et

84 994 251 1060 commissa
275 993 418 1076 praefato
447 991 574 1056 domino
603 991 750 1071 auditori,
783 999 894 1057 contra
911 993 993 1075 juris
1016 993 1160 1058 ordinem
1181 1013 1275 1075 prae·

84 1088 184 1159 fatu'm
215 1094 258 1158 M.
290 1094 446 1158 Joannem
478 1092 547 1155 ilus
579 1092 612 1154 in
649 1092 783 1156 termino
816 1092 976 1158 citationis
1008 1100 1179 1175 praetenso
1211 1112 1275 1158 non

85 1200 321 1277 comparentem
352 1191 566 1273 personaliter
586 1191 747 1271 reputavit
769 1200 985 1257 contumacem
1008 1200 1041 1259 et
1063 1194 1274 1257 excommuni-

85 1294 177 1373 cavit,
192 1297 226 1358 et
239 1293 315 1356 iecit
328 1292 363 1355 in
379 1290 468 1356 curia
489 1298 522 1354 et
544 1293 635 1354 extra
657 1292 774 1369 curiam
795 1310 854 1373 per
865 1310 1035 1373 processus
1057 1311 1131 1357 suos
1145 1293 1275 1358 frivolos

86 1393 210 1475 publice
234 1389 536 1456 excommunicatum
559 1387 749 1454 denuntiari.
1271 1450 1276 1467 ,

182 1494 300 1557 Postea
333 1489 504 1572 publicatis
540 1490 743 1569 processibus
779 1491 817 1555 D.
839 1492 926 1573 Papa
954 1491 1120 1557 advocavit
1148 1512 1275 1559 causam

84 1593 123 1658 ad
144 1611 190 1671 se,
213 1599 276 1657 tam
297 1590 368 1655 aD.
383 1588 542 1654 Cardinali
565 1607 657 1669 quam
679 1609 698 1654 a
719 1590 803 1655 dieto
819 1591 945 1656 domino
961 1592 1116 1672 auditore,
1140 1600 1173 1658 et
1188 1611 1272 1658 com-

84 1692 169 1757 misit
196 1690 329 1756 eandem
359 1696 495 1770 quatuor
527 1689 739 1755 cardinalibus
768 1691 934 1756 videndam
967 1699 1000 1757 et
1034 1694 1273 1774 terminandam,

85 1800 162 1873 puta
192 1790 232 1855 D.
266 1790 492 1871 Aquilegiensi,
525 1789 563 1853 D.
599 1789 638 1853 de
671 1791 863 1869 Braneatiis
896 1792 934 1856 D.
968 1792 1007 1857 de
1041 1792 1209 1858 Veneficiis
1242 1801 1275 1860 et

85 1891 122 1956 D.
136 1889 307 1955 Francisco
323 1887 364 1952 de
375 1889 537 1953 Zabrellis.
560 1889 694 1953 Domum
710 1889 747 1953 D.
768 1890 983 1971 Aquilegiensi
995 1898 1129 1973 mortuo,
1143 1893 1181 1957 D.
1198 1893 1274 1959 Car·

86 1990 198 2055 dinalis
220 1987 435 2063 Florentinus,
466 2007 547 2052 unus
570 2008 608 2052 ex
630 1988 862 2070 commissoriis,
893 1990 931 2054 de
955 1992 1118 2056 voluntate
1140 1992 1274 2057 aliorum

86 2089 369 2155 commissariorum
391 2087 585 2170 praedictam
608 2107 734 2153 causam
757 2089 914 2162 resumsit
937 2097 970 2156 et
990 2091 1142 2156 articulos
1164 2098 1197 2157 et
1217 2112 1274 2174 po-

83 2191 216 2255 sitiones
237 2207 296 2270 pro
328 2188 531 2254 excusatione
565 2197 597 2253 et
627 2188 854 2270 comparitione
886 2190 1046 2271 personali
1075 2192 1209 2273 praelati
1231 2191 1273 2256 M.

82 2291 216 2356 Joannis
231 2290 300 2353 llus
315 2307 420 2354 eoram
441 2288 584 2370 praefato
600 2287 637 2351 D.
654 2287 813 2353 Cardinali
828 2287 868 2354 de
892 2287 1044 2355 Columna
1064 2291 1273 2372 pertinentes

81 2382 293 2455 admissibiles
314 2397 347 2453 et
358 2388 479 2470 dejure
491 2388 716 2469 procedentes,
739 2387 912 2469 productos
934 2395 968 2453 et
977 2408 1040 2453 non
1054 2389 1207 2455 admissos
1219 2391 1273 2455 ad·

81 2491 178 2570 misit,
191 2497 225 2554 et
235 2489 276 2554 ad
287 2488 483 2570 probandum
497 2487 624 2552 eosdem
637 2488 815 2552 termimum
828 2487 909 2567 juris
921 2490 1042 2568 statuit,
1052 2495 1088 2553 ut
1104 2495 1155 2555 est
1166 2492 1272 2555 moris.

179 2589 297 2653 Postea
313 2588 455 2670 probatis
470 2587 568 2659 dictis
588 2586 730 2652 articulis
741 2586 937 2652 sufficienter
949 2607 1007 2669 per
1019 2595 1120 2654 testes
1131 2589 1272 2669 idoneos,

79 2696 228 2770 regestae
250 2707 363 2753 causae
386 2695 419 2753 et
440 2688 520 2753 actis
543 2705 657 2752 causae
683 2687 776 2769 plene
807 2697 840 2752 et
869 2686 1065 2755 sufficienter
1085 2690 1275 2772 conscriptis

79 2796 115 2854 et
144 2789 314 2871 perfectis,
336 2789 375 2853 D.
408 2790 495 2870 Papa
525 2788 685 2853 mandavit
708 2795 885 2869 segestrum
907 2796 1114 2869 praesentare
1135 2790 1174 2854 D.
1198 2789 1274 2855 Car·

79 2888 180 2954 dinali
215 2888 255 2954 de
290 2888 483 2967 Braneatiis;
520 2906 626 2953 coram
662 2905 724 2968 quo
756 2888 823 2953 iere
856 2906 919 2953 uno
952 2907 1034 2953 auno
1070 2909 1140 2955 cum
1169 2889 1273 2954 medio

78 2989 141 3054 init
155 2989 195 3053 de
211 2989 344 3070 singulis
366 2989 399 3052 in
414 2988 499 3054 dicto
514 2992 659 3069 regestro
675 2988 835 3052 contentis
851 2988 1045 3070 disputatum
1060 2995 1092 3054 et
1107 2989 1273 3070 litigatmn,

78 3108 140 3155 nec
174 3096 281 3155 tamen
313 3089 384 3170 ipse
405 3087 445 3154 D.
480 3087 657 3152 Cardinalis
686 3087 813 3155 uolebat
838 3087 879 3151 ad
908 3088 1062 3152 ulteriora
1090 3088 1273 3169 procedere,

78 3191 131 3254 vel
146 3190 247 3254 dictas
263 3189 444 3255 citationem
457 3188 655 3269 personalem
669 3194 701 3252 et
712 3186 1066 3251 excommunicationem
1077 3174 1135 3270 pei·
1147 3187 1185 3250 D.
1198 3186 1274 3251 Car·

78 3289 218 3354 dinalem
251 3289 291 3354 de
320 3289 473 3355 Columna
511 3287 693 3352 tulminatas
733 3286 847 3351 tollere
880 3294 913 3352 et
945 3286 1098 3367 relaxare,
1132 3287 1272 3368 quamvis

78 3389 267 3471 saepissime
289 3408 348 3470 per
368 3389 469 3453 dictos
501 3393 726 3469 procuratores
748 3392 782 3450 et
807 3386 976 3452 advocatos
998 3387 1090 3468 juxta
1115 3387 1153 3450 D.
1168 3388 1275 3468 Papae

78 3488 334 3554 commissionem
362 3496 396 3553 et
417 3487 499 3568 juris
526 3487 669 3552 ordinem
702 3493 735 3552 et
763 3486 919 3568 justitiam
951 3485 1065 3551 luisset
1091 3486 1271 3568 instigatus,

79 3588 256 3668 requisitus
278 3592 311 3652 et
332 3595 471 3668 rogatus.

181 3687 318 3769 Insuper
340 3688 413 3753 dum
436 3688 512 3753 dieti
527 3693 753 3770 procuratores
769 3692 802 3752 et
819 3686 962 3753 advocati
977 3687 1137 3752 instarent
1151 3685 1275 3768 saepis-

79 3787 160 3851 sime
183 3786 269 3868 apud
291 3787 411 3852 dictum
432 3786 470 3849 D.
493 3785 692 3851 Cardinalem
720 3785 759 3851 de
781 3786 960 3852 Braneatiis
982 3804 1040 3868 pro
1067 3785 1276 3850 ministranda

74 3887 207 3968 justitia
230 3886 322 3967 iuxta
348 3888 568 3969 probationes,
598 3893 670 3951 acta
696 3891 729 3950 et
754 3891 845 3966 gesta
866 3904 990 3964 causae,
1016 3887 1084 3968 ipse
1107 3885 1275 3951 cardinalis

78 3993 196 4052 contra
218 4004 342 4051 omnem
360 3988 516 4068 J'ustitiam
538 3995 571 4053 et
589 3988 671 4069 juris
699 3985 841 4050 ordinem
863 3986 1023 4051 mandauit
1044 3987 1100 4066 eis,
1130 3994 1167 4048 ut
1187 3992 1275 4066 post-

74 4085 207 4151 modum
229 4106 292 4151 non
313 4095 524 4169 procurarent
545 4088 577 4151 in
600 4086 686 4151 dicta
707 4104 810 4166 causa,
844 4104 902 4150 nec
925 4085 1036 4150 amodo
1067 4086 1214 4149 venirent
1234 4082 1275 4147 ad

75 4187 193 4269 ipsum,
216 4189 291 4270 quia
305 4189 404 4254 nollet
419 4206 475 4254 eos
488 4188 623 4270 amplius
643 4186 763 4267 audire,
785 4203 944 4266 asserens,
967 4184 1050 4266 quod
1065 4185 1126 4249 hoc
1141 4183 1276 4248 baberet

77 4306 101 4351 a
122 4286 250 4352 domino
271 4294 383 4353 nostro
404 4308 487 4371 papa
507 4288 541 4353 in
563 4287 729 4353 mandatis.

180 4387 306 4469 Postea,
330 4387 404 4452 dum
425 4389 488 4470 ipsi
509 4393 736 4470 procuratores
757 4385 861 4451 adbuc
889 4402 1016 4467 semper
1036 4385 1194 4448 instarent
1215 4401 1275 4464 pro

76 4485 288 4554 ministranda
305 4487 432 4570 justitia
454 4495 487 4553 et
507 4488 671 4554 audientia
692 4485 879 4567 exhibenda,
902 4485 1026 4566 quidam
1047 4502 1085 4548 ex
1107 4483 1185 4564 ipsis
1200 4500 1274 4564 pro·

76 4587 281 4652 curatoribus
303 4594 378 4652 sunt
399 4588 572 4653 crudeliter
595 4587 784 4652 incarcerati
814 4592 848 4651 et
878 4586 975 4650 rebus
1007 4582 1104 4649 variis
1135 4582 1273 4665 spoliati.
