<?xml version="1.0" encoding="UTF-8"?>
<!DOCTYPE html PUBLIC "-//W3C//DTD XHTML 1.0 Transitional//EN"
    "http://www.w3.org/TR/xhtml1/DTD/xhtml1-transitional.dtd">
<html xmlns="http://www.w3.org/1999/xhtml" xml:lang="en" lang="en">
 <head>
  <title>
</title>
<meta http-equiv="Content-Type" content="text/html;charset=utf-8" />
  <meta name='ocr-system' content='tesseract 3.04.00' />
  <meta name='ocr-capabilities' content='ocr_page ocr_carea ocr_par ocr_line ocrx_word'/>
</head>
<body>
  <div class='ocr_page' id='page_1' title='image "./documentamagjoa00palagoog_0654.png"; bbox 0 0 2992 5258; ppageno 0'>
   <div class='ocr_carea' id='block_1_1' title="bbox 159 353 1099 422">
    <p class='ocr_par' dir='ltr' id='par_1_1' title="bbox 159 353 1099 422">
     <span class='ocr_line' id='line_1_1' title="bbox 159 353 1099 422; baseline -0.004 -12"><span class='ocrx_word' id='word_1_1' title='bbox 159 360 221 422; x_wconf 84' lang='lat'><strong>630</strong></span> <span class='ocrx_word' id='word_1_2' title='bbox 400 357 603 410; x_wconf 57' lang='lat' dir='ltr'><strong>(lontroversiae</strong></span> <span class='ocrx_word' id='word_1_3' title='bbox 621 355 654 408; x_wconf 91' lang='lat' dir='ltr'><strong>de</strong></span> <span class='ocrx_word' id='word_1_4' title='bbox 672 355 801 421; x_wconf 83' lang='lat' dir='ltr'><strong>religione</strong></span> <span class='ocrx_word' id='word_1_5' title='bbox 819 355 846 406; x_wconf 93' lang='lat' dir='ltr'><strong>in</strong></span> <span class='ocrx_word' id='word_1_6' title='bbox 863 353 1007 408; x_wconf 81' lang='lat' dir='ltr'><strong>Bohemin:</strong></span> <span class='ocrx_word' id='word_1_7' title='bbox 1026 357 1099 408; x_wconf 79' lang='lat'>1416.</span> 
     </span>
    </p>
   </div>
   <div class='ocr_carea' id='block_1_2' title="bbox 696 648 775 723">
    <p class='ocr_par' dir='ltr' id='par_1_2' title="bbox 696 648 775 723">
     <span class='ocr_line' id='line_1_2' title="bbox 696 648 775 723; baseline 0 0"><span class='ocrx_word' id='word_1_8' title='bbox 696 648 775 723; x_wconf 88' lang='grc'><strong>101.</strong></span> 
     </span>
    </p>
   </div>
   <div class='ocr_carea' id='block_1_3' title="bbox 139 875 1338 1255">
    <p class='ocr_par' dir='ltr' id='par_1_3' title="bbox 139 875 1338 1255">
     <span class='ocr_line' id='line_1_3' title="bbox 159 875 1335 988; baseline -0.003 -26"><span class='ocrx_word' id='word_1_9' title='bbox 159 876 381 962; x_wconf 81' lang='lat' dir='ltr'><strong>Conradus</strong></span> <span class='ocrx_word' id='word_1_10' title='bbox 408 879 753 986; x_wconf 78' lang='lat' dir='ltr'>archiepiscopus</span> <span class='ocrx_word' id='word_1_11' title='bbox 780 877 1008 988; x_wconf 84' lang='lat' dir='ltr'><strong>Pragensis</strong></span> <span class='ocrx_word' id='word_1_12' title='bbox 1035 906 1182 986; x_wconf 82' lang='lat' dir='ltr'><strong>regem</strong></span> <span class='ocrx_word' id='word_1_13' title='bbox 1210 875 1335 960; x_wconf 91' lang='lat' dir='ltr'><strong>Wen·</strong></span> 
     </span>
     <span class='ocr_line' id='line_1_4' title="bbox 139 1010 1338 1125; baseline -0.003 -28"><span class='ocrx_word' id='word_1_14' title='bbox 139 1016 344 1097; x_wconf 85' lang='lat' dir='ltr'><strong>¹eeslaunr</strong></span> <span class='ocrx_word' id='word_1_15' title='bbox 383 1024 523 1125; x_wconf 78' lang='lat' dir='ltr'><strong>rogat,</strong></span> <span class='ocrx_word' id='word_1_16' title='bbox 563 1042 617 1095; x_wconf 89' lang='lat' dir='ltr'><strong>ue</strong></span> <span class='ocrx_word' id='word_1_17' title='bbox 648 1011 704 1094; x_wconf 89' lang='lat' dir='ltr'><strong>M.</strong></span> <span class='ocrx_word' id='word_1_18' title='bbox 735 1011 766 1097; x_wconf 83' lang='lat' dir='ltr'><strong>J</strong></span> <span class='ocrx_word' id='word_1_19' title='bbox 768 1041 949 1094; x_wconf 89' lang='lat' dir='ltr'><strong>oannem</strong></span> <span class='ocrx_word' id='word_1_20' title='bbox 976 1010 1007 1096; x_wconf 83' lang='lat' dir='ltr'><strong>J</strong></span> <span class='ocrx_word' id='word_1_21' title='bbox 1010 1014 1150 1094; x_wconf 87' lang='lat' dir='ltr'><strong>esenie</strong></span> <span class='ocrx_word' id='word_1_22' title='bbox 1178 1010 1338 1123; x_wconf 85' lang='lat' dir='ltr'><strong>Pragae</strong></span> 
     </span>
     <span class='ocr_line' id='line_1_5' title="bbox 542 1148 961 1255; baseline -0.002 -26"><span class='ocrx_word' id='word_1_23' title='bbox 542 1148 702 1231; x_wconf 87' lang='lat' dir='ltr'><strong>versari</strong></span> <span class='ocrx_word' id='word_1_24' title='bbox 729 1149 961 1255; x_wconf 88' lang='lat' dir='ltr'><strong>permittat.</strong></span> 
     </span>
    </p>
   </div>
   <div class='ocr_carea' id='block_1_4' title="bbox 532 1392 961 1460">
    <p class='ocr_par' dir='ltr' id='par_1_4' title="bbox 532 1392 961 1460">
     <span class='ocr_line' id='line_1_6' title="bbox 532 1392 961 1460; baseline -0.005 -15"><span class='ocrx_word' id='word_1_25' title='bbox 532 1392 644 1458; x_wconf 81' lang='lat' dir='ltr'><strong>Radalo,</strong></span> <span class='ocrx_word' id='word_1_26' title='bbox 663 1409 683 1445; x_wconf 90' lang='lat' dir='ltr'><strong>s.</strong></span> <span class='ocrx_word' id='word_1_27' title='bbox 703 1409 726 1444; x_wconf 89' lang='lat' dir='ltr'><strong>a.</strong></span> <span class='ocrx_word' id='word_1_28' title='bbox 745 1392 840 1460; x_wconf 78' lang='lat'>(1416),</span> <span class='ocrx_word' id='word_1_29' title='bbox 861 1396 891 1447; x_wconf 93' lang='grc'><strong>19</strong></span> <span class='ocrx_word' id='word_1_30' title='bbox 907 1392 961 1445; x_wconf 87' lang='lat' dir='ltr'><strong>Jul.</strong></span> 
     </span>
    </p>
   </div>
   <div class='ocr_carea' id='block_1_5' title="bbox 320 1691 1175 1760">
    <p class='ocr_par' dir='ltr' id='par_1_5' title="bbox 320 1691 1175 1760">
     <span class='ocr_line' id='line_1_7' title="bbox 320 1691 1175 1760; baseline -0.002 -14"><span class='ocrx_word' id='word_1_31' title='bbox 320 1695 364 1753; x_wconf 86' lang='lat' dir='ltr'><strong>(E</strong></span> <span class='ocrx_word' id='word_1_32' title='bbox 380 1694 441 1747; x_wconf 86' lang='lat' dir='ltr'><strong>MS.</strong></span> <span class='ocrx_word' id='word_1_33' title='bbox 460 1693 639 1760; x_wconf 76' lang='lat' dir='ltr'><strong>quaternione</strong></span> <span class='ocrx_word' id='word_1_34' title='bbox 658 1692 742 1747; x_wconf 67' lang='lat' dir='ltr'><strong>Neam.</strong></span> <span class='ocrx_word' id='word_1_35' title='bbox 762 1691 813 1745; x_wconf 82' lang='lat'><strong>179</strong></span> <span class='ocrx_word' id='word_1_36' title='bbox 831 1696 860 1746; x_wconf 77' lang='lat' dir='ltr'><strong>ia</strong></span> <span class='ocrx_word' id='word_1_37' title='bbox 878 1694 1021 1745; x_wconf 71' lang='lat' dir='ltr'><strong>tabulario</strong></span> <span class='ocrx_word' id='word_1_38' title='bbox 1042 1693 1175 1758; x_wconf 78' lang='lat' dir='ltr'><strong>Trabea.)</strong></span> 
     </span>
    </p>
   </div>
   <div class='ocr_carea' id='block_1_6' title="bbox 648 1844 846 1855">
    <p class='ocr_par' dir='ltr' id='par_1_6' title="bbox 648 1844 846 1855">
     <span class='ocr_line' id='line_1_8' title="bbox 648 1844 846 1855; baseline -0.01 0"><span class='ocrx_word' id='word_1_39' title='bbox 648 1844 846 1855; x_wconf 49' lang='lat' dir='ltr'><strong>*nu-</strong></span> 
     </span>
    </p>
   </div>
   <div class='ocr_carea' id='block_1_7' title="bbox 149 2014 1338 4410">
    <p class='ocr_par' dir='ltr' id='par_1_7' title="bbox 149 2014 1338 4410">
     <span class='ocr_line' id='line_1_9' title="bbox 251 2014 1336 2096; baseline -0.001 -17"><span class='ocrx_word' id='word_1_40' title='bbox 251 2014 457 2079; x_wconf 86' lang='lat' dir='ltr'><strong>Serenissime</strong></span> <span class='ocrx_word' id='word_1_41' title='bbox 473 2015 549 2094; x_wconf 82' lang='lat' dir='ltr'><strong>Rex,</strong></span> <span class='ocrx_word' id='word_1_42' title='bbox 571 2015 695 2080; x_wconf 88' lang='lat' dir='ltr'><strong>domine</strong></span> <span class='ocrx_word' id='word_1_43' title='bbox 710 2016 752 2080; x_wconf 90' lang='lat' dir='ltr'><strong>mi</strong></span> <span class='ocrx_word' id='word_1_44' title='bbox 767 2016 923 2095; x_wconf 78' lang='lat' dir='ltr'><strong>gratiose!</strong></span> <span class='ocrx_word' id='word_1_45' title='bbox 946 2015 1048 2079; x_wconf 87' lang='lat' dir='ltr'><strong>Audio</strong></span> <span class='ocrx_word' id='word_1_46' title='bbox 1070 2021 1103 2080; x_wconf 92' lang='lat' dir='ltr'><strong>et</strong></span> <span class='ocrx_word' id='word_1_47' title='bbox 1125 2015 1258 2080; x_wconf 86' lang='lat' dir='ltr'><strong>multum</strong></span> <span class='ocrx_word' id='word_1_48' title='bbox 1273 2032 1336 2096; x_wconf 87' lang='lat' dir='ltr'><strong>por·</strong></span> 
     </span>
     <span class='ocr_line' id='line_1_10' title="bbox 153 2113 1335 2197; baseline -0.002 -17"><span class='ocrx_word' id='word_1_49' title='bbox 153 2114 276 2193; x_wconf 85' lang='lat' dir='ltr'><strong>turbor,</strong></span> <span class='ocrx_word' id='word_1_50' title='bbox 313 2116 449 2196; x_wconf 83' lang='lat' dir='ltr'><strong>qualiter</strong></span> <span class='ocrx_word' id='word_1_51' title='bbox 470 2115 555 2180; x_wconf 84' lang='lat' dir='ltr'><strong>clero</strong></span> <span class='ocrx_word' id='word_1_52' title='bbox 588 2132 657 2179; x_wconf 90' lang='lat' dir='ltr'><strong>meo</strong></span> <span class='ocrx_word' id='word_1_53' title='bbox 680 2116 783 2181; x_wconf 91' lang='lat' dir='ltr'><strong>minae</strong></span> <span class='ocrx_word' id='word_1_54' title='bbox 821 2133 879 2197; x_wconf 90' lang='lat' dir='ltr'><strong>per</strong></span> <span class='ocrx_word' id='word_1_55' title='bbox 900 2113 1022 2194; x_wconf 89' lang='lat' dir='ltr'><strong>aliquos</strong></span> <span class='ocrx_word' id='word_1_56' title='bbox 1044 2115 1188 2181; x_wconf 89' lang='lat' dir='ltr'><strong>homines</strong></span> <span class='ocrx_word' id='word_1_57' title='bbox 1210 2115 1335 2180; x_wconf 85' lang='lat' dir='ltr'><strong>diversi·</strong></span> 
     </span>
     <span class='ocr_line' id='line_1_11' title="bbox 153 2214 1337 2298; baseline -0.003 -16"><span class='ocrx_word' id='word_1_58' title='bbox 153 2216 243 2282; x_wconf 86' lang='lat' dir='ltr'><strong>mode</strong></span> <span class='ocrx_word' id='word_1_59' title='bbox 259 2218 471 2298; x_wconf 88' lang='lat' dir='ltr'><strong>imponuntur.</strong></span> <span class='ocrx_word' id='word_1_60' title='bbox 508 2214 607 2296; x_wconf 83' lang='lat' dir='ltr'><strong>Cujus</strong></span> <span class='ocrx_word' id='word_1_61' title='bbox 628 2216 776 2282; x_wconf 90' lang='lat' dir='ltr'><strong>disturbii</strong></span> <span class='ocrx_word' id='word_1_62' title='bbox 799 2233 893 2280; x_wconf 87' lang='lat' dir='ltr'><strong>eausa</strong></span> <span class='ocrx_word' id='word_1_63' title='bbox 915 2223 965 2281; x_wconf 90' lang='lat' dir='ltr'><strong>est</strong></span> <span class='ocrx_word' id='word_1_64' title='bbox 987 2224 1019 2281; x_wconf 89' lang='lat' dir='ltr'><strong>et</strong></span> <span class='ocrx_word' id='word_1_65' title='bbox 1041 2217 1181 2298; x_wconf 86' lang='lat' dir='ltr'><strong>suspicio</strong></span> <span class='ocrx_word' id='word_1_66' title='bbox 1204 2218 1337 2284; x_wconf 79' lang='lat' dir='ltr'><strong>Joannm</strong></span> 
     </span>
     <span class='ocr_line' id='line_1_12' title="bbox 152 2317 1336 2399; baseline -0.001 -16"><span class='ocrx_word' id='word_1_67' title='bbox 152 2319 317 2397; x_wconf 74' lang='lat' dir='ltr'><strong>lassator,</strong></span> <span class='ocrx_word' id='word_1_68' title='bbox 351 2319 403 2399; x_wconf 90' lang='lat' dir='ltr'><strong>qui</strong></span> <span class='ocrx_word' id='word_1_69' title='bbox 426 2335 509 2382; x_wconf 85' lang='lat' dir='ltr'><strong>nune</strong></span> <span class='ocrx_word' id='word_1_70' title='bbox 538 2322 648 2381; x_wconf 89' lang='lat' dir='ltr'><strong>eontra</strong></span> <span class='ocrx_word' id='word_1_71' title='bbox 670 2317 737 2381; x_wconf 87' lang='lat' dir='ltr'><strong>Ser.</strong></span> <span class='ocrx_word' id='word_1_72' title='bbox 769 2318 835 2382; x_wconf 73' lang='lat' dir='ltr'><strong>Vme</strong></span> <span class='ocrx_word' id='word_1_73' title='bbox 858 2325 890 2383; x_wconf 89' lang='lat' dir='ltr'><strong>et</strong></span> <span class='ocrx_word' id='word_1_74' title='bbox 913 2317 1035 2382; x_wconf 87' lang='lat' dir='ltr'><strong>consilii</strong></span> <span class='ocrx_word' id='word_1_75' title='bbox 1057 2320 1156 2383; x_wconf 88' lang='lat' dir='ltr'><strong>vestri</strong></span> <span class='ocrx_word' id='word_1_76' title='bbox 1180 2318 1336 2385; x_wconf 85' lang='lat' dir='ltr'><strong>decretum</strong></span> 
     </span>
     <span class='ocr_line' id='line_1_13' title="bbox 152 2417 1334 2499; baseline 0 -17"><span class='ocrx_word' id='word_1_77' title='bbox 152 2419 336 2484; x_wconf 87' lang='lat' dir='ltr'><strong>incivitate</strong></span> <span class='ocrx_word' id='word_1_78' title='bbox 365 2419 514 2498; x_wconf 81' lang='lat' dir='ltr'><strong>Progensi</strong></span> <span class='ocrx_word' id='word_1_79' title='bbox 544 2417 710 2482; x_wconf 86' lang='lat' dir='ltr'><strong>manifeste</strong></span> <span class='ocrx_word' id='word_1_80' title='bbox 741 2436 860 2482; x_wconf 90' lang='lat' dir='ltr'><strong>moram</strong></span> <span class='ocrx_word' id='word_1_81' title='bbox 882 2418 989 2483; x_wconf 89' lang='lat' dir='ltr'><strong>trahit.</strong></span> <span class='ocrx_word' id='word_1_82' title='bbox 1032 2418 1075 2483; x_wconf 85' lang='lat' dir='ltr'><strong>Et</strong></span> <span class='ocrx_word' id='word_1_83' title='bbox 1096 2417 1172 2499; x_wconf 87' lang='lat' dir='ltr'><strong>quia</strong></span> <span class='ocrx_word' id='word_1_84' title='bbox 1194 2417 1262 2484; x_wconf 84' lang='lat' dir='ltr'><strong>Ser.</strong></span> <span class='ocrx_word' id='word_1_85' title='bbox 1285 2419 1334 2482; x_wconf 66' lang='grc' dir='ltr'><strong>Ψ·</strong></span> 
     </span>
     <span class='ocr_line' id='line_1_14' title="bbox 152 2517 1336 2599; baseline 0 -16"><span class='ocrx_word' id='word_1_86' title='bbox 152 2521 232 2585; x_wconf 90' lang='lat' dir='ltr'><strong>bene</strong></span> <span class='ocrx_word' id='word_1_87' title='bbox 255 2520 352 2597; x_wconf 78' lang='lat' dir='ltr'><strong>novit,</strong></span> <span class='ocrx_word' id='word_1_88' title='bbox 375 2518 459 2598; x_wconf 90' lang='lat' dir='ltr'><strong>quod</strong></span> <span class='ocrx_word' id='word_1_89' title='bbox 480 2517 565 2582; x_wconf 89' lang='lat' dir='ltr'><strong>idem</strong></span> <span class='ocrx_word' id='word_1_90' title='bbox 585 2517 731 2583; x_wconf 84' lang='lat' dir='ltr'><strong>Jesemioz</strong></span> <span class='ocrx_word' id='word_1_91' title='bbox 753 2519 786 2582; x_wconf 91' lang='lat' dir='ltr'><strong>in</strong></span> <span class='ocrx_word' id='word_1_92' title='bbox 808 2518 936 2583; x_wconf 83' lang='lat' dir='ltr'><strong>civitate</strong></span> <span class='ocrx_word' id='word_1_93' title='bbox 958 2519 1110 2599; x_wconf 84' lang='lat' dir='ltr'><strong>Pragensi</strong></span> <span class='ocrx_word' id='word_1_94' title='bbox 1135 2535 1267 2585; x_wconf 86' lang='lat' dir='ltr'><strong>manere</strong></span> <span class='ocrx_word' id='word_1_95' title='bbox 1280 2537 1336 2584; x_wconf 92' lang='lat' dir='ltr'><strong>non</strong></span> 
     </span>
     <span class='ocr_line' id='line_1_15' title="bbox 152 2618 1337 2700; baseline 0.002 -16"><span class='ocrx_word' id='word_1_96' title='bbox 152 2620 270 2699; x_wconf 79' lang='lat' dir='ltr'><strong>debuit,</strong></span> <span class='ocrx_word' id='word_1_97' title='bbox 293 2618 496 2699; x_wconf 81' lang='lat' dir='ltr'>quoadusque</span> <span class='ocrx_word' id='word_1_98' title='bbox 523 2618 562 2683; x_wconf 90' lang='lat' dir='ltr'><strong>de</strong></span> <span class='ocrx_word' id='word_1_99' title='bbox 583 2618 767 2685; x_wconf 87' lang='lat' dir='ltr'><strong>Constantia</strong></span> <span class='ocrx_word' id='word_1_100' title='bbox 788 2619 914 2700; x_wconf 84' lang='lat' dir='ltr'><strong>legatio,</strong></span> <span class='ocrx_word' id='word_1_101' title='bbox 938 2638 1018 2699; x_wconf 90' lang='lat' dir='ltr'><strong>quae</strong></span> <span class='ocrx_word' id='word_1_102' title='bbox 1043 2619 1195 2685; x_wconf 84' lang='lat' dir='ltr'><strong>adstatim</strong></span> <span class='ocrx_word' id='word_1_103' title='bbox 1228 2619 1337 2686; x_wconf 85' lang='lat' dir='ltr'><strong>ibidem</strong></span> 
     </span>
     <span class='ocr_line' id='line_1_16' title="bbox 153 2718 1335 2801; baseline 0.002 -17"><span class='ocrx_word' id='word_1_104' title='bbox 153 2726 203 2784; x_wconf 87' lang='lat' dir='ltr'><strong>est</strong></span> <span class='ocrx_word' id='word_1_105' title='bbox 224 2720 360 2797; x_wconf 79' lang='lat' dir='ltr'><strong>directa,</strong></span> <span class='ocrx_word' id='word_1_106' title='bbox 398 2738 460 2784; x_wconf 92' lang='lat' dir='ltr'><strong>mon</strong></span> <span class='ocrx_word' id='word_1_107' title='bbox 489 2718 625 2784; x_wconf 82' lang='lat' dir='ltr'><strong>rediret:</strong></span> <span class='ocrx_word' id='word_1_108' title='bbox 655 2719 798 2801; x_wconf 85' lang='lat' dir='ltr'><strong>supplico</strong></span> <span class='ocrx_word' id='word_1_109' title='bbox 821 2720 919 2800; x_wconf 82' lang='lat' dir='ltr'><strong>igitur</strong></span> <span class='ocrx_word' id='word_1_110' title='bbox 939 2719 1007 2786; x_wconf 86' lang='lat' dir='ltr'><strong>Ser.</strong></span> <span class='ocrx_word' id='word_1_111' title='bbox 1032 2720 1099 2784; x_wconf 74' lang='lat' dir='ltr'><strong>V¹⁸⁸</strong></span> <span class='ocrx_word' id='word_1_112' title='bbox 1120 2721 1287 2787; x_wconf 87' lang='lat' dir='ltr'><strong>humiliter</strong></span> <span class='ocrx_word' id='word_1_113' title='bbox 1306 2728 1335 2786; x_wconf 88' lang='lat' dir='ltr'><strong>et</strong></span> 
     </span>
     <span class='ocr_line' id='line_1_17' title="bbox 152 2819 1336 2904; baseline 0.001 -19"><span class='ocrx_word' id='word_1_114' title='bbox 152 2821 275 2900; x_wconf 87' lang='lat' dir='ltr'><strong>devote,</strong></span> <span class='ocrx_word' id='word_1_115' title='bbox 297 2826 454 2901; x_wconf 87' lang='lat' dir='ltr'><strong>quatenus</strong></span> <span class='ocrx_word' id='word_1_116' title='bbox 477 2820 544 2886; x_wconf 83' lang='lat' dir='ltr'><strong>Ser.</strong></span> <span class='ocrx_word' id='word_1_117' title='bbox 561 2821 614 2884; x_wconf 69' lang='lat' dir='ltr'><strong>Vra</strong></span> <span class='ocrx_word' id='word_1_118' title='bbox 639 2819 766 2886; x_wconf 78' lang='lat' dir='ltr'><strong>efficere</strong></span> <span class='ocrx_word' id='word_1_119' title='bbox 788 2826 821 2885; x_wconf 90' lang='lat' dir='ltr'><strong>et</strong></span> <span class='ocrx_word' id='word_1_120' title='bbox 836 2821 1006 2903; x_wconf 85' lang='lat' dir='ltr'><strong>disponere</strong></span> <span class='ocrx_word' id='word_1_121' title='bbox 1028 2822 1169 2902; x_wconf 79' lang='lat' dir='ltr'><strong>gratiose</strong></span> <span class='ocrx_word' id='word_1_122' title='bbox 1186 2822 1336 2904; x_wconf 76' lang='lat' dir='ltr'><strong>dignetis,</strong></span> 
     </span>
     <span class='ocr_line' id='line_1_18' title="bbox 153 2920 1338 3003; baseline 0.004 -19"><span class='ocrx_word' id='word_1_123' title='bbox 153 2920 236 3003; x_wconf 86' lang='lat' dir='ltr'><strong>quod</strong></span> <span class='ocrx_word' id='word_1_124' title='bbox 258 2921 341 2986; x_wconf 89' lang='lat' dir='ltr'><strong>idern</strong></span> <span class='ocrx_word' id='word_1_125' title='bbox 363 2923 381 2986; x_wconf 83' lang='lat' dir='ltr'>J</span> <span class='ocrx_word' id='word_1_126' title='bbox 386 2923 509 2985; x_wconf 83' lang='lat' dir='ltr'><strong>esenicz</strong></span> <span class='ocrx_word' id='word_1_127' title='bbox 539 2921 579 2985; x_wconf 93' lang='lat' dir='ltr'><strong>ad</strong></span> <span class='ocrx_word' id='word_1_128' title='bbox 601 2921 782 2987; x_wconf 86' lang='lat' dir='ltr'><strong>evitandum</strong></span> <span class='ocrx_word' id='word_1_129' title='bbox 804 2923 960 3003; x_wconf 84' lang='lat' dir='ltr'><strong>pericula,</strong></span> <span class='ocrx_word' id='word_1_130' title='bbox 995 2940 1075 3003; x_wconf 88' lang='lat' dir='ltr'><strong>quae</strong></span> <span class='ocrx_word' id='word_1_131' title='bbox 1098 2923 1214 2988; x_wconf 84' lang='lat' dir='ltr'><strong>exinde</strong></span> <span class='ocrx_word' id='word_1_132' title='bbox 1235 2923 1338 2989; x_wconf 81' lang='lat' dir='ltr'><strong>venire</strong></span> 
     </span>
     <span class='ocr_line' id='line_1_19' title="bbox 152 3022 1338 3104; baseline 0.003 -18"><span class='ocrx_word' id='word_1_133' title='bbox 152 3030 291 3104; x_wconf 74' lang='lat' dir='ltr'><strong>possent,</strong></span> <span class='ocrx_word' id='word_1_134' title='bbox 315 3023 346 3086; x_wconf 91' lang='lat' dir='ltr'><strong>im</strong></span> <span class='ocrx_word' id='word_1_135' title='bbox 364 3023 466 3101; x_wconf 79' lang='lat' dir='ltr'><strong>Praga</strong></span> <span class='ocrx_word' id='word_1_136' title='bbox 486 3039 549 3085; x_wconf 91' lang='lat' dir='ltr'><strong>non</strong></span> <span class='ocrx_word' id='word_1_137' title='bbox 569 3028 703 3101; x_wconf 83' lang='lat' dir='ltr'><strong>maneat,</strong></span> <span class='ocrx_word' id='word_1_138' title='bbox 726 3022 827 3087; x_wconf 88' lang='lat' dir='ltr'><strong>donee</strong></span> <span class='ocrx_word' id='word_1_139' title='bbox 848 3023 932 3087; x_wconf 92' lang='lat' dir='ltr'><strong>illius</strong></span> <span class='ocrx_word' id='word_1_140' title='bbox 954 3022 1122 3102; x_wconf 79' lang='lat' dir='ltr'><strong>legationis</strong></span> <span class='ocrx_word' id='word_1_141' title='bbox 1145 3041 1209 3088; x_wconf 90' lang='lat' dir='ltr'><strong>non</strong></span> <span class='ocrx_word' id='word_1_142' title='bbox 1233 3023 1338 3089; x_wconf 85' lang='lat' dir='ltr'><strong>redeat</strong></span> 
     </span>
     <span class='ocr_line' id='line_1_20' title="bbox 152 3121 1338 3205; baseline 0.003 -20"><span class='ocrx_word' id='word_1_143' title='bbox 152 3123 346 3203; x_wconf 88' lang='lat' dir='ltr'><strong>responsiva.</strong></span> <span class='ocrx_word' id='word_1_144' title='bbox 362 3122 664 3205; x_wconf 80' lang='lat' dir='ltr'><strong>Serenitatietenim</strong></span> <span class='ocrx_word' id='word_1_145' title='bbox 681 3122 817 3187; x_wconf 84' lang='lat' dir='ltr'><strong>Vestrae</strong></span> <span class='ocrx_word' id='word_1_146' title='bbox 843 3122 1085 3187; x_wconf 87' lang='lat' dir='ltr'><strong>admemoriam</strong></span> <span class='ocrx_word' id='word_1_147' title='bbox 1108 3122 1239 3204; x_wconf 85' lang='lat' dir='ltr'><strong>reduco,</strong></span> <span class='ocrx_word' id='word_1_148' title='bbox 1261 3121 1338 3205; x_wconf 89' lang='lat' dir='ltr'><strong>qnod</strong></span> 
     </span>
     <span class='ocr_line' id='line_1_21' title="bbox 151 3223 1337 3304; baseline 0.001 -18"><span class='ocrx_word' id='word_1_149' title='bbox 151 3224 226 3287; x_wconf 88' lang='lat' dir='ltr'><strong>mihi</strong></span> <span class='ocrx_word' id='word_1_150' title='bbox 248 3225 280 3287; x_wconf 92' lang='lat' dir='ltr'><strong>in</strong></span> <span class='ocrx_word' id='word_1_151' title='bbox 303 3223 433 3288; x_wconf 86' lang='lat' dir='ltr'><strong>exordio</strong></span> <span class='ocrx_word' id='word_1_152' title='bbox 456 3241 544 3287; x_wconf 87' lang='lat' dir='ltr'><strong>meae</strong></span> <span class='ocrx_word' id='word_1_153' title='bbox 560 3223 767 3304; x_wconf 87' lang='lat' dir='ltr'><strong>promotionis</strong></span> <span class='ocrx_word' id='word_1_154' title='bbox 788 3223 828 3289; x_wconf 92' lang='lat' dir='ltr'><strong>ad</strong></span> <span class='ocrx_word' id='word_1_155' title='bbox 852 3223 1017 3288; x_wconf 87' lang='lat' dir='ltr'><strong>ecelesiam</strong></span> <span class='ocrx_word' id='word_1_156' title='bbox 1032 3241 1134 3288; x_wconf 90' lang='lat' dir='ltr'><strong>meam</strong></span> <span class='ocrx_word' id='word_1_157' title='bbox 1149 3224 1337 3304; x_wconf 84' lang='lat' dir='ltr'><strong>Pragensom</strong></span> 
     </span>
     <span class='ocr_line' id='line_1_22' title="bbox 151 3323 1336 3406; baseline 0.001 -21"><span class='ocrx_word' id='word_1_158' title='bbox 151 3324 335 3405; x_wconf 86' lang='lat' dir='ltr'><strong>saepissime</strong></span> <span class='ocrx_word' id='word_1_159' title='bbox 365 3324 570 3406; x_wconf 82' lang='lat' dir='ltr'><strong>promisistis,</strong></span> <span class='ocrx_word' id='word_1_160' title='bbox 607 3342 656 3388; x_wconf 84' lang='lat' dir='ltr'><strong>nro</strong></span> <span class='ocrx_word' id='word_1_161' title='bbox 679 3330 712 3388; x_wconf 88' lang='lat' dir='ltr'><strong>et</strong></span> <span class='ocrx_word' id='word_1_162' title='bbox 741 3325 905 3390; x_wconf 87' lang='lat' dir='ltr'><strong>eeclesiam</strong></span> <span class='ocrx_word' id='word_1_163' title='bbox 935 3343 1036 3388; x_wconf 89' lang='lat' dir='ltr'><strong>meam</strong></span> <span class='ocrx_word' id='word_1_164' title='bbox 1063 3323 1240 3406; x_wconf 84' lang='lat' dir='ltr'><strong>praefatam</strong></span> <span class='ocrx_word' id='word_1_165' title='bbox 1262 3323 1336 3389; x_wconf 89' lang='lat' dir='ltr'><strong>velle</strong></span> 
     </span>
     <span class='ocr_line' id='line_1_23' title="bbox 150 3424 1335 3506; baseline 0 -19"><span class='ocrx_word' id='word_1_166' title='bbox 150 3425 234 3488; x_wconf 87' lang='lat' dir='ltr'><strong>eirea</strong></span> <span class='ocrx_word' id='word_1_167' title='bbox 255 3424 420 3488; x_wconf 88' lang='lat' dir='ltr'><strong>libertates</strong></span> <span class='ocrx_word' id='word_1_168' title='bbox 436 3432 469 3488; x_wconf 90' lang='lat' dir='ltr'><strong>et</strong></span> <span class='ocrx_word' id='word_1_169' title='bbox 488 3425 568 3506; x_wconf 82' lang='lat' dir='ltr'><strong>jura,</strong></span> <span class='ocrx_word' id='word_1_170' title='bbox 591 3431 686 3505; x_wconf 90' lang='lat' dir='ltr'><strong>prout</strong></span> <span class='ocrx_word' id='word_1_171' title='bbox 708 3425 792 3489; x_wconf 87' lang='lat' dir='ltr'><strong>cirea</strong></span> <span class='ocrx_word' id='word_1_172' title='bbox 813 3425 1036 3506; x_wconf 87' lang='lat' dir='ltr'><strong>imperatorem</strong></span> <span class='ocrx_word' id='word_1_173' title='bbox 1058 3430 1183 3505; x_wconf 89' lang='lat' dir='ltr'><strong>patrem</strong></span> <span class='ocrx_word' id='word_1_174' title='bbox 1200 3432 1335 3490; x_wconf 86' lang='lat' dir='ltr'><strong>vestrum</strong></span> 
     </span>
     <span class='ocr_line' id='line_1_24' title="bbox 151 3524 1334 3605; baseline -0.001 -18"><span class='ocrx_word' id='word_1_175' title='bbox 151 3524 221 3605; x_wconf 91' lang='lat' dir='ltr'><strong>piae</strong></span> <span class='ocrx_word' id='word_1_176' title='bbox 244 3524 472 3589; x_wconf 86' lang='lat' dir='ltr'><strong>reeordationis</strong></span> <span class='ocrx_word' id='word_1_177' title='bbox 506 3529 627 3589; x_wconf 86' lang='lat' dir='ltr'><strong>tentum</strong></span> <span class='ocrx_word' id='word_1_178' title='bbox 656 3525 792 3603; x_wconf 85' lang='lat' dir='ltr'><strong>exstitit,</strong></span> <span class='ocrx_word' id='word_1_179' title='bbox 825 3541 1023 3590; x_wconf 88' lang='lat' dir='ltr'><strong>conservare.</strong></span> <span class='ocrx_word' id='word_1_180' title='bbox 1067 3524 1133 3589; x_wconf 86' lang='lat' dir='ltr'><strong>Scit</strong></span> <span class='ocrx_word' id='word_1_181' title='bbox 1156 3524 1251 3590; x_wconf 86' lang='lat' dir='ltr'><strong>etiam</strong></span> <span class='ocrx_word' id='word_1_182' title='bbox 1273 3524 1334 3590; x_wconf 86' lang='lat' dir='ltr'><strong>Ser.</strong></span> 
     </span>
     <span class='ocr_line' id='line_1_25' title="bbox 151 3622 1334 3707; baseline 0.001 -20"><span class='ocrx_word' id='word_1_183' title='bbox 151 3625 220 3702; x_wconf 56' lang='lat' dir='ltr'><strong>Vr,</strong></span> <span class='ocrx_word' id='word_1_184' title='bbox 237 3624 320 3704; x_wconf 91' lang='lat' dir='ltr'><strong>quod</strong></span> <span class='ocrx_word' id='word_1_185' title='bbox 336 3624 524 3705; x_wconf 88' lang='lat' dir='ltr'><strong>abantiquis</strong></span> <span class='ocrx_word' id='word_1_186' title='bbox 543 3625 737 3706; x_wconf 87' lang='lat' dir='ltr'><strong>temporibus</strong></span> <span class='ocrx_word' id='word_1_187' title='bbox 753 3625 914 3706; x_wconf 87' lang='lat' dir='ltr'><strong>hueusque</strong></span> <span class='ocrx_word' id='word_1_188' title='bbox 926 3624 993 3690; x_wconf 84' lang='lat' dir='ltr'><strong>Ser.</strong></span> <span class='ocrx_word' id='word_1_189' title='bbox 1006 3624 1074 3689; x_wconf 73' lang='lat' dir='ltr'><strong>V¹⁸⁰</strong></span> <span class='ocrx_word' id='word_1_190' title='bbox 1098 3624 1164 3689; x_wconf 91' lang='lat' dir='ltr'><strong>imo</strong></span> <span class='ocrx_word' id='word_1_191' title='bbox 1190 3622 1334 3707; x_wconf 85' lang='lat' dir='ltr'><strong>usquead</strong></span> 
     </span>
     <span class='ocr_line' id='line_1_26' title="bbox 150 3724 1331 3806; baseline -0.001 -16"><span class='ocrx_word' id='word_1_192' title='bbox 150 3724 317 3790; x_wconf 86' lang='lat' dir='ltr'><strong>articulunr</strong></span> <span class='ocrx_word' id='word_1_193' title='bbox 345 3731 505 3791; x_wconf 82' lang='lat' dir='ltr'><strong>extremae</strong></span> <span class='ocrx_word' id='word_1_194' title='bbox 534 3725 737 3790; x_wconf 88' lang='lat' dir='ltr'><strong>necessitatis</strong></span> <span class='ocrx_word' id='word_1_195' title='bbox 761 3732 793 3791; x_wconf 89' lang='lat' dir='ltr'><strong>et</strong></span> <span class='ocrx_word' id='word_1_196' title='bbox 815 3744 884 3791; x_wconf 87' lang='lat' dir='ltr'><strong>oum</strong></span> <span class='ocrx_word' id='word_1_197' title='bbox 907 3725 1028 3806; x_wconf 82' lang='lat' dir='ltr'><strong>magmis</strong></span> <span class='ocrx_word' id='word_1_198' title='bbox 1050 3724 1207 3790; x_wconf 88' lang='lat' dir='ltr'><strong>sumtibus</strong></span> <span class='ocrx_word' id='word_1_199' title='bbox 1231 3732 1263 3792; x_wconf 91' lang='lat' dir='ltr'><strong>et</strong></span> <span class='ocrx_word' id='word_1_200' title='bbox 1284 3743 1331 3790; x_wconf 82' lang='lat' dir='ltr'><strong>ex·</strong></span> 
     </span>
     <span class='ocr_line' id='line_1_27' title="bbox 150 3824 1332 3908; baseline 0.001 -19"><span class='ocrx_word' id='word_1_201' title='bbox 150 3826 256 3908; x_wconf 88' lang='lat' dir='ltr'><strong>pensis</strong></span> <span class='ocrx_word' id='word_1_202' title='bbox 279 3826 366 3889; x_wconf 90' lang='lat' dir='ltr'><strong>velut</strong></span> <span class='ocrx_word' id='word_1_203' title='bbox 387 3824 488 3890; x_wconf 90' lang='lat' dir='ltr'><strong>fidelis</strong></span> <span class='ocrx_word' id='word_1_204' title='bbox 511 3844 621 3891; x_wconf 88' lang='lat' dir='ltr'><strong>servus</strong></span> <span class='ocrx_word' id='word_1_205' title='bbox 634 3827 820 3905; x_wconf 79' lang='lat' dir='ltr'><strong>commansi3</strong></span> <span class='ocrx_word' id='word_1_206' title='bbox 844 3827 927 3908; x_wconf 88' lang='lat' dir='ltr'><strong>quod</strong></span> <span class='ocrx_word' id='word_1_207' title='bbox 948 3827 1052 3892; x_wconf 88' lang='lat' dir='ltr'><strong>adhue</strong></span> <span class='ocrx_word' id='word_1_208' title='bbox 1071 3827 1178 3891; x_wconf 85' lang='lat' dir='ltr'><strong>faeere</strong></span> <span class='ocrx_word' id='word_1_209' title='bbox 1200 3824 1332 3903; x_wconf 83' lang='lat' dir='ltr'><strong>intendo,</strong></span> 
     </span>
     <span class='ocr_line' id='line_1_28' title="bbox 151 3926 1334 4009; baseline 0 -20"><span class='ocrx_word' id='word_1_210' title='bbox 151 3926 210 3990; x_wconf 91' lang='lat' dir='ltr'><strong>nisi</strong></span> <span class='ocrx_word' id='word_1_211' title='bbox 234 3944 283 3990; x_wconf 86' lang='lat' dir='ltr'><strong>rna</strong></span> <span class='ocrx_word' id='word_1_212' title='bbox 307 3931 339 3990; x_wconf 91' lang='lat' dir='ltr'><strong>et</strong></span> <span class='ocrx_word' id='word_1_213' title='bbox 370 3946 439 3992; x_wconf 89' lang='lat' dir='ltr'><strong>mea</strong></span> <span class='ocrx_word' id='word_1_214' title='bbox 461 3927 592 3992; x_wconf 87' lang='lat' dir='ltr'><strong>servitia</strong></span> <span class='ocrx_word' id='word_1_215' title='bbox 621 3927 747 3992; x_wconf 84' lang='lat' dir='ltr'><strong>nolletis</strong></span> <span class='ocrx_word' id='word_1_216' title='bbox 770 3935 946 4009; x_wconf 84' lang='lat' dir='ltr'><strong>acceptare.</strong></span> <span class='ocrx_word' id='word_1_217' title='bbox 990 3928 1037 3993; x_wconf 90' lang='lat' dir='ltr'><strong>De</strong></span> <span class='ocrx_word' id='word_1_218' title='bbox 1060 3927 1175 4009; x_wconf 88' lang='lat' dir='ltr'><strong>quibus</strong></span> <span class='ocrx_word' id='word_1_219' title='bbox 1197 3927 1334 3992; x_wconf 89' lang='lat' dir='ltr'><strong>omnibns</strong></span> 
     </span>
     <span class='ocr_line' id='line_1_29' title="bbox 149 4025 1330 4110; baseline 0 -21"><span class='ocrx_word' id='word_1_220' title='bbox 149 4026 261 4091; x_wconf 86' lang='lat' dir='ltr'><strong>nobilis</strong></span> <span class='ocrx_word' id='word_1_221' title='bbox 283 4025 399 4108; x_wconf 76' lang='lat' dir='ltr'><strong>Hynlso</strong></span> <span class='ocrx_word' id='word_1_222' title='bbox 421 4027 461 4092; x_wconf 92' lang='lat' dir='ltr'><strong>do</strong></span> <span class='ocrx_word' id='word_1_223' title='bbox 483 4027 633 4106; x_wconf 81' lang='lat' dir='ltr'><strong>Waldek,</strong></span> <span class='ocrx_word' id='word_1_224' title='bbox 657 4027 757 4092; x_wconf 90' lang='lat' dir='ltr'><strong>fidelis</strong></span> <span class='ocrx_word' id='word_1_225' title='bbox 780 4047 868 4094; x_wconf 88' lang='lat' dir='ltr'><strong>meus</strong></span> <span class='ocrx_word' id='word_1_226' title='bbox 890 4028 1041 4106; x_wconf 76' lang='lat' dir='ltr'><strong>dilectae,</strong></span> <span class='ocrx_word' id='word_1_227' title='bbox 1064 4027 1226 4093; x_wconf 85' lang='lat' dir='ltr'><strong>exhibitor</strong></span> <span class='ocrx_word' id='word_1_228' title='bbox 1248 4043 1330 4110; x_wconf 90' lang='lat' dir='ltr'><strong>prae·</strong></span> 
     </span>
     <span class='ocr_line' id='line_1_30' title="bbox 149 4126 1328 4208; baseline -0.002 -16"><span class='ocrx_word' id='word_1_229' title='bbox 149 4129 295 4206; x_wconf 82' lang='lat' dir='ltr'><strong>sentium,</strong></span> <span class='ocrx_word' id='word_1_230' title='bbox 319 4127 385 4192; x_wconf 87' lang='lat' dir='ltr'><strong>Ser.</strong></span> <span class='ocrx_word' id='word_1_231' title='bbox 411 4129 487 4192; x_wconf 66' lang='lat' dir='ltr'>Vf⁸¹¹¹</span> <span class='ocrx_word' id='word_1_232' title='bbox 510 4128 624 4193; x_wconf 88' lang='lat' dir='ltr'><strong>elarius</strong></span> <span class='ocrx_word' id='word_1_233' title='bbox 646 4128 842 4207; x_wconf 80' lang='lat' dir='ltr'><strong>insonnabit,</strong></span> <span class='ocrx_word' id='word_1_234' title='bbox 866 4130 916 4194; x_wconf 86' lang='lat' dir='ltr'><strong>eui</strong></span> <span class='ocrx_word' id='word_1_235' title='bbox 938 4126 1030 4192; x_wconf 90' lang='lat' dir='ltr'><strong>fidem</strong></span> <span class='ocrx_word' id='word_1_236' title='bbox 1052 4126 1206 4193; x_wconf 89' lang='lat' dir='ltr'><strong>adbibere</strong></span> <span class='ocrx_word' id='word_1_237' title='bbox 1229 4127 1328 4208; x_wconf 81' lang='lat' dir='ltr'><strong>digne·</strong></span> 
     </span>
     <span class='ocr_line' id='line_1_31' title="bbox 149 4225 1330 4310; baseline -0.001 -20"><span class='ocrx_word' id='word_1_238' title='bbox 149 4228 224 4291; x_wconf 86' lang='lat' dir='ltr'><strong>mini</strong></span> <span class='ocrx_word' id='word_1_239' title='bbox 247 4246 304 4309; x_wconf 93' lang='lat' dir='ltr'><strong>pro</strong></span> <span class='ocrx_word' id='word_1_240' title='bbox 326 4228 385 4293; x_wconf 87' lang='lat' dir='ltr'><strong>hae</strong></span> <span class='ocrx_word' id='word_1_241' title='bbox 408 4229 475 4293; x_wconf 89' lang='lat' dir='ltr'><strong>viee</strong></span> <span class='ocrx_word' id='word_1_242' title='bbox 497 4246 556 4310; x_wconf 91' lang='lat' dir='ltr'><strong>per</strong></span> <span class='ocrx_word' id='word_1_243' title='bbox 578 4227 683 4293; x_wconf 89' lang='lat' dir='ltr'><strong>omnia</strong></span> <span class='ocrx_word' id='word_1_244' title='bbox 705 4228 898 4294; x_wconf 86' lang='lat' dir='ltr'><strong>ereditivam.</strong></span> <span class='ocrx_word' id='word_1_245' title='bbox 922 4229 1037 4293; x_wconf 87' lang='lat' dir='ltr'><strong>Datum</strong></span> <span class='ocrx_word' id='word_1_246' title='bbox 1059 4228 1092 4291; x_wconf 93' lang='lat' dir='ltr'><strong>im</strong></span> <span class='ocrx_word' id='word_1_247' title='bbox 1115 4227 1267 4308; x_wconf 83' lang='lat' dir='ltr'><strong>Rudnicz,</strong></span> <span class='ocrx_word' id='word_1_248' title='bbox 1287 4225 1330 4290; x_wconf 88' lang='lat' dir='ltr'><strong>die</strong></span> 
     </span>
     <span class='ocr_line' id='line_1_32' title="bbox 149 4328 973 4410; baseline 0.005 -19"><span class='ocrx_word' id='word_1_249' title='bbox 149 4328 303 4393; x_wconf 80' lang='lat' dir='ltr'><strong>dominico</strong></span> <span class='ocrx_word' id='word_1_250' title='bbox 328 4330 469 4410; x_wconf 86' lang='lat' dir='ltr'><strong>proximo</strong></span> <span class='ocrx_word' id='word_1_251' title='bbox 492 4336 565 4393; x_wconf 89' lang='lat' dir='ltr'><strong>ante</strong></span> <span class='ocrx_word' id='word_1_252' title='bbox 589 4329 649 4391; x_wconf 71' lang='lat' dir='ltr'><strong>Mu·</strong></span> <span class='ocrx_word' id='word_1_253' title='bbox 676 4329 891 4408; x_wconf 80' lang='lat' dir='ltr'><strong>blagdalenae.</strong></span> <span class='ocrx_word' id='word_1_254' title='bbox 967 4381 973 4395; x_wconf 94' lang='lat'>.</span> 
     </span>
    </p>
   </div>
   <div class='ocr_carea' id='block_1_8' title="bbox 348 4446 1330 4629">
    <p class='ocr_par' dir='ltr' id='par_1_8' title="bbox 348 4446 1330 4629">
     <span class='ocr_line' id='line_1_33' title="bbox 348 4446 1330 4529; baseline -0.004 -18"><span class='ocrx_word' id='word_1_255' title='bbox 348 4447 376 4511; x_wconf 86' lang='lat' dir='ltr'><strong>S.</strong></span> <span class='ocrx_word' id='word_1_256' title='bbox 411 4448 446 4509; x_wconf 82' lang='lat' dir='ltr'><strong>V.</strong></span> <span class='ocrx_word' id='word_1_257' title='bbox 485 4447 609 4512; x_wconf 88' lang='lat' dir='ltr'><strong>humilis</strong></span> <span class='ocrx_word' id='word_1_258' title='bbox 651 4447 832 4528; x_wconf 83' lang='lat' dir='ltr'><strong>capellanus</strong></span> <span class='ocrx_word' id='word_1_259' title='bbox 872 4446 1036 4513; x_wconf 78' lang='lat' dir='ltr'><strong>Corradus</strong></span> <span class='ocrx_word' id='word_1_260' title='bbox 1075 4446 1330 4529; x_wconf 80' lang='lat' dir='ltr'><strong>drobiepiseopua</strong></span> 
     </span>
     <span class='ocr_line' id='line_1_34' title="bbox 431 4547 1077 4629; baseline -0.002 -18"><span class='ocrx_word' id='word_1_261' title='bbox 431 4549 598 4628; x_wconf 81' lang='lat' dir='ltr'><strong>l‘ragensis</strong></span> <span class='ocrx_word' id='word_1_262' title='bbox 621 4547 814 4629; x_wconf 87' lang='lat' dir='ltr'><strong>apostolieae</strong></span> <span class='ocrx_word' id='word_1_263' title='bbox 836 4547 921 4612; x_wconf 85' lang='lat' dir='ltr'><strong>sedis</strong></span> <span class='ocrx_word' id='word_1_264' title='bbox 944 4549 1077 4628; x_wconf 85' lang='lat' dir='ltr'><strong>legatus.</strong></span> 
     </span>
    </p>
   </div>
   <div class='ocr_carea' id='block_1_9' title="bbox 0 0 1500 5258">
    <p class='ocr_par' dir='ltr' id='par_1_9' title="bbox 0 0 1500 5258">
     <span class='ocr_line' id='line_1_35' title="bbox 0 0 1500 5258; baseline 0 2"><span class='ocrx_word' id='word_1_265' title='bbox 0 0 1500 5258; x_wconf 95' lang='lat' dir='ltr'><strong> </strong></span> 
     </span>
    </p>
   </div>
  </div>
 </body>
</html>
