2992 5258
482 434 505 485 a.
541 431 655 485 Articuli
674 431 708 484 de
727 438 894 485 sacramento
913 431 1016 485 allana

735 731 772 804 3.

151 955 340 1066 Zbynco
361 956 711 1063 archiepiscopus
732 953 960 1066 Pragensis
992 955 1187 1063 publicat
1219 985 1347 1065 quos-

297 1090 398 1173 dam
429 1090 630 1172 articulos
662 1088 715 1170 de
746 1100 1013 1171 sacramento
1046 1090 1203 1170 altaris.

599 1337 722 1404 (Pragae,
741 1337 807 1389 1406
825 1352 845 1390 s.
864 1336 902 1403 d.)

149 1624 182 1676 E
201 1624 262 1677 MS.
283 1618 516 1691 Vienn.311t9,s.
537 1618 590 1674 193
606 1638 644 1689 sq.
680 1623 707 1674 It
734 1621 870 1690 Stephani
880 1623 986 1690 prioris
1000 1622 1103 1675 Dolon.
1118 1622 1246 1675 Medulla
1264 1622 1350 1673 tritici

149 1725 174 1757 s.
196 1706 361 1775 Antiadalej
376 1707 412 1759 ab
430 1725 495 1759 ann.
514 1704 596 1765 1408,
614 1707 644 1757 in
654 1705 690 1758 B.
702 1705 758 1757 Pet
776 1705 904 1756 thesauro
917 1705 1042 1760 anecdot.
1060 1723 1119 1757 nov.
1133 1704 1153 1758 I
1159 1704 1189 1767 V,
1207 1705 1234 1766 2,
1245 1721 1274 1774 p.
1285 1703 1348 1758 158.

257 2043 381 2125 Sbyneo
412 2042 464 2106 dei
497 2043 600 2124 gratia
632 2049 760 2107 sanctae
794 2043 964 2124 Pragensis
997 2042 1150 2107 eeclesiae
1191 2042 1346 2123 archiepi-

149 2163 282 2227 scopus,
305 2144 498 2226 apostolicae
515 2143 600 2208 sedis
616 2143 748 2224 legatus.
777 2143 857 2222 Quia
879 2143 1006 2226 capitali
1030 2143 1130 2207 nostri
1151 2142 1347 2223 aliorumque

148 2246 379 2326 magistrorum
400 2246 432 2309 in
447 2245 607 2325 theologia
622 2249 655 2308 et
668 2244 833 2310 doctorum
852 2245 934 2326 juris
956 2243 1098 2308 canonici
1121 2245 1364 2309 communicato¹

151 2346 297 2425 eonsilio,
321 2345 520 2410 decrevimus
536 2351 641 2410 certos
657 2346 808 2410 articulos
824 2347 855 2409 in
871 2344 1004 2410 materia
1030 2353 1218 2410 sacramenti
1240 2345 1349 2410 altaris

151 2446 339 2528 nuperrime
370 2445 494 2509 decisos
530 2450 562 2511 et
601 2445 806 2511 detruncatos
846 2446 964 2511 nostris
1000 2445 1135 2511 subditis
1171 2445 1363 2528 publicarez.

153 2552 352 2639 quapropter
381 2546 525 2611 omnibus
555 2554 588 2611 et
617 2546 749 2628 singulis
778 2545 1051 2629 praedicatoribus
1081 2546 1169 2612 verbi
1200 2547 1250 2611 dei
1288 2565 1347 2629 per

154 2646 316 2711 civitatem
337 2647 529 2728 Pragensem
552 2647 733 2712 constitutis
756 2647 815 2711 sub
831 2647 937 2713 debito
953 2647 1154 2713 obedientiae
1170 2647 1348 2713 districtius

157 2747 349 2827 mandamns,
371 2753 527 2828 quatenus
549 2747 619 2828 ipso
642 2746 693 2810 die
715 2748 858 2829 corporis
881 2747 999 2812 Christi
1022 2753 1055 2814 et
1077 2766 1204 2829 semper
1219 2747 1347 2830 publice

160 2848 370 2925 pronunciare
392 2847 537 2912 debeatis
559 2847 704 2912 omnibns
725 2847 843 2912 vestris
865 2848 1072 2927 auditoribus,
1096 2847 1180 2929 quod
1192 2848 1349 2930 completa

167 2943 259 3011 lorma
280 2948 450 3014 verborum
473 2947 722 3012 consecrationis
743 2967 802 3029 per
823 2948 1020 3014 sacerdotem
1043 2966 1080 3012 cn
1104 2955 1180 3013 tunc
1195 2948 1227 3012 in
1243 2948 1348 3013 hostia

173 3047 343 3114 substantia
372 3049 463 3131 panis
483 3066 546 3112 non
570 3053 720 3127 remanet,
744 3048 800 3112 sed
824 3049 924 3114 solum
948 3068 1055 3113 verum
1079 3066 1195 3131 corpus
1218 3049 1347 3115 Christi.

175 3143 217 3211 Sic
245 3150 391 3215 similiter
413 3150 569 3232 completa
590 3150 689 3214 forma
711 3150 878 3214 vorborum
894 3169 990 3232 super
1006 3150 1143 3230 calicem,
1167 3150 1347 3215 substantia

175 3244 225 3310 rini
251 3267 313 3315 non
341 3256 492 3330 remanet,
522 3249 578 3314 sed
608 3251 736 3331 sanguis
763 3249 892 3315 Christi.
935 3249 1027 3314 Unde
1056 3250 1082 3314 si
1117 3249 1230 3331 aliquis
1264 3268 1346 3315 com·

173 3353 270 3423 pertus
297 3350 404 3431 fuerit,
433 3352 486 3433 qui
516 3350 612 3415 verbo
643 3351 694 3415 vel
716 3351 798 3416 sacto
821 3351 915 3415 aliter
937 3350 1052 3430 dicere,
1076 3368 1231 3430 asserere,
1255 3369 1346 3434 prae·

172 3443 266 3515 dicare
298 3452 348 3517 vel
382 3451 593 3533 dogmatisare
626 3451 759 3517 auderet
792 3453 842 3517 vel
874 3458 1106 3535 praesumeret,
1140 3451 1265 3533 publice
1297 3452 1347 3517 vol

166 3549 290 3628 occulte,
320 3551 501 3617 haereticus
524 3560 620 3624 esset,
651 3560 684 3616 et
706 3553 779 3617 talis
801 3572 859 3634 per
889 3571 947 3617 nos
967 3553 1040 3634 jure
1063 3550 1218 3617 suadente
1241 3551 1348 3617 taliter

161 3648 333 3724 puniretur,
363 3650 447 3733 quod
474 3652 544 3717 aliis
572 3653 685 3716 merito
716 3654 836 3734 poterit
858 3652 971 3718 cedere
994 3654 1025 3717 in
1050 3653 1235 3736 exemplum.
1280 3651 1347 3716 Nec

159 3743 246 3811 ultra
267 3749 395 3817 lemnam
411 3752 581 3816 verborum
596 3754 865 3834 praescriptorum
881 3753 920 3818 de
936 3755 1042 3835 glossa
1057 3761 1164 3818 vestra
1179 3753 1346 3834 quidquam
1409 3743 1411 3746 ’
1429 3783 1431 3786 <

155 3853 333 3925 apponatis.
380 3853 495 3917 Datum
517 3870 554 3917 κ.
577 3872 658 3918 anno
681 3853 797 3918 domini
824 3858 913 3920 1406.
