2992 5258
155 402 219 467 408
403 390 607 449 Controversiac
625 386 659 445 de
675 389 805 459 religione
823 390 852 445 in
868 388 1013 445 Bobenia:
1032 390 1104 445 1410.

156 606 248 684 patre
276 606 309 667 et
337 599 463 665 domino
486 597 524 661 D.
546 594 692 662 Jaroslao
721 595 871 677 episcopo
894 594 1079 677 Sareptensi
1108 613 1145 661 ac
1171 592 1344 683 honorabili

155 703 222 767 viro
245 702 287 766 M.
303 701 432 779 Lazaro,
454 697 620 763 literarum
634 697 881 791 apostolicarum
897 697 1054 779 scriptore
1070 702 1103 763 et
1117 695 1343 774 abbreviatore,

154 803 305 869 canonico
328 802 458 879 Pisano,
491 799 628 864 testibus
660 799 702 863 ad
735 799 910 879 praemissa
944 798 1063 865 vocatis
1097 797 1283 881 specialiter
1313 801 1343 861 et

154 904 283 985 rogatis.

250 1054 287 1107 Et
305 1068 354 1120 ego
371 1049 556 1105 Joannesdux
574 1047 608 1102 de
627 1046 724 1115 Sirekl,
734 1048 850 1102 clericus
867 1048 1050 1117 Trajecteusis
1074 1048 1201 1117 diocesis,
1220 1046 1342 1117 publicus

152 1138 301 1207 apostolica
318 1144 346 1192 et
358 1135 491 1204 imperiali
502 1133 663 1188 anctoritate
673 1134 804 1199 notarius,
822 1133 992 1202 praefatique
1009 1136 1087 1188 revmi
1110 1133 1197 1202 patris
1214 1131 1249 1186 D.
1261 1128 1344 1184 Oddo·

151 1223 193 1277 nis
211 1221 357 1276 cardinalis
375 1219 508 1288 praedicti
526 1216 703 1273 commissarii
720 1224 749 1272 et
766 1216 921 1285 hujusmodi
939 1233 1039 1274 causae
1053 1232 1144 1272 coram
1162 1232 1195 1271 eo
1213 1215 1302 1271 scribe
1316 1227 1343 1268 tc

716 1583 777 1658 29.

148 1812 414 1899 Universitas
440 1810 570 1896 studii
596 1809 827 1922 Pragcnsis
856 1811 1050 1894 consules
1077 1809 1342 1895 Viennenses

148 1960 289 2063 rogat,
322 1959 369 2030 ut
399 1945 456 2030 M.
489 1944 804 2058 Hieronymum
830 1943 1093 2057 Pragensem
1124 1945 1180 2029 ab
1208 1944 1342 2027 inimi-

388 2110 536 2166 corum
563 2082 831 2165 contumeliis
859 2079 1106 2165 defendant.

571 2271 684 2364 uagae,
703 2298 778 2364 1410,
796 2296 811 2348 a
829 2294 904 2363 Seps.
983 2363 987 2370 Ι

502 2599 546 2668 (E
560 2598 624 2654 Me.
649 2598 745 2654 vienn.
762 2595 848 2664 4909,
861 2599 886 2670 f.
903 2595 979 2667 119.)

351 2866 541 2937 Consulibus
564 2869 807 2936 Viennensibus.

251 3024 400 3090 Paratum
433 3022 572 3087 animum
594 3022 628 3086 in
649 3019 858 3104 beneplacitis
881 3021 1086 3103 complacere.
1131 3023 1216 3102 Quia
1237 3039 1343 3089 cursus

150 3125 333 3192 fluctuantis
356 3125 454 3191 seculi
477 3124 573 3190 variis
596 3121 764 3204 subjicitur
785 3122 920 3203 casibus,
944 3130 977 3188 et
998 3124 1091 3188 homo
1108 3126 1162 3205 qui
1178 3142 1344 3208 numquam

150 3228 182 3292 in
207 3227 318 3293 eodem
341 3233 427 3291 statu
449 3230 624 3307 permanet,
647 3223 794 3288 fortunae
810 3224 968 3289 curriculo
984 3230 1123 3290 rotatur:
1147 3227 1344 3310 omnipotens

150 3328 304 3408 dominus,
321 3328 369 3394 cui
386 3327 463 3391 nihil
480 3325 651 3391 casualiter
666 3325 802 3404 advenit,
819 3325 998 3390 hominibus
1016 3327 1145 3408 reliquit
1161 3329 1343 3409 remedium,

151 3436 186 3494 ut
213 3430 346 3495 rationis
377 3427 463 3492 ducti
485 3426 626 3507 consilio,
650 3424 842 3490 diffortuniis
865 3433 1027 3508 opponant
1049 3428 1294 3511 providentiam
1318 3435 1345 3495 et

152 3531 295 3596 caritatis
328 3528 462 3596 connexi
494 3528 635 3607 vinculo,
668 3526 763 3590 deum
794 3528 933 3595 habeant
965 3546 1042 3610 prae
1076 3531 1176 3594 oculis
1210 3539 1245 3598 et
1279 3546 1346 3600 sese

148 3632 292 3716 Justitiae
325 3630 499 3713 respiciant
535 3629 775 3711 complemento.
819 3630 903 3694 Ecce
938 3631 1176 3712 prudentissimi
1210 3636 1343 3702 dominil

149 3733 305 3798 dictorum
335 3731 482 3813 superius
513 3748 566 3795 res
596 3731 725 3812 ponitur
753 3731 793 3795 ad
822 3733 1002 3813 practicam,
1035 3733 1109 3813 quia
1130 3752 1224 3800 casus
1247 3737 1345 3820 inopi·

150 3841 243 3900 natus
272 3836 331 3900 sub
360 3832 539 3898 honorabili
567 3832 634 3897 viro
667 3832 709 3897 bl.
732 3833 927 3914 Hieronymo
950 3834 988 3899 dc
1010 3836 1123 3916 Frage,
1147 3837 1343 3917 Parisicnsis,

150 3934 367 4017 ColoniensiS,
402 3936 644 4002 Heldberiensis
681 3937 923 4002 universitatum
960 3939 1111 4019 magistro
1148 3943 1182 4004 et
1217 3947 1344 4007 nostrae

149 4036 365 4102 universitatis
387 4038 527 4103 membro
556 4038 653 4102 nobili
681 4043 713 4103 et
743 4036 856 4117 valido,
886 4038 1063 4105 horrendus
1085 4039 1241 4121 incubuit,
1265 4039 1354 4123 quod

149 4137 182 4202 iu
204 4142 311 4223 vestra
332 4137 460 4203 civitate
483 4156 546 4203 uon
562 4139 631 4202 zelo
654 4139 806 4218 caritatis,
831 4138 888 4202 sed
912 4140 1054 4206 rancoris
1079 4145 1112 4204 et
1133 4140 1285 4221 invidiae,
1308 4139 1356 4219 ab⁴

149 4237 306 4319 aliquibus
337 4239 496 4321 magistris
528 4243 560 4304 et
591 4238 792 4304 studentibus
823 4241 964 4322 graviter
988 4246 1042 4306 'est
1072 4241 1210 4306 invasus.
1255 4241 1343 4308 Unde

151 4338 297 4404 cordibus
327 4341 446 4406 nostris
472 4339 602 4421 grandis
624 4341 712 4406 illata
735 4348 785 4406 est
806 4342 947 4421 tristitia,
971 4359 1052 4423 quae
1075 4349 1204 4408 nostros
1226 4345 1343 4410 animos

150 4439 357 4507 conturbavit.
401 4442 603 4525 Quapropter
625 4451 765 4508 vestram
787 4441 950 4509 humiliter
966 4462 1112 4525 rogamus
1134 4444 1342 4526 prudentiam,

150 4558 190 4604 ex
218 4540 322 4607 animo
350 4544 577 4625 supplicantes
605 4551 761 4625 quatenus
789 4544 923 4626 praelati
955 4544 1099 4627 magistri
1133 4544 1343 4611 innocentiam

151 4638 337 4722 dignaretur
359 4645 498 4726 gratiose
522 4644 683 4728 respicere
707 4651 740 4712 et
761 4646 801 4713 ab
816 4646 987 4715 insultibus
1003 4666 1134 4714 snorum
1148 4648 1342 4716 inimicorum
