2992 5258
150 395 211 457 240
363 388 435 441 Petri
453 387 486 440 cle
504 387 680 441 hlladcnowic
697 387 793 440 relatio
811 387 844 440 da
862 387 900 441 hl.
918 388 944 441 J.
962 388 1021 443 llus
1039 403 1134 444 causa:

150 590 309 655 Wilhclmi
336 590 376 654 de
400 587 635 667 Wartemberk‚
657 587 735 652 alias
758 586 799 652 de
820 587 1030 670 Zwierzeticz‚
1052 589 1192 669 sigillata
1213 596 1247 656 et
1269 595 1345 673 post

151 690 374 775 praesentibus
396 689 566 754 inserenda
588 689 703 753 clarius
727 688 919 753 continetur.

249 806 397 873 Ceterum
432 804 515 870 facta
546 805 642 886 plena
673 806 920 885 congregatione
953 824 1010 871 seu
1043 808 1162 889 synodo
1195 809 1345 875 incuria

148 907 411 990 arcluiepiscopali
437 907 589 985 Pragensi
616 906 714 970 totius
745 906 822 970 cleri
855 912 888 970 et
913 906 1127 988 praelatorum
1149 908 1226 973 dicti
1248 908 1344 991 regni

149 1010 329 1088 Bohemiae‚
359 1005 616 1072 dictushl..loan.
630 1006 699 1070 Hus
720 1007 806 1071 misit
828 1013 1068 1088 procuratorem
1089 1026 1181 1073 suum
1202 1009 1343 1075 honora·

149 1112 245 1179 bilem
258 1110 360 1175 virum
375 1107 418 1174 M.
426 1107 452 1172 J
454 1123 588 1171 oannem
597 1107 618 1170 J
620 1106 754 1185 esenicz‚
767 1106 968 1173 decretorum
976 1108 1148 1189 doctorem,
1162 1110 1203 1175 ad
1218 1109 1340 1176 dictam

148 1212 270 1278 curiam
291 1205 592 1289 archiepiscopalem
614 1207 822 1287 Pragensem,
852 1213 965 1287 petens
987 1226 1022 1273 se
1049 1229 1109 1291 per
1129 1228 1164 1274 se
1187 1228 1246 1274 seu
1268 1227 1345 1291 pro·

149 1317 330 1378 curatorem
351 1325 442 1372 suum
462 1305 586 1371 admitti
596 1304 637 1370 ad
657 1305 883 1385 requirendum
904 1325 1013 1373 omnes
1036 1314 1069 1374 et
1089 1309 1233 1389 singulos
1249 1328 1345 1392 prae·

150 1413 233 1478 latos
268 1409 346 1474 dicti
377 1406 484 1487 regni,
517 1403 601 1487 quod
635 1405 663 1468 si
694 1405 808 1486 aliquis
830 1425 870 1471 ex
892 1406 939 1471 eis
960 1408 1021 1472 scit
1041 1408 1178 1489 aliquem
1201 1426 1348 1475 errorem

151 1512 203 1577 vel
224 1508 383 1576 haeresim
404 1524 501 1588 super
522 1505 607 1569 dicto
628 1504 671 1569 M.
693 1505 784 1568 Joan.
806 1504 893 1585 nus,
916 1505 1000 1586 quod
1021 1525 1057 1571 se
1078 1508 1220 1590 publicet
1241 1508 1347 1573 etin·

156 1611 276 1677 scribat
299 1609 390 1691 juxta
418 1604 585 1671 canonicas
614 1605 803 1669 sanctiones,
842 1605 902 1682 Qui
931 1611 1037 1672 tamen
1056 1607 1100 1673 M.
1120 1608 1264 1674 Ioannes
1284 1625 1348 1673 nee

151 1731 210 1794 per
245 1728 297 1789 se,
326 1726 386 1773 nec
414 1723 471 1788 per
503 1710 743 1786 procuratorem
765 1722 859 1768 suum
880 1704 921 1769 ad
942 1704 1058 1771 dictam
1080 1708 1199 1772 curIam
1219 1708 1348 1774 archie-

150 1810 342 1895 piscopalem
375 1825 432 1872 seu
466 1805 508 1870 ad
536 1803 729 1870 audientiam
750 1812 783 1869 et
812 1805 1053 1886 requisitionem
1074 1806 1251 1873 faciendam
1266 1826 1347 1890 qno-

147 1911 325 1978 modolibet
338 1914 388 1973 est
409 1907 575 1986 admissus,
597 1912 633 1969 ut
653 1905 712 1970 hoc
727 1904 809 1970 idem
825 1906 970 1971 etiamen
983 1908 1194 1974 instrumento
1210 1909 1343 1992 publico

150 2011 322 2096 superinde
343 2007 486 2075 coniecto
508 2012 541 2071 et
555 2004 777 2089 praesentibus
797 2005 967 2073 inserendo
990 2008 1074 2074 clare
1088 2014 1187 2091 patet.

248 2198 282 2258 In
297 2195 413 2255 nomine
429 2187 538 2252 domini
553 2193 654 2251 Amen.
682 2193 767 2250 Anno
783 2193 942 2252 nativitatis
965 2194 1096 2267 ejusdem
1110 2194 1347 2269 MCCOCXIIII,

150 2297 311 2358 indictione
351 2294 489 2366 septima,
522 2290 570 2351 die
595 2292 712 2362 Lunae,
743 2293 882 2352 vicesima
915 2295 1040 2365 septima
1067 2294 1177 2353 mensis
1210 2294 1349 2371 Augusti,

152 2399 226 2458 hora
253 2396 404 2456 tertiarum
435 2393 482 2452 vel
512 2393 615 2466 quasi,
647 2390 832 2465 pontificatus
862 2395 1037 2454 sanctissimi
1057 2396 1088 2454 in
1111 2394 1229 2455 christo
1251 2397 1348 2468 patris

150 2506 183 2558 et
208 2496 317 2557 domini
348 2494 442 2552 nostri
470 2493 507 2554 D.
529 2493 651 2551 Joannis
678 2493 776 2551 diviua
804 2494 990 2564 providentia
1011 2511 1105 2567 papae
1128 2495 1240 2567 XXIII,
1262 2511 1343 2555 anuo

152 2599 245 2671 ipsius
281 2596 389 2669 quinto,
419 2594 448 2652 in
477 2591 588 2651 Minori
616 2592 731 2651 civitate
764 2593 907 2666 Progensi
938 2601 1006 2653 ante
1040 2594 1149 2654 curiam
1181 2595 1348 2667 archiepis·

151 2697 285 2769 copulem
305 2696 491 2768 Pragcnsem,
517 2693 762 2751 reverendissimo
789 2693 820 2751 in
843 2694 959 2752 Christo
982 2700 1066 2766 patre
1089 2699 1120 2753 et
1139 2694 1175 2754 D.
1198 2694 1345 2773 Conrado,

153 2798 200 2857 dei
223 2796 318 2870 gratia
336 2793 557 2864 archiepiscopo
570 2792 712 2865 Pragcusi
734 2798 764 2850 et
784 2794 964 2864 apostolicae
987 2794 1066 2854 sedis
1087 2795 1194 2871 legato,
1217 2795 1345 2855 omnium

152 2907 183 2959 et
196 2896 374 2971 singulorum
390 2894 570 2952 dominorum
585 2891 729 2961 abbatum,
745 2893 882 2964 priorum,
895 2895 1139 2972 praepositorum,
1155 2896 1341 2965 decanorum,

151 2997 429 3063 archidiaconorum,
452 2992 699 3062 scholasticorum,
722 2993 927 3051 canonicorum
949 3000 980 3052 et
999 2993 1190 3066 plebanorum
1213 2994 1342 3067 singulo·

151 3113 271 3171 rumque
297 3093 494 3168 praelatorum
516 3092 641 3151 ciuitatis
664 3097 695 3150 et
722 3093 867 3151 dioecesis
894 3110 965 3152 suae
991 3094 1149 3168 Prageusis
1175 3094 1208 3152 in
1241 3093 1342 3154 eadem

151 3199 233 3260 curia
260 3212 313 3255 sua
340 3211 376 3254 ex
407 3194 493 3253 certis
515 3192 611 3251 causis
632 3192 792 3251 solemnem
814 3194 1050 3252 convocationem
1072 3193 1252 3264 celebrante,
1274 3184 1342 3253 eon·

151 3299 269 3359 stitutus
298 3294 496 3368 personaliter
526 3292 702 3350 venerabilis
734 3293 778 3351 vir
807 3300 838 3351 et
859 3293 894 3355 D.
915 3294 960 3352 Mr
983 3295 1110 3353 Joanues
1138 3294 1176 3352 de
1197 3293 1342 3364 Jeseuies,

151 3399 335 3458 decretorum
376 3394 496 3465 doctor,
536 3400 707 3464 procurator
748 3399 778 3451 et
812 3395 928 3462 nomine
969 3394 1171 3466 procuratorio
1215 3393 1343 3455 honora·

151 3498 220 3556 bilis
255 3496 311 3555 viri
346 3498 375 3552 et
402 3493 437 3552 D.
465 3493 506 3551 M.
532 3492 657 3553 Ioannis
684 3492 747 3552 Hus
783 3494 819 3552 de
848 3494 1001 3565 Husineca,
1037 3509 1138 3552 sacrae
1173 3493 1343 3569 theologiae

150 3595 308 3655 baccalarii
329 3592 452 3660 formati,
481 3593 517 3650 de
544 3595 626 3665 cujus
653 3595 867 3664 procurationis
896 3595 1031 3653 mandato
1059 3595 1129 3653 mihi
1149 3595 1266 3654 nummo
1288 3612 1343 3669 pu·

151 3696 229 3755 blico
249 3693 437 3764 Infrascripto
459 3698 574 3751 constat
595 3692 780 3764 sufficienter,
810 3694 847 3753 ad
870 3694 981 3753 valvam
1003 3711 1056 3753 seu
1077 3694 1184 3752 ostium
1207 3695 1341 3769 ejusdem

152 3797 249 3857 curiae
271 3793 530 3866 archIepiscopalis
552 3792 681 3865 pulsans,
704 3793 824 3864 petebat
845 3794 952 3853 dictum
966 3795 1008 3853 M.
1030 3795 1173 3853 Ioannem
1193 3793 1344 3857 domiuum

152 3913 235 3955 suum
259 3894 306 3953 vel
328 3910 360 3952 sc
381 3893 497 3951 nomine
520 3893 590 3951 dicti
611 3893 652 3951 M.
666 3894 753 3955 Joan.
775 3894 837 3952 Hus
867 3894 902 3953 de
925 3895 1071 3954 Husineoz
1099 3892 1209 3953 domiui
1238 3896 1287 3955 sui
1306 3894 1345 3955 ad

151 3995 276 4056 eandem
311 3993 420 4054 curiam
455 3988 733 4065 archiepiscopalem
768 3994 806 4052 ad
843 3996 1039 4066 praesentiam
1074 3995 1145 4055 dicti
1174 3995 1210 4053 D.
1238 3994 1344 4055 Archi-

152 4095 285 4169 episoopi
307 4100 336 4153 et
357 4094 553 4166 praelatorum
576 4102 645 4152 tunc
665 4094 774 4153 ibidem
796 4104 1037 4169 congregatorum
1059 4094 1213 4154 intromitti
1239 4111 1279 4155 ex
1299 4110 1344 4167 eo,

153 4198 220 4271 qula
247 4196 311 4267 ipse
340 4195 385 4252 llIr
412 4194 543 4252 Ioannes
572 4194 634 4252 Hus
668 4200 788 4266 paratus
820 4202 901 4254 esset
932 4196 969 4254 ad
1003 4193 1233 4255 satisfactionem
1266 4194 1345 4261 omni

152 4297 285 4369 poscenti
312 4311 376 4352 eum
406 4293 530 4353 reddere
559 4294 702 4352 rationem
729 4294 768 4353 de
798 4311 842 4366 ea,
866 4311 939 4368 quiae
960 4296 992 4353 iu
1013 4310 1049 4353 eo
1071 4301 1125 4365 est
1147 4292 1205 4353 fide
1227 4300 1260 4354 et
1280 4310 1342 4367 spe,
1364 4299 1369 4307 '

152 4402 183 4454 et
203 4396 241 4454 ad
261 4395 415 4455 videndum
437 4401 467 4453 et
488 4395 662 4454 audiendum
685 4413 784 4454 omncs
807 4402 837 4454 ct
858 4397 987 4469 singulos
1008 4403 1078 4454 tuuc
1094 4396 1205 4455 ibidem
1220 4411 1345 4469 cougre-

151 4500 244 4567 gatos,
274 4496 369 4566 ipsum
400 4496 537 4554 videlicet
568 4495 604 4557 D.
633 4497 894 4568 Archiepiscopum
931 4503 959 4555 et
994 4497 1144 4569 praelatos
1180 4503 1209 4556 et
1246 4512 1346 4569 qnem-

151 4593 226 4654 Iibet
250 4611 364 4671 eorum,
387 4597 436 4671 qui
466 4596 574 4655 erroris
601 4597 791 4667 pertinaciam
820 4596 865 4656 rol
888 4596 1032 4658 haeresim
1055 4614 1264 4671 quamcumque
1285 4594 1344 4665 sibi
