2992 5258
472 421 513 473 69.
535 421 665 488 Anonymi
686 420 781 473 literar·
799 420 833 474 de
850 436 924 475 curre.
943 422 1031 476 const.

722 717 783 791 co.
1080 823 1084 830 Ι
1282 744 1290 781 r

149 935 370 1050 Anonymi
397 940 546 1023 literae
573 940 626 1024 de
647 941 774 1025 rebus
801 945 938 1054 gestis
965 945 1009 1027 in
1036 946 1216 1029 concilio
1235 943 1350 1028 Oun-

198 1077 424 1158 stantiensi
451 1088 553 1184 post
579 1077 728 1188 sugam
754 1106 898 1187 papae
925 1078 1109 1163 Joannis
1136 1076 1304 1162 XXIII.

560 1325 743 1394 Constantine,
763 1327 837 1393 1415,
854 1329 871 1379 2
887 1327 954 1395 Apr.

433 1625 477 1689 (a
493 1623 553 1679 MS.
574 1623 667 1679 Musei
685 1624 756 1678 Boiu.
775 1625 802 1687 4,
822 1627 861 1682 D.
881 1626 924 1688 12,
937 1627 994 1697 sol.
1009 1625 1071 1693 93.)

254 1926 331 1992 Post
353 1944 515 1992 recessum
538 1928 575 1992 D.
598 1929 702 2010 Papae
727 1928 957 1995 clandestinum
982 1930 1021 1995 de
1044 1931 1232 2003 Constantia
1254 1933 1353 1999 domi·

151 2025 225 2093 nica
245 2027 360 2093 ludica
382 2027 437 2111 (17
460 2030 579 2109 Mart),
613 2036 648 2093 ut
671 2037 760 2110 patet
782 2036 868 2108 ante,
895 2049 965 2094 curn
997 2029 1037 2094 de
1059 2031 1128 2095 llus
1150 2031 1247 2098 luerit
1270 2036 1353 2115 peri·

152 2128 268 2205 culum,
291 2147 331 2193 ue
347 2130 530 2210 eriperetur
546 2129 584 2194 de
608 2129 790 2196 carceribus
807 2130 927 2196 ordinis
950 2130 1217 2212 Praedicatorum
1241 2134 1352 2199 situati

151 2229 238 2295 ultra
266 2247 374 2296 muros
396 2231 543 2304 civitatis,
574 2233 648 2312 quia
670 2233 820 2298 custodes
837 2234 904 2314 jam
927 2238 1017 2298 erant
1040 2233 1133 2315 pauci
1156 2241 1189 2299 ot
1211 2235 1353 2299 remissi:

152 2330 210 2397 sed
243 2350 282 2396 ex
304 2332 470 2413 diligentia
499 2332 584 2398 lacta
616 2341 649 2398 et
671 2334 809 2399 clamore
843 2334 1017 2398 zelatorum
1040 2332 1128 2413 fidei,
1163 2351 1201 2398 ex
1224 2334 1354 2400 decreto

156 2432 282 2497 concilii
315 2438 540 2514 praesentatus
574 2441 624 2498 est
652 2434 692 2497 ad
726 2433 882 2513 quoddam
915 2442 1053 2498 castrum
1077 2442 1109 2497 et
1141 2432 1180 2499 ad
1210 2453 1355 2500 carceres

152 2531 189 2596 D.
219 2532 371 2614 Episcopi
403 2532 556 2598 ordinarii
589 2534 859 2609 constantiensis3
889 2534 944 2614 qui
972 2533 1130 2598 dominica
1159 2534 1293 2600 Domine
1314 2553 1355 2599 ne

153 2631 250 2714 longe
273 2633 459 2715 (alunt),
484 2634 564 2697 bora
587 2635 676 2714 quasi
700 2643 813 2714 quiarta
834 2633 948 2712 ucetia,
961 2652 1030 2699 curu
1055 2638 1115 2698 lib
1136 2634 1204 2698 lere
1225 2636 1355 2700 armatis

148 2733 187 2797 ad
224 2751 321 2797 rutrum
342 2741 482 2798 castrum
505 2754 575 2799 eum
599 2739 691 2798 extra
713 2736 874 2799 civitatem
897 2735 1042 2812 deduxit3
1070 2736 1121 2799 ubi
1145 2736 1227 2799 bene
1250 2744 1355 2800 custo·

155 2831 242 2897 ditur
265 2840 298 2897 et
320 2834 351 2897 in
368 2833 572 2915 compedibus
590 2835 640 2898 die
664 2843 823 2915 noctuque
851 2835 1038 2912 vinculatur,
1062 2842 1095 2900 et
1117 2834 1156 2900 de
1178 2843 1273 2901 nocte
1295 2836 1354 2899 sibi

154 2933 298 2999 manicae
320 2934 444 3000 terreae
459 2942 672 3017 apponuntur.
697 2935 760 2999 Sed
781 2935 905 3016 justitia
921 2936 1006 3000 circa
1029 2955 1099 2999 curn
1122 2954 1185 3001 non
1208 2936 1268 3001 luit
1282 2955 1355 3000 ene·

153 3040 242 3113 outa,
276 3035 383 3100 multis
406 3054 463 3117 pro
486 3036 540 3100 illo
577 3035 837 3113 acclamantibus,
871 3035 944 3115 quia
972 3035 1085 3099 nolunt
1119 3035 1356 3117 interrumpere

153 3135 319 3200 materiam
345 3129 486 3217 unionis,
518 3145 551 3202 et
580 3144 732 3219 exparte
756 3137 793 3200 D.
821 3136 996 3218 Apostolici
1015 3137 1080 3218 jam
1103 3142 1259 3202 tractatus
1281 3154 1352 3201 cur-

154 3242 274 3302 rentes.
318 3238 379 3302 Pro
402 3236 502 3321 ipsius
529 3246 635 3303 tamen
666 3237 855 3302 liberatione
884 3236 1049 3301 laboratur
1068 3237 1132 3318 jani
1154 3237 1354 3302 incessanter

153 3335 240 3418 apud
261 3355 369 3418 regem
397 3357 455 3418 per
477 3337 515 3402 D.
538 3339 694 3404 loannem
715 3337 860 3419 Keplram
883 3346 915 3401 et
938 3337 1118 3401 Lacembolr
1140 3345 1174 3403 et
1193 3338 1351 3402 loannem

154 3433 371 3516 cardinalem3
401 3457 551 3521 proquo
585 3439 681 3505 etiarn
713 3440 850 3505 barones
883 3446 954 3504 octo
977 3439 1016 3503 dc
1039 3438 1196 3516 limonia,
1230 3437 1292 3502 duo
1316 3438 1355 3503 de

152 3536 317 3617 Bobemia,
340 3537 377 3603 D.
400 3539 480 3619 Regi
502 3539 706 3622 scripserunt
729 3537 838 3618 ardue,
861 3544 897 3603 ut
911 3539 1032 3603 saluum
1055 3557 1145 3602 suum
1167 3537 1355 3603 conductum

154 3642 273 3716 teneat,
296 3644 330 3702 ot
350 3639 454 3720 ipsum
476 3637 598 3704 absolvi
623 3639 782 3704 instanter
804 3639 989 3720 rogitantes.
1034 3638 1096 3703 Sed
1119 3646 1225 3702 tamen
1247 3638 1354 3703 adbuc

153 3736 199 3802 nil
220 3737 392 3819 proficiunt
424 3757 493 3804 cum
515 3741 582 3805 suis
611 3740 737 3806 astutiis
760 3740 905 3805 omnibus
929 3748 962 3804 et
983 3739 1171 3818 mendaciiS,
1205 3746 1239 3804 et
1259 3756 1354 3821 spero

153 3838 240 3921 quod
260 3858 324 3905 non
346 3839 529 3922 proficient,
552 3840 612 3907 deo
635 3841 846 3907 correedente:
866 3839 944 3920 ,quia
966 3845 1100 3922 propter
1121 3840 1191 3921 ejus
1213 3842 1352 3922 ereptio·

153 3956 227 4003 nern
249 3939 288 4003 D.
311 3940 378 4006 Rex
401 3959 477 4006 snae
500 3943 622 4023 gratiae
647 3940 831 4022 magnificae
853 3939 992 4017 indubie,
1016 3946 1051 4004 ut
1074 3938 1223 4019 creditur,
1248 3959 1354 4006 macu-

153 4039 216 4106 lam
238 4058 301 4106 nou
323 4043 474 4124 imponet,
497 4042 572 4107 licet
593 4041 763 4122 aliqnando
789 4058 847 4123 pro
869 4027 909 4105 eo
932 4058 968 4105 se
990 4040 1183 4121 interponat,
1206 4039 1354 4106 simulate

156 4149 192 4207 ut
213 4143 416 4222 aestimatur,
451 4138 592 4223 ipsorum
621 4143 866 4207 Wiclclistarum
893 4140 1134 4222 importunitate
1157 4140 1355 4222 impulsatus.
1449 4169 1457 4185 ·

256 4243 393 4326 Insuper
408 4244 525 4323 sciatis,
548 4244 589 4308 Μ.
603 4243 813 4309 Christannus
838 4242 897 4306 luit
913 4241 945 4304 in
968 4239 1156 4306 Constantia
1176 4249 1354 4307 arrestatus

155 4341 496 4426 perD.Michaelen1.
520 4344 697 4426 Oportebat
719 4344 803 4408 enim
827 4362 898 4408 eunr
922 4340 961 4406 ud
984 4341 1134 4405 articulos
1158 4348 1269 4407 contra
1284 4360 1355 4407 eum

154 4452 381 4527 praesentatos
403 4446 506 4511 medio
525 4446 706 4526 jnramento
723 4443 931 4526 respondere,
954 4460 1048 4506 manu
1072 4440 1201 4524 propria
1223 4459 1355 4524 respon-

153 4546 264 4611 siones
295 4546 439 4612 articulis
460 4545 672 4611 inscribendo.
717 4545 776 4623 Qui
811 4563 881 4609 cum
919 4542 1086 4625 petivisset
1116 4559 1151 4607 se
1172 4542 1293 4608 absolvi
1315 4543 1355 4608 ab

152 4646 382 4728 attestatione,
416 4653 449 4711 et
471 4647 573 4712 nuntii
606 4647 644 4710 D.
680 4645 774 4727 Regis
808 4645 1024 4710 Rornanorum
1048 4659 1106 4725 pro
1138 4661 1177 4709 eo
1209 4642 1356 4709 similiter
