2992 5258
153 396 215 463 472
396 352 601 445 Contromrsise
619 388 653 443 de
671 387 801 457 religione
819 388 847 441 in
863 385 1006 441 Bobsminr
1026 384 1099 439 ms.

725 685 778 758 ιι.
856 779 857 785 Ν

155 917 425 999 Documenta
456 913 509 995 de
540 912 730 1024 generali
758 910 926 1022 synodo
955 912 1073 1014 cleri,
1113 924 1348 992 convocata

167 1053 291 1160 jussu
317 1051 431 1162 regis
463 1059 584 1130 extra
611 1045 803 1130 ordinem
830 1045 888 1128 ad
914 1044 1127 1130 tollendas
1155 1044 1209 1128 de
1234 1042 1331 1126 reli·

525 1187 654 1295 gione
679 1183 976 1266 dissensiones.

370 1433 473 1500 Progne
491 1433 518 1486 in
536 1432 612 1487 curis
629 1430 833 1500 archiepiscopi,
852 1433 926 1497 1415,
944 1441 1037 1484 mense
1055 1427 1134 1482 Febr.

734 1801 772 1867 A.

320 2019 498 2086 Mandatum
523 2021 607 2102 reple
628 1963 823 2095 Wenoeeloi
845 2017 897 2082 dic
920 2019 941 2083 3
963 2017 1098 2082 tonuerit
1123 2018 1201 2082 1413.

129 2292 133 2301 Ι
164 2340 224 2401 (Ec
241 2339 376 2407 oripinoli
394 2346 537 2390 asservato
555 2339 586 2390 in
604 2335 728 2392 tabidior.
749 2336 926 2398 Treboncnei,
944 2345 970 2389 ct
990 2354 1003 2388 c
1020 2333 1102 2389 MSS.
1122 2333 1331 2404 compluribus.)

692 2488 701 2493 -
712 2486 798 2493 -..-.--
813 2487 852 2492 --

387 2640 462 2708 ,Rex
481 2639 573 2694 scribit
590 2637 801 2707 Arobiepiroopo
820 2644 848 2692 et
865 2637 972 2705 ceteris,
991 2643 1022 2692 ut
1038 2637 1202 2692 convenient
1217 2637 1246 2692 in
1264 2633 1346 2691 mou

453 2740 502 2792 nro
521 2722 696 2792 exstirpanda
713 2723 845 2780 haeresi·“

218 2944 223 2955 ·
255 2911 461 2987 wenceslaus
494 2911 544 2977 dei
573 2911 678 2992 gratis
705 2912 916 2976 Romanorum
949 2927 1007 2975 rex
1037 2928 1165 2991 semper
1192 2910 1349 2991 Augustus

152 3021 186 3077 et
208 3012 380 3078 Bohemiae
402 3032 468 3077 rex.
494 3013 662 3079 Universis
690 3018 722 3078 et
754 3012 888 3092 singulis
910 3010 1093 3092 abbatibus,
1115 3007 1347 3078 archidiaconis

53 3130 57 3135 ·
152 3115 355 3196 praepositis
379 3115 518 3193 decanis,
545 3112 715 3196 prioribus,
732 3112 1051 3191 commendatoribus,
1068 3111 1264 3193 guardianis,
1287 3111 1348 3193 ple·

152 3213 251 3295 banis
275 3233 421 3280 necnon
444 3215 562 3280 ceteris
575 3215 665 3296 regni
691 3214 793 3280 nostri
815 3213 988 3279 Bohemiae
1009 3212 1162 3295 praelatis
1185 3212 1348 3294 cujuscun-

152 3332 214 3397 que
238 3315 430 3381 eonditionis
452 3317 654 3394 exstiterint,
685 3321 748 3381 tam
777 3314 910 3379 exemtis
934 3333 1027 3396 quern
1050 3331 1115 3378 non
1136 3312 1293 3392 exemtis,
1313 3307 1347 3378 ei

151 3433 230 3496 quos
256 3421 444 3499 praesentes
476 3416 698 3497 pervenerint,
727 3415 843 3496 quique
878 3433 947 3480 cum
977 3413 1203 3496 praesentibus
1234 3413 1347 3480 inerint

152 3515 307 3597 requisiti,
324 3515 448 3581 devotis
464 3518 582 3581 nostris
602 3516 737 3596 dilectis,
759 3515 894 3598 gratiam
909 3521 1051 3581 nostram
1066 3520 1100 3580 et
1115 3532 1210 3581 omne
1225 3514 1344 3580 bonum.

251 3615 464 3681 Honorabiles
487 3616 594 3683 devoti
610 3616 733 3682 dilectit
757 3616 805 3680 Ad
820 3615 889 3696 hoc,
912 3622 948 3682 ut
963 3615 1116 3699 pestifera
1139 3613 1343 3682 dissensionis

150 3718 286 3783 materia
314 3719 347 3782 iu
376 3718 461 3782 clero
496 3719 586 3799 regni
619 3719 721 3785 nostri
754 3717 926 3784 Bohemise
952 3716 1069 3781 dudum
1091 3715 1236 3797 suborta,
1259 3713 1342 3797 cnjus

152 3823 322 3900 praetextu
348 3819 452 3901 ipsum
465 3878 469 3885 ,
483 3836 617 3899 regnum
640 3825 783 3885 nostrum
805 3824 838 3884 et
860 3817 928 3898 ejus
951 3816 1151 3898 regnicolue,
1174 3814 1297 3903 subditi
1316 3818 1344 3879 et

151 3918 262 3984 fideles
284 3920 388 3985 nostri
411 3919 528 3997 dilecti,
552 3920 636 4001 quod
658 3920 806 3985 dolenter
820 3918 996 3997 referimus,
1018 3919 1051 3983 in
1074 3917 1212 3983 diversis
1234 3913 1344 4001 princi·

151 4020 291 4101 petibus,
327 4019 418 4086 nobis
448 4026 480 4085 et
513 4038 649 4087 coronae
680 4019 770 4102 regni
801 4020 903 4085 nostri
925 4017 1096 4084 schemae
1118 4015 1341 4099 adjacentibus,

150 4126 247 4202 prout
270 4120 466 4202 accepimus,
496 4122 638 4202 graviter
659 4123 866 4199 infamantur,
897 4120 1041 4185 deleatur
1064 4124 1096 4183 et
1119 4117 1276 4183 radicitus
1298 4132 1343 4179 ex·

151 4222 324 4302 stirpetur:
354 4221 522 4286 annuimus
556 4230 589 4287 et
623 4239 811 4287 consensum
845 4228 989 4286 nostrum
1022 4219 1146 4301 regium
1169 4217 1342 4291 tribuimus,

150 4319 234 4402 quod
268 4321 459 4386 venerabilis
494 4321 659 4387 Comedus
695 4322 913 4388 Olomucensis
955 4329 986 4386 et
1018 4322 1160 4387 Joennes
1201 4321 1342 4398 Lutum·

151 4421 264 4486 slensis
288 4422 494 4487 ecclesiarum
518 4423 668 4505 episcopi,
691 4422 863 4489 consiliarii
887 4423 995 4488 devoti
1018 4421 1119 4487 nostri
1143 4420 1268 4501 dilecti,
1300 4435 1342 4485 os·

151 4523 262 4587 sumtis
276 4523 336 4586 sibi
354 4523 539 4588 doctoribus
553 4530 585 4588 et
600 4523 771 4605 magistris
787 4542 884 4606 super
900 4523 981 4588 sesto
996 4520 1228 4605 purificationis
1240 4522 1341 4589 berne

150 4622 271 4689 Mariae
297 4622 431 4702 virginis
454 4624 597 4707 proxime
621 4630 756 4688 venturo
785 4622 947 4706 (Heba),
975 4624 1006 4687 in
1029 4622 1136 4691 Broda
1157 4616 1341 4689 Bobemicnli
