2992 5258
446 386 510 441 Loci
528 386 648 455 insignes
666 401 699 440 ex
723 385 869 441 bohemicis
887 385 955 440 llusi
971 384 1057 440 libris.
1288 385 1349 452 727

155 585 189 642 de
206 601 289 643 causa
306 602 348 642 ms
360 588 456 644 sistere
474 586 556 655 uolui,
574 585 646 655 quod
659 585 702 641 dei
720 600 829 641 cansam
847 601 899 656 ago
911 590 1007 642 contra
1019 600 1125 654 popam,
1144 600 1233 653 neque
1247 585 1349 653 ignoro,

155 685 253 739 papam
268 686 298 727 se
310 672 397 740 ipsum
411 687 463 726 non
477 685 537 726 esse
555 670 806 738 condemnaturum
824 671 945 741 inprimis
963 675 1062 737 antem,
1080 668 1152 738 quod
1170 668 1230 737 ejus
1249 668 1350 737 expila-

155 753 259 809 toribus
276 755 372 823 restiti,
390 756 435 824 qui
453 770 513 809 cum
531 755 613 809 bullis
630 754 805 823 advenerunt,
824 761 855 808 ut
878 753 1007 824 populum
1025 753 1181 821 spoliarent.
1203 751 1351 818 [Adversus

155 836 323 893 sacerdotem
340 839 554 907 archimagirum,
572 838 619 905 lll,
638 840 706 906 252.)

729 1047 777 1108 13.

253 1225 391 1294 Episcopi,
414 1225 545 1292 doctores,
570 1225 701 1290 canomci,
723 1224 845 1290 abbates,
873 1223 982 1292 plebani
1001 1229 1029 1278 et
1045 1223 1186 1291 regulares
1209 1220 1349 1276 consilium

156 1308 300 1364 edidsnmt
316 1309 394 1364 laicis
410 1310 437 1363 in
455 1309 599 1378 praetorio,
617 1316 647 1363 ut
663 1309 762 1362 multos
779 1308 907 1362 articulos
918 1307 1129 1362 condemnarent
1145 1314 1173 1361 et
1185 1305 1254 1360 alios
1270 1318 1349 1373 prae·

155 1392 290 1448 dicatores
307 1409 324 1447 a
341 1391 522 1461 praedicando
539 1392 621 1446 verbo
639 1391 683 1445 dei
700 1399 867 1458 amoverent,
891 1392 942 1446 hoc
960 1391 1083 1447 doctores
1100 1390 1183 1444 Palsc
1200 1396 1228 1443 et
1245 1387 1348 1442 Stanis·

156 1476 216 1531 lans
232 1475 378 1530 edidemnt
398 1491 458 1530 cum
476 1477 582 1543 ceteris,
600 1475 671 1542 Elia,
687 1475 785 1541 Broda‚
804 1475 884 1540 Bona,
903 1474 1018 1529 Simone.
1038 1475 1092 1530 Sed
1109 1488 1270 1543 quamquam
1287 1488 1349 1527 con·

156 1559 318 1614 demnarunt
346 1560 521 1627 sententiam,
551 1573 621 1628 quae
650 1559 805 1614 sacerdotes
828 1559 956 1614 laicorum
986 1559 1065 1613 modo
1093 1557 1234 1617 dominari.
1249 1556 1348 1613 debere

154 1644 280 1711 negabas,
297 1649 387 1697 tamen
405 1651 497 1699 manet
514 1643 638 1710 valetque
656 1644 755 1697 veritas
773 1643 900 1711 pauperis
918 1643 1027 1710 Christi,
1045 1643 1091 1712 qni
1111 1642 1242 1699 dominari
1263 1640 1350 1697 noluit

154 1734 183 1780 st
195 1726 335 1795 discipulis
347 1728 403 1782 suis
418 1727 499 1781 dixit:
520 1726 628 1795 „Reges
639 1728 758 1794 gentium
771 1726 973 1781 dominantur..
988 1743 1051 1782 .vos
1063 1734 1153 1782 autem
1167 1742 1219 1780 non
1236 1725 1347 1781 sic“etc.

153 1810 336 1878 (Postillarum
352 1811 422 1866 liber
439 1813 473 1875 ll,
491 1811 542 1878 811.)

725 2023 773 2084 ll.

250 2197 310 2266 Ego
328 2198 372 2252 dei
389 2199 476 2267 gratia
493 2200 568 2254 nisus
586 2207 614 2254 et
631 2201 743 2255 consilio
760 2202 905 2255 multorum
922 2202 1049 2263 virorum,
1068 2217 1182 2270 quornm
1200 2201 1289 2256 calces
1301 2203 1348 2269 qui

152 2279 271 2348 osculer,
290 2279 389 2348 dignus
405 2298 459 2335 non
483 2299 551 2352 sum,
569 2283 725 2352 vidensque,
748 2285 848 2354 populo
866 2285 931 2339 satis
950 2299 1010 2340 esse
1028 2285 1101 2338 verbi
1120 2284 1202 2339 divini
1220 2285 1347 2339 aliarum·

153 2378 207 2431 qne
225 2377 316 2418 rerum
340 2365 535 2434 spiritualium,
558 2367 657 2436 quihus
680 2383 748 2436 opus
766 2369 815 2436 sit,
839 2384 920 2437 quum
938 2368 1086 2422 adversarii
1109 2368 1165 2422 vita
1181 2382 1224 2421 me
1241 2368 1347 2436 privare

152 2446 306 2516 studerent,
331 2447 442 2504 discessi
470 2449 560 2519 (1412,
584 2467 620 2507 m.
642 2451 697 2506 Jnl.
721 2454 744 2519 1)
763 2470 770 2519 ;
793 2450 891 2507 deinde
913 2467 1038 2506 reversus
1060 2452 1223 2520 praedicavi.
1257 2454 1348 2520 Atque

152 2547 235 2600 quum
252 2532 280 2586 in
298 2547 330 2587 eo
349 2540 430 2600 esset,
448 2540 478 2587 ut
495 2534 613 2600 synodus
632 2536 665 2590 de
687 2537 862 2591 consensione
879 2536 1022 2591 efficienda
1036 2536 1191 2605 haberetur,
1209 2551 1273 2604 rege
1284 2551 1346 2604 pos·

152 2621 230 2669 centa
241 2616 392 2684 populoque
402 2618 429 2672 in
439 2617 639 2686 praedicatione
651 2621 825 2688 assentiente,
838 2636 932 2675 rursus
945 2620 1056 2675 discessi
1069 2622 1154 2688 (1412,
1177 2636 1211 2674 m.
1230 2619 1295 2674 Dec
1314 2621 1345 2684 l).

151 2699 240 2767 Quum
254 2716 315 2754 vero
334 2701 361 2754 in
379 2700 428 2755 illa
444 2700 545 2769 synodo
564 2702 649 2769 (1413,
666 2720 701 2760 m.
714 2705 805 2771 Febr.)
824 2704 898 2771 nihil,
916 2703 988 2773 quod
1000 2703 1035 2759 ad
1049 2704 1217 2759 liberandum
1237 2703 1347 2758 verbum

151 2781 196 2837 dei
213 2783 324 2849 valeret,
343 2783 480 2838 decretum
493 2792 574 2852 esset,
592 2802 685 2842 rursus
705 2787 908 2856 praedicabam
926 2787 965 2841 illi
977 2802 1040 2842 vero
1053 2803 1159 2856 semper
1176 2802 1254 2843 sacra
1264 2788 1346 2841 inter·

151 2867 220 2920 mitti
231 2867 380 2936 jubebant3
398 2883 469 2937 quae
481 2867 615 2924 diabolica
625 2871 788 2925 intermissio
800 2888 881 2940 quum
894 2872 1022 2941 populum
1036 2871 1115 2926 valde
1127 2871 1271 2940 affligeret,
1284 2872 1348 2940 quia

153 2966 243 3020 neque
261 2952 400 3020 baptisare
423 2967 511 3020 neque
530 2960 649 3009 mortuos
672 2955 787 3025 sepelire
805 2955 946 3022 volebant,
969 2970 1018 3022 ego
1041 2961 1145 3023 anum,
1169 2970 1204 3008 ne
1221 2969 1346 3022 magnum

151 3034 251 3104 populo
277 3036 403 3091 damnum
427 3044 593 3106 nasceretur,
620 3039 749 3093 timerem:
775 3055 869 3094 mrsus
893 3038 1013 3093 discessi.
1048 3038 1144 3106 Neque
1167 3045 1257 3093 tamen
1275 3053 1345 3093 corn·

150 3124 259 3187 portum
275 3119 373 3188 habeo,
391 3136 454 3175 num
472 3128 546 3176 recte
565 3123 664 3190 egerim
683 3138 716 3176 an
733 3111 803 3177 male
821 3122 891 3177 sicut
902 3121 1097 3188 mercenarium
1121 3122 1213 3189 ignoro
1231 3136 1346 3189 qnoque,

150 3217 214 3257 num
227 3203 279 3257 hae
297 3218 396 3259 causae
414 3204 537 3261 idoneam
556 3207 757 3262 excusationem
775 3207 848 3275 dent,
866 3223 900 3262 ne
916 3206 1099 3263 mercenarius
1117 3219 1177 3260 esse
1190 3204 1283 3260 videar
1294 3211 1345 3259 etc.

148 3285 331 3354 (Postillarum
349 3289 459 3353 liherll,
477 3290 544 3355 173.)

725 3481 773 3542 lb.

250 3659 324 3713 Laici
344 3662 443 3727 ceteri,
472 3661 593 3728 inprimis
622 3667 712 3714 autem
737 3660 863 3715 Germani
886 3675 940 3714 una
970 3675 1030 3714 cnm
1059 3657 1194 3714 nonnullis
1217 3657 1344 3713 Bohemis

150 3740 334 3807 enitebantur,
363 3749 392 3795 ut
414 3741 495 3796 etiam
518 3741 608 3809 locus,
638 3757 691 3809 quo
714 3743 792 3810 panis
814 3742 861 3795 ille
884 3741 969 3808 (verbi
992 3741 1103 3809 domini)
1126 3740 1343 3809 distribueretur,

149 3824 280 3879 sacellum
309 3824 426 3892 Betlem,
457 3824 617 3879 dirueretur.
653 3826 775 3893 Quonam
805 3830 908 3881 mentes
937 3825 1208 3881 eorum‘abieruntl
1235 3825 1344 3879 inrnnm

149 3908 229 3962 vicini
252 3906 359 3962 diruere
382 3908 415 3962 iis
441 3925 494 3963 non
518 3909 594 3963 licet:
618 3910 748 3979 templum
771 3909 815 3963 dei
841 3924 903 3963 vero
928 3910 985 3964 siue
1010 3923 1093 3964 causa
1110 3909 1216 3964 diruere
1237 3899 1350 3965 volunt¹

149 3991 303 4059 mutatus
321 3991 354 4047 de
372 3992 526 4060 precatione
545 3992 588 4049 dei
600 3994 621 4061 l,
643 3994 715 4061 329.)

724 4196 771 4261 16.

249 4377 400 4432 Germani.
421 4419 427 4431 .
450 4419 455 4430 .
475 4378 580 4433 loricati
600 4394 660 4433 cum
678 4376 877 4445 arcuballistis,
907 4377 993 4432 hastis
1011 4383 1039 4433 et
1056 4376 1166 4433 ensibus
1184 4376 1344 4433 advolarunt

150 4463 186 4519 ad
204 4461 334 4518 sacellum
348 4461 461 4530 Betlem,
479 4478 561 4530 quum
578 4463 665 4532 ipsum
683 4461 877 4530 praedicarem,
896 4460 994 4529 quibus
1011 4467 1106 4516 auctor
1123 4460 1176 4516 fuit
1187 4460 1344 4519 Bernardus

133 4545 273 4615 ‚Choteln
291 4561 384 4601 verum
402 4545 470 4602 deus
483 4561 575 4601 eornm
597 4546 717 4600 rationes
728 4545 906 4613 conturbavit,
924 4552 955 4600 nt
965 4545 1109 4614 nescirent,
1127 4544 1191 4614 quid
1212 4544 1342 4614 iacerent,

149 4631 220 4689 sicut
238 4628 329 4689 multis
346 4623 499 4687 hominihus
514 4637 607 4687 notum
625 4636 682 4698 est;
696 4630 882 4708 intempestive
896 4635 1033 4687 venerant.
1053 4628 1189 4687 Adversus
1207 4628 1341 4690 dominnm
