2992 5258
360 380 363 386 ’
398 420 440 473 sa
464 416 524 473 nex
541 424 657 486 quatuor
674 420 817 485 manseros
834 420 861 473 in
879 421 989 475 exartum
1007 422 1095 475 avara
1195 498 1199 506 ν
1283 426 1343 490 511

146 616 380 684 dissensionum
413 620 560 685 materias
591 621 803 703 complanare
829 628 861 687 et
887 622 954 687 vias
985 628 1018 687 et
1039 623 1149 688 modos
1173 642 1341 706 congruos,

147 737 297 800 perquos
312 727 611 802 regnumnostrum.
635 723 765 801 civitas,
787 723 923 805 populns
935 723 1171 789 marchionatus
1183 725 1223 789 ab
1235 724 1344 806 hujus·

146 821 232 887 modi
253 822 402 887 sinistrae
425 821 636 904 impositionis
659 823 794 888 infamiis
827 824 955 906 purgari
990 832 1022 888 et
1049 826 1190 889 serenari
1213 824 1342 902 debent,

146 920 302 1004 (valeant)
323 921 484 988 adhibere.
529 922 621 1001 Quod
643 924 860 1005 praescientes
889 924 1066 989 Stanislaus
1103 929 1136 988 et
1167 925 1280 989 Petrus
1302 925 1342 990 de

145 1023 293 1104 Znoyma‚
317 1022 498 1105 Stephanus
521 1023 641 1103 Paleou,
664 1025 806 1089 loannes
828 1023 951 1101 Heliae,
976 1043 1085 1091 sacrae
1108 1024 1243 1106 paginae
1268 1042 1341 1105 pro·

145 1122 295 1201 fossores,
328 1126 439 1204 utpote
461 1123 616 1188 dictarum
638 1122 871 1188 dissensionum
894 1128 1084 1205 patratores,
1117 1142 1151 1188 se
1172 1125 1216 1190 ab
1232 1124 1342 1207 hujus·

146 1222 230 1287 modi
263 1223 382 1288 uostris
415 1224 621 1305 conceptibus
654 1230 688 1289 et
719 1223 874 1287 mandatis
908 1223 1132 1302 absentarunt,
1170 1243 1205 1289 se
1239 1242 1336 1307 super

146 1323 325 1406 huiusmodi
358 1323 591 1389 dissensionum
624 1325 764 1389 materiis
798 1323 984 1389 notabiliter
1016 1329 1139 1406 partem
1172 1325 1334 1390 iacientes.

145 1424 283 1506 Propter
294 1424 378 1504 qnod
389 1424 530 1506 ipsorum
545 1424 717 1490 notabilem
734 1424 896 1497 malitiam,
911 1424 1036 1503 dignam
1052 1424 1336 1500 animadversione,

146 1523 308 1589 refrenare
325 1526 477 1601 volentes,
501 1526 586 1606 ipsos
603 1532 636 1589 et
658 1543 767 1589 eorum
789 1524 963 1605 quernlibet
984 1524 1023 1588 do
1048 1542 1145 1604 regno
1169 1533 1279 1590 nostro
1303 1531 1337 1590 ot

148 1626 216 1707 ejus
246 1625 449 1707 pertinentiis
481 1626 549 1689 sine
577 1644 633 1707 spe
662 1625 874 1690 restitutionis
903 1626 1115 1689 barinivirnns:
1149 1625 1335 1695 mandantes

146 1725 235 1791 nobis
262 1727 419 1793 universis
449 1733 483 1791 et
504 1727 636 1807 singulis
658 1724 817 1807 magistris
841 1725 944 1790 dictae
967 1731 1095 1790 nostrae
1118 1726 1337 1791 universitatis

145 1825 279 1893 firmiter
315 1835 348 1893 et
383 1828 543 1906 districte,
582 1832 738 1908 quatenns
775 1827 937 1907 praelatos
968 1825 1168 1902 Stanislaum,
1201 1827 1338 1905 Petrum,

144 1926 340 2010 Stephanum
363 1933 396 1994 et
416 1928 573 1993 loannem
594 1927 707 1993 Heliae
729 1928 770 1992 ab
793 1928 1000 1992 universitate
1024 1927 1236 2005 secludentes,
1259 1927 1339 1991 alios

143 2029 314 2108 magistros
356 2027 528 2093 secundum
568 2027 710 2092 ordinem
749 2027 944 2092 senioritatis
976 2027 1130 2092 hactenns
1165 2029 1250 2093 inter
1282 2045 1338 2092 vos

143 2136 269 2195 tentum
291 2129 331 2195 ad
354 2129 558 2194 canonicatus
581 2137 614 2193 et
635 2128 834 2211 praebendas
849 2127 1004 2192 dictorum
1019 2128 1234 2209 profugorum,
1257 2145 1337 2208 quae

140 2230 174 2297 in
199 2230 336 2296 ecclesio
357 2229 504 2294 Omnium
526 2229 713 2295 Sanctorum
735 2229 767 2292 iu
790 2234 895 2294 castro
918 2236 1027 2293 nostro
1051 2228 1213 2308 Progensi
1242 2226 1336 2292 etad

136 2330 377 2411 collegiaturas
400 2330 491 2397 nobis
503 2330 618 2395 afferre
634 2336 668 2394 et
683 2337 890 2411 praesentare
906 2329 1006 2394 modis
1023 2329 1168 2394 omnibus
1183 2327 1337 2399 debeatis,

135 2437 240 2513 prout
261 2431 339 2497 ordo
361 2432 393 2495 in
417 2432 532 2496 talibus
555 2431 708 2497 hactenus
730 2436 780 2495 est
801 2436 964 2499 servatus:
988 2447 1140 2512 praesens
1156 2428 1337 2494 mandatnm

131 2531 331 2599 nostrum'in
344 2532 477 2612 collegio
501 2539 607 2596 vostro
632 2539 664 2596 et
685 2531 769 2610 alibi,
793 2531 846 2596 ubi
870 2531 1031 2597 videbitur
1053 2525 1214 2611 expedire,
1230 2529 1334 2594 solen·

131 2634 226 2699 niter
249 2632 458 2713 publicantes,
481 2640 517 2698 ut
538 2633 564 2696 si
587 2633 657 2712 quis
680 2631 834 2696 dictorum
851 2632 1073 2711 magistrorum
1089 2630 1197 2694 ultioni
1215 2638 1247 2693 et
1262 2648 1334 2694 con·

131 2733 269 2801 cordine
292 2751 349 2815 per
383 2733 543 2814 praelatos
564 2732 708 2797 Albicum
741 2733 1031 2813 archiepiscopum,
1052 2732 1259 2807 Zdeuconenr,
1282 2730 1334 2794 Ja-

131 2837 255 2903 oobum
287 2844 320 2901 et
344 2832 567 2899 Christaununn
591 2832 752 2898 faciendae
776 2841 809 2897 ct
831 2832 1016 2897 tractandae
1049 2831 1211 2895 contraire
1242 2848 1334 2911 prae·

131 2936 301 3014 sumserit,
324 2934 409 3015 quod
438 2935 526 3016 ipsos
563 2933 734 2999 consimilis
762 2933 866 3009 exilii,
894 2933 1080 3014 privationis
1109 2929 1334 2995 lrorroliciorum

131 3044 171 3104 et
195 3035 389 3101 exclusionis
410 3035 451 3098 ab
474 3034 682 3099 universitate
704 3051 807 3115 poena
828 3034 990 3116 percellet.
