2992 5258
149 411 212 475 560
398 403 603 460 Controversiae
620 403 655 483 de
672 405 802 473 religione
819 404 847 458 iu
864 404 1006 460 Bobenia:
1026 407 1100 462 141⁶.
1191 420 1194 426 ’

149 609 209 675 bus
231 628 289 692 per
311 613 411 675 testes
433 606 495 673 fide
516 607 630 690 dignos
652 615 687 675 et
707 608 860 691 plurimos
883 615 934 675 est
954 611 1126 692 convictus,
1149 616 1341 680 revocasset.

150 713 209 791 Qui
241 711 407 778 induratus
439 710 525 777 flecti
546 728 610 776 non
642 711 762 792 potuit,
793 730 886 777 manu
912 711 1042 794 propria
1063 712 1226 795 scribens,
1259 713 1341 797 quod

149 813 299 879 articulos
327 831 391 879 non
414 830 522 877 omues
544 812 584 877 de
612 811 703 878 libris
725 812 875 879 collectos
905 812 1002 878 vellet
1023 812 1173 895 abjurare
1194 819 1231 880 ct
1250 831 1339 880 revo

149 932 243 993 care,
266 914 380 978 timens
402 932 442 978 ne
464 911 641 979 offenderet
665 913 698 976 iu
720 913 905 992 veritatem3
927 913 1079 979 articulos
1102 931 1187 991 vero,
1211 912 1254 979 de
1274 912 1342 996 qui·

148 1014 208 1079 bus
230 1032 288 1096 per
311 1020 411 1079 testes
426 1020 477 1079 est
493 1015 665 1089 convictae,
686 1013 773 1079 nullo
789 1013 881 1079 modo
904 1014 1004 1079 voluit
1019 1013 1176 1095 abjurare,
1200 1013 1340 1095 allegans

149 1133 220 1180 esse
243 1121 356 1179 contra
385 1131 473 1178 suam
495 1111 733 1186 conscientiam,
762 1119 795 1178 et
822 1114 936 1178 timens
969 1113 1146 1195 perjurium
1167 1113 1341 1193 incurrere,

148 1233 218 1280 cum
245 1231 300 1279 eos
329 1232 498 1294 numquam
530 1213 673 1278 tenuerit
702 1219 736 1280 et
765 1213 1008 1296 praedicaverit.
1051 1213 1266 1281 Nihilominus
1287 1214 1344 1281 lra-

148 1315 262 1380 bentes
294 1312 545 1395 compassionem
567 1319 600 1378 et
632 1331 703 1378 eum
731 1314 874 1380 volentes
907 1333 966 1396 pro
988 1333 1046 1380 sua
1067 1314 1170 1380 salute
1193 1314 1235 1380 ab
1257 1332 1342 1381 erro

150 1414 238 1480 ribus
251 1432 409 1492 revocare,
435 1413 515 1478 feria
537 1413 581 1477 Vl
602 1414 783 1481 immediate
810 1434 897 1481 snam
919 1413 1204 1481 sententiationem
1215 1433 1341 1498 praece

149 1515 244 1582 dente
261 1516 295 1596 (5
305 1516 383 1594 inl.)
397 1516 477 1581 certi
490 1515 607 1580 domini
621 1513 808 1594 cardinales,
827 1514 1065 1582 Cameracensis
1084 1522 1118 1581 et
1129 1516 1342 1597 Florentinus,

150 1635 219 1682 cum
238 1616 308 1681 aliis
330 1615 437 1681 multis
459 1615 611 1697 praelatis
632 1620 666 1680 et
677 1614 860 1681 doctoribus
883 1617 1020 1681 omnium
1042 1617 1216 1700 natonum,
1238 1618 1338 1700 ipsum

148 1716 188 1783 ad
210 1734 245 1781 se
272 1715 385 1781 adduci
400 1721 661 1798 procuraverunt,
685 1715 856 1780 etiterum
877 1735 914 1781 ac
936 1716 1053 1782 iterum
1074 1716 1177 1782 modis
1200 1716 1339 1800 plurimis

149 1836 221 1882 eum
243 1816 396 1881 reducere
426 1822 645 1895 tentaverunt,
678 1815 735 1881 sed
767 1816 949 1882 nullatenus
982 1815 1138 1899 proficere
1159 1823 1339 1900 potuerunt

149 1918 242 1985 Unde
262 1919 303 1986 ad
324 1916 534 1984 alleviandum
557 1916 782 1983 conscientiam
796 1935 885 1982 suam
907 1925 940 1983 et
962 1917 1136 1984 tollendum
1157 1917 1336 2000 perjurium

149 2020 233 2102 quod
254 2019 452 2098 formidabat,
475 2017 536 2082 sibi
558 2017 855 2083 condescenderunt
876 2019 909 2083 in
931 2025 1062 2099 tantum,
1083 2019 1169 2101 quod
1191 2019 1337 2085 articulos

149 2123 189 2186 de
205 2121 295 2186 libris
311 2125 479 2202 excerptos
494 2118 674 2199 abjurasset
697 2125 736 2205 et¹
752 2125 945 2198 revocasset,
966 2118 1119 2185 articulos
1133 2138 1211 2185 vero
1234 2125 1339 2186 contra

150 2240 220 2285 eum
242 2240 300 2303 per
321 2226 424 2285 testes
447 2220 608 2301 probatos,
631 2237 710 2300 quos
725 2219 805 2283 dixit
827 2237 899 2284 esse
920 2219 1016 2285 falsos
1032 2225 1142 2301 tester,
1165 2221 1213 2286 sic
1235 2219 1338 2286 debuit

150 2322 328 2412 emendare,
351 2321 469 2400 dicens,
493 2319 577 2401 quod
599 2320 671 2385 illos
692 2320 844 2386 articulos
867 2339 1036 2402 numquam
1059 2322 1147 2386 tenui
1170 2340 1231 2389 nec
1252 2338 1336 2404 prae

149 2421 267 2503 dicavi,
290 2422 371 2487 etsi
394 2421 548 2500 iecissem,
569 2421 652 2486 male
674 2421 836 2499 iecissem,
859 2420 932 2502 qnia
953 2423 1041 2504 ipsos
1062 2438 1173 2489 assero
1196 2439 1270 2488 esse
1291 2439 1335 2487 er·

150 2541 274 2602 raneos,
297 2528 330 2587 et
348 2522 431 2603 juro,
454 2521 538 2603 quod
559 2520 633 2586 nolo
655 2539 710 2587 eos
733 2528 845 2587 tenere
867 2540 926 2587 nec
947 2523 1143 2604 praedicare.
1171 2522 1216 2588 Et
1237 2528 1335 2589 anan

149 2625 237 2691 illum
264 2624 390 2689 modurn
418 2623 520 2688 noluit
549 2628 738 2705 acceptare;
772 2624 825 2704 qui
858 2624 969 2689 modus
1003 2643 1073 2689 cum
1102 2625 1140 2689 D.
1174 2622 1255 2704 Regi
1275 2639 1337 2706 per

150 2724 422 2805 archiepiscopum
438 2722 631 2802 Ragusiuum
644 2720 758 2786 luisset
773 2722 961 2804 publicatus,
988 2721 1102 2789 dehac
1122 2721 1336 2788 moderatione

151 2825 211 2890 tuit
243 2825 324 2888 bene
356 2829 534 2888 contentus.
569 2821 612 2886 Et
643 2821 760 2886 direxit
786 2823 856 2903 ipso
877 2822 929 2887 die
962 2822 1002 2886 de
1032 2840 1166 2904 vespere
1188 2823 1337 2889 illustrem

151 2925 326 3008 principem
358 2921 566 3000 Ludovicum,
599 2921 710 2987 ducem
743 2921 896 2987 Bavariac
928 2930 962 2987 et
994 2923 1140 2988 comitem
1170 2923 1337 3005 palatinum

151 3025 262 3104 Rheni,
286 3043 355 3090 cum
378 3023 480 3088 tribus
502 3021 654 3086 militibus
673 3021 829 3100 Bohemis,
859 3022 1046 3088 Wenceslao
1068 3022 1108 3087 de
1128 3022 1259 3103 Lestna,
1285 3023 1337 3088 la·

151 3125 273 3191 cenbok
296 3132 330 3190 ct
349 3124 472 3189 Joaune
494 3122 624 3205 Keplra,
648 3124 701 3202 qui
722 3123 872 3188 assumtis
895 3123 1045 3205 praelatis
1067 3123 1107 3189 ad
1130 3123 1257 3189 eumin
1279 3141 1338 3189 car·

150 3245 254 3294 cerem
276 3227 477 3291 intraverunt
499 3229 531 3288 et
552 3222 657 3306 ipsum
678 3222 834 3288 hortando
857 3223 896 3287 ad
919 3223 1160 3289 conversionem
1182 3232 1216 3298 et
1238 3242 1335 3290 emen·

151 3327 327 3405 dationem,
360 3333 395 3389 ut
417 3329 507 3403 ante,
542 3322 735 3388 obstinatum
769 3324 979 3405 reperierunt.
1024 3324 1087 3390 Ubi
1120 3325 1207 3389 inter
1237 3330 1338 3391 cetera

150 3429 291 3493 loannes
318 3425 433 3507 Kepka
459 3424 559 3490 latine
580 3431 631 3489 est
657 3442 728 3488 eum
750 3422 906 3489 allocutus
928 3425 1091 3506 perhanc
1113 3423 1253 3490 modurn:
1278 3425 1337 3490 lla·

151 3529 270 3609 gister,
303 3544 360 3590 vos
392 3525 470 3590 estis
492 3524 637 3607 sapiens,
660 3531 693 3589 et
713 3542 771 3589 nos
801 3542 908 3588 sumus
930 3523 1018 3605 laici,
1052 3544 1109 3590 vos
1131 3526 1236 3606 scitis,
1270 3522 1338 3607 qnid

151 3627 256 3693 iacere
287 3626 444 3703 debeatis3
479 3625 506 3689 si
539 3630 644 3689 tamon
677 3624 863 3703 errassctiS,
896 3624 1057 3690 deberetis
1088 3627 1182 3708 sequi
1214 3625 1339 3693 consilis

152 3727 339 3809 sapientum.
383 3725 425 3790 Et
450 3724 521 3806 ipse
553 3724 732 3806 respondit,
769 3724 942 3805 quodvult
971 3732 1058 3792 stare
1078 3726 1112 3791 iu
1133 3727 1338 3810 responsione

152 3830 282 3913 propria
310 3847 403 3908 manu
431 3826 559 3908 scripta.
602 3827 645 3892 Et
672 3826 718 3892 ita
739 3845 827 3891 suam
854 3827 1060 3908 pertinaciam
1082 3826 1338 3908 continuans,in

151 3930 290 3996 crastino
312 3929 344 3993 in
367 3927 510 3993 sessione
532 3927 749 3992 irreverenter
774 3945 809 3991 sc
834 3923 953 4005 habuit,
987 3932 1098 3993 contra
1118 3928 1274 3994 articulos
1294 3945 1339 3992 re-

152 4031 306 4110 clamavit,
335 4031 486 4096 articulos
509 4029 548 4094 cle
570 4029 660 4093 libris
682 4029 749 4094 suis
771 4034 939 4110 excerptos
960 4026 1151 4093 mirabiliter
1171 4025 1337 4109 glossando

151 4130 354 4210 adsensum,
387 4148 480 4213 quem
501 4135 578 4195 aute
611 4129 855 4210 praetendebat,
888 4128 1039 4194 articulos
1060 4145 1137 4193 vero
1160 4145 1221 4210 per
1244 4134 1338 4194 testes

151 4233 303 4314 probatos
324 4231 451 4296 omuino
472 4228 627 4311 negando.
660 4228 731 4294 Non
754 4228 902 4294 obstante
925 4246 983 4294 sua
1004 4228 1233 4294 reclamatione
1253 4227 1336 4304 falsa,

151 4333 185 4398 in
216 4331 479 4397 condemnatione
522 4329 727 4395 articulorum
761 4335 794 4394 et
826 4329 1085 4410 pronuntiatione
1116 4346 1154 4393 ac
1186 4327 1337 4394 dictarum

153 4433 281 4499 testium
310 4431 581 4514 promulgatione,
613 4430 760 4512 personis
789 4447 853 4495 non
885 4429 1073 4508 nominatis,
1117 4436 1161 4511 et
1182 4426 1336 4494 sententis

152 4533 292 4614 legitime
317 4533 378 4598 luit
405 4550 588 4614 processum
616 4548 715 4612 usque
742 4530 782 4596 ad
804 4530 1079 4611 degradationem
1100 4529 1135 4595 in
1157 4547 1238 4612 qua,
1272 4543 1335 4595 cum

154 4639 258 4699 vestes
286 4632 500 4698 sacerdotales
522 4631 583 4698 sibi
606 4635 889 4713 praesentarentur
911 4630 950 4695 ad
972 4628 1183 4711 induendum,
1206 4629 1286 4696 dixit
1303 4642 1335 4691 se
