2992 5258
370 403 539 475 Reuponsum
557 405 595 460 li.
613 406 639 460 J.
656 405 716 460 llus
732 404 768 460 ad
785 402 913 461 articulos
930 405 1020 462 Paled.
1058 406 1131 461 1415.
1283 410 1346 475 205

152 609 334 680 stipatorum,
355 625 414 669 non
435 614 536 682 potest
556 610 728 683 appellari.“
768 609 814 669 De
834 610 943 682 poenit.
965 607 1152 670 distinctione
1173 611 1196 680 l,
1217 611 1345 683 capitulo

150 707 299 769 Ecclesia.
1194 715 1198 723 '
1336 722 1339 727 '

252 811 281 866 3.
315 805 578 880 ,sterceratos
602 825 664 868 mort
687 808 749 881 soit
772 808 904 866 aeliotae
929 808 1138 878 temporalibus
1165 812 1192 868 et
1218 811 1347 879 apostoli

148 908 224 977 ejros,
252 907 298 964 ita
318 925 371 966 orec
388 908 496 966 vicarii
512 911 540 966 et
556 924 736 967 successores
750 925 849 967 eorum
862 908 964 966 deberat
977 908 1152 978 temporalia
1160 910 1343 980 possidere

147 1007 212 1066 lata
232 1023 293 1066 non
315 1006 423 1066 stetin
445 1006 533 1077 libro,
563 1006 616 1065 sed
638 1006 707 1066 ista:
737 1006 796 1080 ,Et
825 1007 900 1065 siout
927 1007 1004 1066 oculi
1025 1012 1056 1065 et
1076 1004 1167 1067 iacies
1189 1014 1295 1067 carent
1314 1009 1346 1068 in

148 1106 373 1178 operationibus
399 1106 551 1183 tegimine,
584 1122 621 1165 ne
655 1106 782 1166 velatum
814 1106 972 1177 deturpent
1005 1111 1035 1165 et
1066 1114 1278 1179 praepararent
1305 1110 1343 1168 ad

147 1207 277 1276 ruinam,
315 1206 357 1265 sie
384 1207 516 1266 Christus
546 1213 577 1265 et
605 1207 732 1278 apostoli
754 1223 791 1265 ex
813 1205 929 1265 fervore
956 1206 1087 1265 caritatis
1117 1214 1147 1266 et
1167 1207 1346 1270 alienatione

148 1305 321 1378 cupiditatis
350 1321 408 1365 non
438 1314 523 1367 erunt
548 1307 760 1379 temporalibus
782 1307 957 1365 seculariter
977 1306 1112 1374 involuti,
1143 1307 1245 1379 quales
1267 1312 1345 1370 oculi

147 1405 261 1464 debent
282 1421 350 1465 esse
365 1422 465 1464 eornm
486 1407 587 1466 vicarii
609 1422 710 1465 omues
732 1406 860 1476 clcrloi,“
885 1406 1036 1482 [videlieet
1055 1406 1347 1470 inordinatoetabu·

148 1505 211 1564 sive
240 1506 453 1576 temporalibus
477 1522 536 1564 non
562 1506 692 1582 utantur]
720 1504 816 1586 (Haec
844 1502 925 1576 eap.⁰
951 1503 994 1577 3⁰,
1024 1507 1168 1565 modicum
1190 1516 1256 1567 ante
1279 1527 1346 1569 me-

147 1601 254 1687 dinm).
290 1607 378 1666 Patet
398 1609 456 1667 ista
477 1609 624 1667 sententia
644 1608 715 1667 Luc.
740 1605 808 1685 13⁰¹:
839 1607 964 1684 „Cavete
987 1606 1024 1664 ab
1050 1607 1128 1666 omni
1151 1608 1291 1667 avaritia“
1315 1616 1346 1669 ot

147 1706 310 1764 secundum
323 1708 508 1777 apostolum:
531 1706 642 1781 „Nemo
658 1707 785 1765 militans
801 1707 857 1765 deo
872 1707 1003 1778 implicat
1025 1723 1056 1765 se
1080 1707 1205 1779 negotiis
1228 1711 1345 1769 secula·

146 1806 260 1869 ribus.“
307 1807 348 1865 Et
367 1823 422 1880 per
442 1807 559 1865 beatum
581 1807 705 1879 Gregor.
729 1806 813 1864 omel.
835 1807 921 1865 XVII
942 1820 997 1877 por
1017 1811 1118 1864 toturn.

249 1909 279 1965 l.
303 1903 423 1983 „Nullo
437 1921 515 1976 pore
543 1904 682 1962 eeclesiae
702 1920 840 1977 urrrprmm
860 1904 968 1961 cncidit
988 1923 1008 1962 a
1028 1922 1163 1977 corpore,
1189 1906 1267 1966 simet
1291 1926 1345 1967 neo

149 2006 262 2064 coritae
288 2006 415 2079 liparas.“
461 2005 523 2063 Ista
544 2003 709 2076 propositio
731 2021 791 2062 non
812 2004 909 2062 estin
930 2004 1020 2075 libro,
1042 2006 1096 2064 sed
1118 2010 1150 2063 ut
1170 2003 1217 2064 hio
1239 2007 1346 2066 dicitur

148 2105 282 2177 interius,
313 2107 359 2166 sio
386 2105 427 2164 lbi
449 2104 581 2178 ponitur:
615 2104 684 2182 „Sic
709 2111 901 2177 purgamenta
931 2104 1085 2175 eeclesiae,
1117 2104 1180 2164 scil.
1205 2107 1346 2178 praesciti

150 2208 317 2279 procedent
338 2222 375 2264 ex
396 2222 442 2280 ea,
478 2220 536 2264 non
556 2196 654 2262 einen
677 2211 762 2262 erant
782 2221 820 2262 ex
842 2219 878 2263 ea
899 2211 932 2264 ut
952 2211 1061 2276 partes,
1087 2221 1152 2264 eum
1172 2205 1254 2267 nulla
1274 2224 1345 2280 pars

150 2309 214 2379 ejns
235 2307 274 2365 ab
296 2322 334 2365 ea
355 2303 481 2365 finaliter
503 2304 627 2373 excidit,
657 2319 693 2362 eo
716 2302 793 2376 quod
814 2303 1094 2376 praedestinationis
1121 2305 1229 2365 caritas
1250 2306 1345 2378 ipsam

150 2407 245 2480 ligans
271 2421 331 2464 non
357 2405 466 2464 excidit
500 2401 577 2484 [soil.
603 2402 699 2476 quoad
726 2401 844 2462 finalem
870 2401 1151 2484 perseverantiaml,
1184 2407 1345 2466 secundum

151 2505 316 2578 apostolum
338 2504 375 2583 (Ι.
386 2503 518 2564 Corinth.
542 2506 608 2579 13);
630 2510 661 2562 et
681 2503 823 2576 probatur
841 2520 896 2577 par
916 2504 1081 2577 apostolum
1105 2505 1190 2566 Rom.
1204 2509 1232 2565 8.
1251 2507 1345 2581 (Istud

151 2605 274 2667 habebar
296 2605 377 2677 eap.‘'
399 2604 434 2664 3⁰
454 2611 523 2677 post
544 2605 692 2677 medium).

249 2706 279 2764 5.
303 2703 440 2784 „Paulae
459 2704 618 2763 secundaret
637 2706 819 2776 praesentem
838 2703 1018 2774 irpuste‘te'om
1036 2705 1098 2778 tuit
1115 2705 1299 2778 otosplmom
1317 2710 1347 2766 et

152 2822 210 2867 nott
228 2807 266 2865 ae
287 2806 427 2877 eeclesia,
448 2808 476 2864 ct
496 2822 562 2863 mera
581 2805 635 2863 ltoo
654 2805 744 2862 simul
763 2804 824 2877 serit
841 2803 876 2863 iro
886 2805 988 2878 pretia
1011 2805 1171 2864 accendam
1178 2805 1344 2878 praedesti·

155 2907 303 2966 amimam
322 2906 401 2964 ettae
422 2908 588 2965 oetmmoe“.
631 2904 694 2963 Ista
714 2903 878 2976 propositio
899 2920 959 2962 non
986 2904 1084 2963 estin
1104 2903 1191 2978 libro,
1212 2905 1266 2964 sed
1279 2906 1347 2966 'ista

153 3005 274 3066 interino
295 3005 423 3079 scripta:
446 3004 552 3080 „Unde
572 3004 689 3062 videtur
709 3018 777 3061 esse
798 3002 952 3077 possibile,
973 3003 1051 3076 qnod
1072 3003 1150 3063 sicut
1163 3003 1270 3063 Paulus
1290 3003 1346 3069 init

154 3105 235 3166 aiunl
261 3104 451 3177 blasphemus
478 3103 636 3163 secundnm
666 3109 852 3175 praesentem
880 3103 1062 3176 iniustitiam,
1090 3108 1207 3162 etcum
1228 3102 1284 3164 lroo
1305 3105 1345 3164 do

154 3213 250 3266 saneta
277 3211 371 3264 matre
398 3201 752 3276 eeclesiafidelisatque
775 3203 923 3276 ingratia
951 3202 1110 3260 secundum
1138 3202 1343 3274 praedestina·

154 3305 257 3365 eonem
279 3306 358 3364 vitae
378 3310 527 3376 aeternae,
557 3304 600 3362 sio
625 3301 782 3362 Soharioth
803 3300 859 3361 luit
888 3302 973 3360 simul
1001 3302 1032 3360 iu
1060 3301 1156 3375 gratia
1184 3303 1343 3365 seeundum

154 3410 337 3475 praesentem
347 3405 502 3479 justifiam,
522 3410 718 3476 etnumquam
740 3404 777 3463 de
800 3409 904 3462 sancta
924 3407 1017 3461 matre
1039 3401 1168 3461 ecclesia
1182 3403 1343 3462 seeundum

155 3506 449 3576 praedestinationem
462 3506 539 3565 vitae
553 3511 701 3575 aeternae,
724 3522 788 3563 cum
809 3502 937 3563 deluerit
958 3502 1015 3561 sibi
1034 3501 1089 3561 illa
1102 3501 1343 3574 praedestinatio,

156 3621 223 3678 onae
251 3607 378 3666 includit
396 3605 512 3665 finalem
546 3601 820 3684 perseverantiam}
861 3602 903 3663 Et
928 3604 971 3662 sio
999 3601 1161 3673 Sohariotlr,
1190 3602 1261 3663 licet
1287 3601 1345 3665 luit

155 3706 302 3779 apostolus
325 3706 372 3766 vel
400 3706 559 3778 episcopus
589 3721 607 3763 a
632 3705 749 3764 Christo
778 3705 898 3774 electus,
931 3703 1008 3778 qnod
1036 3709 1085 3763 cst
1110 3719 1217 3763 nomen
1243 3703 1343 3776 ollieii,

155 3820 304 3880 numquam
325 3812 423 3864 tamen
445 3804 499 3863 luit
520 3822 589 3877 pars
611 3809 731 3864 sauctae
753 3803 927 3864 universalis
948 3803 1102 3862 eeclesiae.

249 3909 278 3964 6.
297 3905 418 3964 Paulus
436 3922 595 3979 numquam
612 3905 674 3977 trem
692 3905 848 3963 martirum
865 3904 978 3962 diaboli
999 3902 1117 3980 [quoad
1135 3902 1255 3975 Mem
1268 3920 1342 3977 per-

157 4004 366 4082 merneram]
378 4023 431 4066 aee
445 4004 560 4074 Petraea,
582 4005 701 4079 quando
721 4004 841 4078 reponit
863 4001 1017 4072 cetrarium,
1039 4003 1116 4061 meat
1128 4001 1245 4081 Paulae
1257 4021 1343 4063 maret·

158 4127 238 4181 paam
254 4108 318 4182 ferit
335 4107 493 4166 mamertem
513 4105 634 4175 dioboli,
656 4104 838 4178 licetteocrit
851 4103 993 4177 quosdam
1013 4106 1097 4162 actm
1118 4104 1232 4161 actious
1252 4104 1343 4162 eoele-

157 4210 211 4268 a'ao
229 4206 458 4282 malipneotiam
479 4206 644 4264 comimileo
665 4203 778 4281 [quoad
789 4207 974 4275 praesentem
991 4201 1194 4279 irrjrrstr'tiamJ,
1207 4202 1346 4261 steriliter

158 4305 263 4377 Petrae,
285 4307 337 4382 pai
351 4308 385 4366 iro
395 4322 486 4380 prove
499 4305 606 4364 incidit
612 4305 782 4376 perjurium
796 4321 830 4362 ex
839 4304 1033 4377 permissione
1046 4302 1167 4370 domiai,
1188 4305 1222 4359 at
1231 4301 1344 4374 sortiar

158 4410 317 4483 retorperet.
360 4400 448 4490 [Quia
468 4406 575 4466 Petrus
596 4405 741 4480 peccavit,
774 4404 925 4463 cantatam
956 4421 1016 4463 non
1038 4403 1157 4479 amisit]
1200 4403 1282 4462 ldem
1303 4403 1348 4463 da

159 4502 253 4573 David
294 4508 361 4568 Hoo
382 4505 510 4580 capitulo
532 4507 621 4567 tertio
643 4521 736 4582 prope
758 4502 858 4579 linem,
885 4511 916 4564 et
939 4505 1100 4577 probantur
1121 4503 1201 4562 dicta
1221 4501 1280 4562 ista
1298 4500 1342 4562 ibi

160 4620 241 4683 usqae
262 4608 300 4670 ad
321 4606 408 4670 tinem
432 4606 565 4682 capituli.
