2992 5258
154 398 224 487 416³
400 416 604 474 Contromrsiae
621 417 655 474 de
672 414 802 488 religione
820 421 848 476 in
865 416 1007 477 Bobenia:
1027 422 1100 479 1410.

722 620 779 695 31.

152 809 209 894 Μ.
236 811 528 925 Hieronymus
558 812 787 927 Pragensis
821 800 996 899 officiali
1027 814 1233 899 ecclesiae
1263 811 1340 897 Pa-

152 950 353 1032 taviensis
379 977 426 1031 se
451 947 620 1031 Vienna
646 952 830 1033 evasisse
863 951 1078 1057 scribens,
1122 952 1160 1032 ei
1191 949 1342 1033 nihilo·

375 1085 513 1166 minus
539 1094 712 1195 gratum
738 1113 783 1167 se
809 1085 901 1168 fore
928 1095 1122 1168 testatur.

532 1298 565 1352 In
582 1297 693 1367 Bietovv,
706 1296 732 1366 ¹⁵)
752 1301 783 1350 12
801 1298 873 1367 Sept.
895 1301 967 1353 1410.

152 1551 213 1617 (Ex
230 1551 301 1604 aaa
324 1551 442 1612 concilii,
465 1551 495 1603 ia
513 1549 673 1604 Her-manni
689 1568 743 1605 von
766 1551 816 1604 der
834 1549 935 1603 Hardt
951 1551 1058 1605 Rei-um
1080 1552 1192 1605 concilii
1211 1550 1342 1606 Comma·

544 1636 640 1688 diensis
657 1643 729 1688 tomo
747 1635 769 1689 I
773 1633 804 1699 V,
818 1651 848 1704 p.
866 1630 948 1698 683.)

350 1921 533 1988 Venerabili
555 1922 639 2003 patri
660 1940 698 1988 ac
719 1920 844 1987 domino
867 1922 1081 2004 magistroque
1103 1940 1184 2002 meo,
1208 1922 1246 1987 D.
1270 1921 1345 1988 offi-

435 2023 507 2089 ciali
529 2023 682 2088 ccclesiae
704 2022 911 2103 Pataviensis‚
934 2023 1068 2107 plebano
1091 2024 1123 2088 in
1144 2023 1220 2105 Laa,
1243 2024 1345 2089 detur.

252 2175 412 2257 Obsequio
442 2192 512 2239 cum
535 2173 635 2239 omnis
658 2174 770 2240 salutis
796 2173 956 2240 desiderio
978 2174 1192 2256 antescripto:
1214 2192 1344 2241 venera·

151 2277 225 2345 bilis
247 2286 347 2360 pater,
370 2277 523 2357 magister
539 2283 572 2340 et
587 2274 725 2341 domine!
742 2274 865 2356 Sciatis,
887 2292 937 2339 me
949 2275 1014 2356 jam
1029 2276 1062 2341 in
1084 2281 1189 2342 castro
1211 2276 1345 2342 Wietov

150 2398 260 2447 sanum
282 2385 315 2445 et
336 2378 453 2444 laetum
469 2377 617 2457 existere,
640 2397 711 2443 cum
725 2378 831 2443 multis
857 2376 975 2458 amicis,
998 2379 1087 2443 vobis
1110 2397 1181 2443 cum
1199 2378 1344 2444 omnibus

150 2497 276 2561 semper
303 2484 336 2544 et
363 2477 478 2543 vestris
507 2475 628 2541 servire
651 2482 790 2558 paratus.
833 2478 876 2544 Et
912 2479 950 2544 de
974 2483 1100 2543 extorta
1131 2478 1342 2560 promissione

151 2581 234 2645 circa
263 2583 386 2644 vosmet
407 2594 456 2642 me
478 2577 595 2642 habete
617 2584 815 2659 excusatum,
848 2579 875 2644 si
897 2579 1004 2646 debite
1026 2580 1088 2644 vim
1111 2578 1181 2661 ejus
1202 2597 1344 2662 perpen-

150 2681 234 2746 ditis.
256 2681 323 2746 Nec
339 2679 422 2744 enim
444 2679 497 2762 jus
509 2679 738 2761 postponimus
762 2680 811 2746 cui
830 2698 965 2764 semper,
989 2680 1076 2746 salva
1090 2680 1174 2747 bona
1190 2679 1344 2759 cautione,

150 2781 277 2848 assidue
299 2779 403 2863 parati
426 2779 599 2845 existimus.
629 2778 690 2843 Sed
712 2780 797 2845 inter·
819 2788 868 2847 tot
889 2788 1025 2848 centena
1043 2780 1245 2847 inimicorum
1260 2786 1346 2846 stare

150 2882 266 2962 solum,
301 2879 327 2944 si
359 2899 408 2945 me
444 2897 520 2943 vere
550 2877 697 2960 diligitis,
730 2880 872 2946 mihimet
904 2900 1101 2964 nequaquam
1124 2878 1345 2947 consuleretis.

150 2985 252 3066 Supra
274 2982 356 3047 cuim
378 2982 506 3046 dorsum
528 2999 632 3046 meum
657 2981 891 3048 fabricaverunt
912 2983 1087 3049 adversarii
1109 2983 1187 3064 mei,
1215 2980 1345 3065 prolon-

150 3091 306 3166 gaverunt
328 3082 528 3163 iniquitatem
549 3083 626 3146 sibi:
649 3102 758 3148 verum
773 3084 876 3149 anima
902 3103 972 3150 mea
993 3085 1076 3150 sicut
1097 3101 1212 3167 passer
1235 3090 1346 3165 erepta

151 3191 201 3250 est
227 3184 267 3249 dc
295 3184 408 3265 laqueo
430 3183 628 3261 venantium3
651 3183 782 3264 laqueus
806 3185 1051 3264 contritusest,
1081 3191 1115 3249 et
1135 3200 1195 3250 nos
1217 3180 1345 3249 liberati

149 3304 267 3352 sumus.
291 3285 409 3350 Verum
431 3284 520 3349 vobis
535 3283 693 3364 regratior
715 3293 749 3350 et
771 3303 897 3368 semper
912 3284 1119 3367 regratiaboc
1150 3282 1214 3351 Sed
1236 3300 1344 3350 omnes

150 3387 350 3454 adversarios
382 3404 470 3451 meos
501 3385 578 3449 mihi
611 3387 745 3466 Pragam
774 3387 928 3453 remittite
952 3406 1021 3452 cum
1043 3385 1195 3459 testibus,
1229 3392 1264 3451 et
1286 3401 1343 3469 ego

149 3490 215 3554 illic
229 3506 320 3570 agam
335 3505 460 3552 causam
483 3505 552 3551 cum
576 3485 704 3551 eisdem.
727 3488 791 3552 Aut
806 3487 832 3552 si
849 3486 1152 3554 eis'commodosius
1173 3486 1342 3567 videbitur,

149 3589 356 3655 ascendamus
379 3588 506 3668 curiam,
529 3588 583 3652 ubi
601 3592 720 3653 tautam
745 3588 800 3668 illi,
825 3596 974 3669 quautam
996 3606 1055 3669 ego
1081 3588 1159 3668 illic,
1182 3587 1344 3654 habebunt

149 3689 305 3755 notitiam.
335 3689 484 3754 Ceterum
507 3689 588 3755 scire
612 3688 731 3768 velitis,
755 3689 839 3770 qnod
861 3709 946 3756 eram
969 3689 1001 3753 in
1025 3696 1132 3755 vestra
1154 3687 1291 3755 ecclesia
1310 3688 1342 3753 in

149 3791 222 3871 Laa,
245 3796 279 3855 et
300 3788 417 3854 ibidem
439 3791 623 3870 magistrum
655 3790 781 3855 scholae
804 3791 1010 3856 invitaveram
1033 3798 1066 3855 ct
1087 3790 1249 3857 notarium
1270 3789 1341 3856 civi-

150 3891 234 3972 tatis,
256 3909 376 3956 memor
392 3891 490 3957 vestri
511 3889 673 3970 beneficii;
696 3899 730 3956 et
751 3891 778 3956 si
793 3910 937 3973 umquam
960 3895 1082 3974 potero,
1105 3892 1244 3958 serviam
1255 3888 1340 3958 vobis

149 4001 183 4058 et
204 3994 329 4058 vestris.
375 3993 495 4057 Valete.

247 4093 406 4174 Scriptum
421 4093 454 4158 iu
468 4092 636 4171 Wietovia,
659 4100 731 4176 post
745 4085 943 4160 nativitatem
966 4092 996 4160 S.
1011 4093 1132 4159 Mariae
1147 4093 1230 4161 feria
1244 4098 1336 4160 sexta

534 4193 576 4260 M.
599 4195 812 4279 Hieronymus
835 4195 874 4260 de
902 4198 1012 4277 Frage,
1036 4200 1144 4261 vester
1165 4212 1300 4279 semper.

147 4446 346 4461 -.....-..-σ

207 4520 232 4587 ’)
251 4524 342 4569 Bictow
365 4518 458 4582 [lingua
484 4532 557 4579 germ.
584 4516 653 4564 hodie
679 4516 790 4580 vostro),
816 4528 862 4564 arx
888 4516 1010 4566 Moraviae
1036 4517 1093 4566 olim
1118 4514 1288 4572 manichaicus,
1309 4504 1333 4558 in

250 4607 363 4653 ductrice
380 4603 479 4651 confinio
497 4604 556 4658 sita,
580 4617 607 4648 ao
625 4609 729 4661 tempore
747 4602 868 4647 domiuum
890 4603 1035 4662 agnoscebat
1051 4594 1166 4650 Joonnem
1184 4603 1215 4651 do
1231 4600 1332 4649 Lichm·

249 4691 352 4751 burget
369 4688 469 4745 Bictovv,
488 4686 551 4734 Huni
567 4686 685 4734 asseclam
701 4691 727 4732 ot
742 4685 854 4734 amicum.
