2992 5258
156 420 217 484 526
393 415 597 470 Controversiae
615 413 650 470 de
667 414 798 483 religione
816 416 843 470 in
861 414 1004 472 Bohemia:
1023 418 1097 473 1414.

156 619 237 699 velle
259 619 292 683 in
314 622 382 685 tam
392 618 554 683 viscerosa
567 617 783 699 proximorum
798 619 942 686 earimte
965 620 1111 703 Denique
1132 620 1353 703 monstraturi,

156 727 307 801 quantum
340 720 447 800 vigeat
468 721 564 785 etiam
593 719 747 785 adversus
769 737 844 786 suos
871 721 958 787 zelus
980 720 1054 788 fidei
1087 723 1173 805 apud
1205 723 1354 789 christia·

154 822 318 886 nissimum
340 839 447 902 regem
463 828 606 887 nostrum
628 821 780 887 Franciae
796 829 830 889 et
844 823 1129 905 praeclarissimam
1150 823 1250 891 filiam
1264 841 1354 891 suam

155 922 397 988 universitatem
418 922 644 1003 Parisiensem‚
677 921 762 986 unde
784 923 957 1002 gloriamur
990 925 1024 988 in
1046 925 1191 999 domino,
1224 925 1354 1009 dignum

61 1047 64 1055 ¹
155 1022 300 1088 duximus
316 1023 534 1089 transmittere
551 1023 661 1088 literas
683 1029 831 1105 patentes
854 1024 996 1105 ejusdem
1018 1026 1056 1092 D.
1079 1027 1177 1108 Regis
1199 1047 1238 1094 ac
1260 1045 1354 1110 prae·

155 1122 238 1187 fatae
269 1123 488 1188 universitatis
518 1124 635 1187 Revera
666 1123 744 1190 Pata
770 1124 851 1205 Vm,
884 1142 978 1207 quam
1010 1134 1182 1193 conservet
1212 1145 1354 1193 summus

154 1223 328 1288 animarum
360 1231 471 1304 pastor
494 1230 526 1288 et
555 1223 696 1304 agricola
716 1242 825 1305 verus,
859 1226 913 1306 qui
935 1232 986 1292 est
1007 1226 1086 1292 deus
1108 1227 1299 1294 benedictus
1321 1229 1354 1292 in

154 1324 269 1390 secula.
290 1324 424 1405 Reliqua
446 1324 531 1390 dicet
552 1325 635 1390 lator
655 1326 881 1408 praesentium.
904 1328 992 1392 Bene
1014 1328 1128 1394 valete.

254 1425 414 1507 Scriptum
440 1425 579 1504 Parisiis
596 1426 746 1491 vicesima
760 1427 897 1511 septima
910 1422 995 1510 Maji
1011 1428 1120 1510 vigilia
1133 1428 1352 1510 Pentecosten

155 1525 213 1590 sub
241 1526 365 1608 signeto
388 1526 429 1597 de
463 1545 557 1593 manu
579 1526 709 1610 propria
738 1534 771 1593 et
793 1528 897 1609 sigillo
920 1528 1128 1595 cancellariae
1150 1528 1352 1595 Parisiensis.

870 1629 1012 1696 Joannes
1033 1631 1073 1696 de
1095 1629 1252 1698 Gereono.

719 2011 781 2086 60.

156 2239 379 2325 Conradus
425 2239 775 2348 archiepiscopus
821 2236 1051 2348 Pragensis
1091 2235 1255 2321 loanni
1296 2235 1345 2319 de

156 2373 350 2459 Gersono
394 2372 677 2484 respondens,
722 2373 778 2456 ad
818 2373 1015 2456 haereses
1051 2371 1346 2483 exstirpandas

153 2512 472 2618 paratissimum
486 2537 531 2591 se
553 2537 644 2591 esse
670 2507 897 2615 profitetur
922 2518 1149 2619 rogatque,
1177 2519 1227 2591 nt
1244 2537 1345 2590 nun-

265 2646 325 2728 tio
352 2673 429 2727 suo
455 2642 584 2727 Petro
611 2643 665 2726 de
691 2641 835 2755 Praga
865 2642 972 2725 fides
1002 2643 1228 2727 habeaon.

587 2892 699 2960 Pragae‚
718 2892 792 2959 1414,
810 2894 827 2944 2
846 2893 916 2959 Aug.

698 3097 850 3112 -ae———fi

527 3195 587 3259 (En
604 3195 697 3249 eodem
714 3194 815 3260 codice,
827 3193 880 3262 sol.
900 3191 976 3259 137.)

352 3499 535 3564 Venerabili
565 3506 599 3565 et
635 3497 765 3580 egregio
795 3498 878 3578 viro,
911 3498 950 3562 D.
972 3496 1088 3563 loanni
1111 3495 1166 3580 (de
1189 3491 1340 3578 Gersonol

434 3600 622 3666 cancellario
638 3601 739 3664 almae
761 3598 980 3664 universitatis
994 3617 1031 3664 ac
1053 3598 1175 3666 decano
1190 3599 1341 3666 facultatis

435 3701 614 3780 theologiae
636 3700 836 3781 Parisiensia
862 3701 963 3765 amieo
985 3706 1095 3766 nostro
1119 3699 1294 3766 carissimo.

252 3852 453 3917 Venerabilis
476 3859 509 3916 et
530 3852 659 3933 egregie
687 3851 830 3930 domine,
860 3851 959 3916 amice
981 3857 1097 3917 noster.
1115 3850 1339 3919 sincerissime!

151 3953 352 4018 Avisationes
385 3960 418 4018 et
440 3952 559 4034 scripta
580 3959 687 4017 vestra
719 3970 816 4034 super
838 3952 1066 4034 exstirpatione
1095 3962 1245 4020 errorum
1264 3954 1340 4020 illius

136 4053 410 4136 'perniciosissimi
440 4052 681 4118 haeresiarchae
704 4052 861 4132 quondam
881 4050 1014 4118 Joannis
1027 4052 1151 4134 Wielel,
1175 4053 1271 4120 nobis
1290 4068 1340 4136 per

150 4155 281 4220 Petrum
310 4154 349 4219 de
372 4155 475 4234 Praga
507 4159 705 4219 ostensorem
731 4152 947 4234 praesentium
969 4172 1028 4234 per
1050 4153 1128 4218 V¹⁵¹³
1151 4154 1275 4220 Revtim
1294 4153 1340 4220 de·

151 4256 295 4333 sanatas,
317 4255 484 4334 grateimo
500 4255 679 4335 gratissime
694 4254 919 4319 nosnoveritis
942 4253 1114 4336 recepisse;
1140 4256 1339 4338 volumusque

150 4354 367 4433 libentissime,
391 4359 487 4438 prout
508 4373 547 4418 ex
569 4354 677 4419 debito
700 4361 854 4434 tenemur,
877 4353 982 4419 lacere
998 4360 1096 4420 totam
1119 4360 1265 4421 nostram
1278 4353 1338 4421 uili·

151 4456 302 4535 gentiam,
336 4462 432 4537 prout
453 4454 665 4521 effectualiter
686 4455 835 4535 fecimus,
869 4454 953 4536 quod
976 4455 1058 4521 tales
1081 4474 1213 4522 errores
1235 4455 1336 4522 exstir-

150 4562 282 4636 pentur,
310 4557 433 4623 etiamsi
456 4555 645 4621 deberemus
668 4562 801 4638 propter
824 4556 883 4621 boo
907 4573 1068 4637 exponere
1090 4556 1230 4623 animam
1251 4562 1336 4637 atque

150 4673 276 4738 corpus.
298 4657 460 4737 Rogantes
481 4657 613 4723 eandem
624 4656 907 4723 Venerabilitatem
931 4656 1006 4721 Vram
1028 4656 1141 4723 intimo
1165 4676 1206 4723 er
1219 4655 1333 4729 meatu
