2992 5258
627 404 742 462 Articuli
760 404 824 459 anni
842 405 916 459 1409.
1309 409 1369 474 169

270 609 343 673 Iota
363 609 523 672 manatio
537 614 582 671 eet
605 605 721 670 similia
735 607 931 670 acaeeate'oni
953 607 1093 672 caecet:
1113 608 1275 670 commovit
1296 609 1368 670 ani-

170 731 298 772 vereom
317 710 487 788 Judaeum,
508 708 637 772 Jadaea
659 708 812 788 incipiens
833 727 855 769 a
878 706 1028 770 Galilaea
1048 728 1144 789 neptae
1164 709 1231 769 hac.

272 811 321 875 Ex
343 809 515 894 praedictis
537 810 636 890 igitur
663 815 696 873 ct
724 807 795 872 aliis
818 808 922 872 causis
944 826 1037 889 quam
1059 808 1204 891 pluribus
1226 809 1278 875 hic
1305 828 1368 874 non

170 912 333 995 expressis
354 911 392 975 D.
415 909 684 991 archiepiscopus
707 908 981 990 praecipitatque
1003 909 1140 989 mandat,
1170 909 1255 992 quod
1277 928 1369 991 prae-

171 1013 278 1078 dictus
299 1011 340 1076 Μ.
362 1012 453 1077 loon.
476 1010 545 1074 Hos
568 1010 682 1075 doceat
704 1008 745 1072 de
767 1009 930 1074 erectione
952 1011 1093 1090 capellae
1115 1010 1220 1076 dictae
1241 1011 1367 1076 Bethle-

172 1115 255 1192 hem,
278 1113 312 1178 in
336 1131 398 1195 qua
419 1111 584 1195 praedicat
606 1111 723 1193 populo
745 1128 809 1175 oon
831 1111 961 1193 proprio
984 1111 1042 1175 sed
1057 1111 1170 1177 alieno.

269 1213 370 1275 Docet
397 1212 577 1273 erectionem
607 1209 787 1273 Bethlehem
809 1211 856 1273 D.
877 1211 1018 1273 Joannie
1047 1213 1290 1293 archiepiscopi,
1319 1215 1371 1292 pai

163 1315 290 1394 primae
312 1311 434 1394 lapidee
455 1314 602 1374 manitas
622 1313 690 1374 eaie
706 1312 825 1390 poseat,
848 1312 1058 1394 confirmatio,
1085 1312 1207 1376 damini
1228 1315 1310 1397 reaia
1332 1312 1370 1376 li·

168 1415 309 1489 certatio,
334 1412 481 1495 &reperii
492 1432 597 1494 papae
614 1410 839 1494 pricilepiatia
860 1431 915 1491 epo
943 1419 1048 1474 autem
1069 1414 1257 1476 auctoritate
1278 1413 1329 1476 dei
1342 1422 1371 1475 et

169 1515 396 1596 archiepiscopi
421 1520 545 1577 vocatae
566 1521 595 1574 et
623 1515 826 1594 confirmatae
855 1513 899 1574 ad
918 1513 1185 1594 praedicationem
1206 1516 1289 1576 aerei
1310 1514 1370 1587 dei,

166 1616 352 1697 praedicavi
365 1617 401 1678 in
414 1613 474 1677 illa
489 1612 610 1695 capella
634 1616 757 1676 everam
772 1613 832 1676 dei.
855 1613 1014 1689 Quoniam
1028 1634 1117 1676 nemo
1139 1622 1185 1678 eet
1206 1613 1370 1696 ohlipataa

169 1718 251 1798 qaod
271 1736 337 1779 non
357 1716 472 1778 audiat
493 1710 617 1778 vertam
640 1714 699 1788 dei,
720 1714 786 1776 aiei
806 1715 842 1776 in
863 1735 923 1776 ceca
940 1717 1105 1797 parochia,
1128 1717 1202 1796 qaia
1217 1717 1369 1797 tancsea·

171 1827 233 1881 trac
253 1827 284 1880 et
304 1817 452 1880 monachi
470 1836 535 1877 non
555 1815 696 1878 deberem
707 1815 905 1896 praedicare,
928 1836 983 1878 nee
1003 1816 1121 1897 aliquia
1140 1816 1301 1897 plebanas,
1317 1837 1371 1879 nee

170 1941 246 1981 electe
271 1920 410 1982 aicarina
439 1918 558 1980 deleret
579 1917 624 1979 ad
645 1917 842 1979 audiendam
863 1920 988 1980 emtam
1011 1917 1062 1980 dei
1083 1917 1204 1980 alienae
1222 1918 1369 1999 paroehi-

172 2040 251 2082 anoe
271 2020 447 2082 admittere.

271 2120 311 2185 It.
327 2127 462 2202 quatens
483 2120 606 2197 doceat
632 2119 722 2200 cuius
744 2118 935 2184 auctoritate
958 2119 991 2182 in
1013 2119 1099 2185 dicta
1120 2120 1242 2203 capella
1256 2120 1369 2184 solem·

173 2223 256 2287 niter
289 2226 415 2286 etcum
436 2228 532 2286 cantu
553 2220 661 2285 divina
682 2229 881 2302 peraguntur
904 2237 962 2301 per
984 2239 1055 2285 eum
1080 2221 1131 2285 vel
1151 2220 1232 2286 alios
1264 2239 1369 2287 sacer-

175 2321 274 2396 dotes,
298 2322 432 2386 clericos
453 2327 488 2386 et
507 2321 682 2386 ministros.

271 2420 502 2502 Ileepondetar,
525 2420 607 2501 qnod
621 2421 810 2483 anctoritate
825 2420 934 2483 divina
955 2429 985 2483 et
999 2423 1188 2485 anctoritate
1208 2422 1371 2485 erectionis
1466 2418 1473 2429 '

175 2527 199 2582 et
218 2522 468 2604 confirmationis
487 2521 589 2602 ipsine
609 2520 755 2602 capellae.

749 2836 786 2908 3.

219 3022 398 3109 Articuli
428 3056 455 3109 a
485 3024 696 3110 Michaele
726 3024 779 3107 de
812 3023 963 3110 Caucis
994 3027 1177 3113 Romam
1207 3033 1325 3113 misai

630 3188 743 3247 anno
778 3165 903 3244 1412.

670 3378 870 3392 ...ηρ-..μ-

269 3458 297 3511 Ε
312 3456 375 3511 ΜΒ.
394 3456 496 3525 eodeni,
513 3475 572 3528 pap
599 3456 713 3527 12-215.
779 3497 782 3503 ,

380 3709 557 3777 „articulatio
574 3711 717 3767 Michaelis
739 3711 773 3772 de
791 3716 887 3771 causis
907 3715 1074 3780 instigatoris
1097 3730 1195 3770 musae
1219 3722 1314 3771 contra
1331 3716 1367 3770 M.

436 3793 534 3848 Joann.
553 3794 612 3849 lius
629 3796 657 3849 in
675 3797 750 3850 coria
768 3797 914 3852 Romane.“

269 3929 608 4009 Hicpoeniarticaloe‚
631 3949 707 4011 qaae
723 3931 994 4012 poaacuataet,
1010 3933 1248 4014 olimplehanae
1257 3933 1369 3996 Sancti

151 4010 346 4106 Adultera,
376 4031 429 4109 qai
450 4036 578 4093 coeatur
599 4029 741 4095 Michael
761 4031 798 4098 de
811 4031 936 4109 aenae,
958 4036 993 4095 in
1014 4032 1117 4097 lilello
1139 4033 1242 4096 oblato
1257 4041 1368 4097 eontra

149 4124 211 4223 ''l-e
241 4129 330 4205 Hae,
360 4129 405 4191 ad
427 4150 502 4209 qaae
522 4150 604 4210 pona
625 4133 856 4213 reaponeionee,
885 4141 920 4200 nl
941 4154 1007 4195 eron
1022 4141 1146 4217 peccent
1167 4135 1202 4196 in
1225 4153 1274 4194 me
1290 4152 1366 4213 pro·

144 4223 260 4307 hemi,
279 4230 489 4304 ammenta,
512 4231 595 4311 qaod
615 4229 690 4297 illos
710 4231 864 4300 attenta
885 4233 1066 4299 demissent.

270 4329 461 4392 Artimelavit
482 4331 565 4392 inter
586 4339 689 4395 cetera
707 4333 771 4397 oie:
789 4334 905 4413 Prima
928 4334 1013 4416 quod
1034 4335 1076 4399 M.
1096 4336 1188 4400 loon.
1212 4335 1281 4400 Has
1303 4342 1367 4402 tam

151 4405 200 4476 (1⁸
233 4446 335 4495 manso
356 4430 454 4509 lunii,
477 4449 562 4496 anno
581 4431 701 4503 domiai
722 4433 979 4513 M⁰CCCC⁰XI⁰‚
1003 4454 1095 4514 quarn
1118 4435 1214 4500 etiarn
1235 4444 1310 4501 aute
1333 4445 1366 4502 et

157 4527 259 4606 lost,
279 4530 310 4594 io
332 4531 456 4613 capella
477 4531 664 4597 Bethlehem
687 4534 876 4615 praedicans
897 4535 937 4602 ad
966 4535 1130 4617 populoru,
1155 4542 1231 4601 tunc
1254 4539 1286 4601 in
1308 4556 1366 4601 rru-

163 4627 260 4693 htero
273 4632 371 4700 triuio·
380 4632 512 4700 ahaua
527 4639 561 4703 et
574 4633 712 4720 plurium
726 4635 759 4708 ip
774 4634 860 4701 dicta
874 4635 996 4721 capella
1015 4635 1191 4714 collectum,
1214 4643 1249 4703 et
1270 4637 1365 4711 etiam
