2992 5258
153 393 214 456 594
258 379 261 384 ’
403 389 606 445 controversiae
624 389 658 443 de
676 390 806 458 religione
825 391 852 444 in
869 390 1013 445 Bohemia:
1033 391 1104 444 1415.

153 590 298 658 mittemus,
317 592 390 643 utin
409 591 508 644 nostris
527 590 650 645 dominiis
669 591 785 659 amplius
807 589 1001 658 praedicatoris
1018 606 1130 645 munere
1148 590 1290 658 fungatur.
1308 590 1351 643 Sin

153 673 212 740 quis
231 674 418 742 episcoporum
436 674 604 729 sacerdotem
623 676 774 742 quempiam
793 675 902 742 injuste,
921 674 999 741 clam,
1019 674 1094 728 nullo
1113 690 1146 728 ex
1163 674 1253 728 literis
1270 673 1351 726 sacris

152 758 250 811 hausto
276 767 434 825 argumento
463 768 542 812 utens
568 759 716 826 puniverit:
734 758 804 813 tales
831 758 986 812 sacerdotes
1010 775 1063 812 non
1089 758 1208 827 amplius
1236 758 1350 813 sinemus

153 857 203 895 nec
221 842 354 909 patiemur
372 843 406 897 ab
425 858 457 897 eo
475 844 602 911 episcopo
620 845 647 897 iu
663 843 710 911 jns
728 844 826 910 vocari,
845 843 894 899 sed
911 850 1059 909 erectore,
1078 841 1235 897 doctoribus
1253 848 1283 897 et
1297 857 1350 897 rna·

152 927 244 993 gistris
263 925 415 992 theologiae
434 927 616 982 universitatis
640 928 722 982 studii
740 928 898 995 Pragensis‚
927 933 958 980 ut
975 928 1002 980 bi
1021 927 1074 981 sint
1090 926 1188 981 arbitri
1205 925 1349 981 meandum

152 1009 239 1078 legem
259 1009 302 1063 dei
321 1009 434 1077 ejusque
453 1025 557 1064 sacram
576 1013 745 1079 scripturam.
780 1011 848 1065 item
868 1012 993 1065 convenit
1010 1011 1080 1064 inter
1098 1026 1163 1077 nes,
1181 1018 1212 1064 ut
1229 1010 1349 1065 omnibus

103 1152 106 1161 ,
152 1092 354 1158 sacerdotibus,
373 1094 462 1160 quiin
481 1101 573 1148 nostra
591 1094 693 1149 ditione
712 1101 788 1163 suut,
807 1094 1011 1157 mandaremus,
1030 1109 1063 1146 ne
1081 1093 1153 1148 ullas
1172 1094 1348 1148 excommnni-

153 1178 272 1231 cationes
290 1193 306 1229 a
324 1193 458 1245 quoquam
476 1176 529 1232 alio
554 1180 715 1247 acciperent,
733 1179 784 1231 nisi
803 1178 837 1231 ab
855 1179 887 1232 iis
906 1179 1049 1246 episcopis,
1067 1177 1113 1246 qui
1131 1179 1158 1231 in
1177 1178 1309 1232 Behemia
1324 1184 1348 1230 et

151 1261 273 1315 Moravia
297 1261 374 1314 nobis
392 1263 538 1329 praepositi
556 1269 632 1329 sunt;
650 1263 746 1316 herum
777 1262 848 1315 enim
865 1262 1037 1316 citationibus
1055 1268 1083 1315 et
1100 1261 1229 1328 legitimis
1247 1276 1347 1315 excern-

152 1345 379 1400 municationibus
393 1345 510 1400 libenter
527 1347 649 1400 volumus
667 1346 789 1413 obsequi.
809 1347 837 1402 Si
855 1346 989 1414 quievero
1001 1347 1200 1413 episcoporum,
1216 1346 1264 1413 qui
1276 1345 1347 1401 nobit

151 1430 299 1498 praepositi
318 1435 394 1496 sunt,
420 1428 462 1482 vel
481 1445 530 1483 nos
548 1430 591 1482 vel
609 1430 765 1483 sacerdotes
782 1437 889 1483 riostres
906 1429 1015 1498 injustis
1032 1429 1346 1483 excommunicationibus

151 1513 194 1567 vel
212 1514 352 1567 viverere
376 1513 492 1567 voluerit
515 1520 627 1582 prepter
644 1515 754 1567 verbum
778 1513 822 1567 dei
839 1514 882 1566 vel
900 1513 960 1581 ejus
977 1514 1065 1581 legem
1082 1513 1125 1566 vel
1144 1520 1257 1581 propter
1278 1511 1346 1566 alind

152 1596 289 1665 quiddam,
308 1596 341 1650 de
360 1613 412 1664 quo
431 1597 568 1650 seculares
584 1596 694 1664 judices
713 1599 875 1651 sententiam
892 1597 964 1650 ferre
983 1613 1032 1664 par
1050 1604 1100 1664 ost,
1119 1597 1152 1649 iis
1171 1596 1345 1651 excommuni-

152 1682 303 1737 cationibus
321 1697 374 1735 non
393 1681 639 1749 obtemperabimus
656 1698 743 1748 neque
763 1697 809 1734 eas
827 1682 999 1749 accipiemus
1017 1680 1066 1735 sed
1084 1682 1244 1736 resistemus
1262 1681 1346 1734 nobis-

151 1781 203 1834 que
221 1766 333 1823 invicem
361 1780 437 1833 opem
468 1764 598 1832 feremus,
628 1780 662 1818 ne
680 1766 727 1818 tali
754 1765 833 1818 ruodo
852 1781 986 1818 vexemur.
1022 1765 1090 1818 ltem
1109 1765 1130 1819 si
1150 1765 1211 1832 quis
1230 1764 1345 1832 qualibet

152 1855 264 1903 externa
287 1849 560 1902 excommunicatione
587 1865 635 1901 nos
663 1849 777 1902 veluerit
804 1863 912 1914 vexare,
934 1848 961 1902 in
984 1849 1140 1902 societatem
1166 1848 1344 1915 auxiliumque

150 1939 271 1987 assumta
287 1933 408 1999 potentia
432 1932 564 1995 seculari,
591 1931 721 1990 debemus
743 1933 918 1999 volumusque
937 1932 1013 1986 nobis
1032 1933 1146 1985 invicem
1164 1947 1245 2000 opem
1264 1931 1339 1996 ferre,

151 2030 185 2070 ne
202 2032 339 2084 vexemur,
359 2012 574 2084 quandoquidem
594 2016 719 2082 legitimis
738 2022 840 2070 tantum
860 2015 1181 2070 excommunicationibus
1199 2023 1229 2069 et
1246 2016 1343 2070 citatis

92 2095 97 2104 ’
151 2100 230 2154 nibus
253 2107 406 2175 nestrorum
431 2101 616 2169 episcoporum
641 2100 828 2167 obtemperare
850 2101 980 2155 velumus.
1014 2103 1054 2153 Aa
1081 2101 1104 2154 si
1122 2099 1223 2154 dilecte
1242 2098 1342 2154 domine

151 2183 210 2252 deo,
230 2201 299 2253 qnae
318 2185 378 2253 ejus
397 2194 438 2239 est
456 2185 608 2251 clementia,
628 2184 736 2238 efficere
755 2185 897 2254 videbitur,
915 2192 946 2239 ut
962 2201 1033 2254 papa
1050 2184 1167 2252 eligatur
1184 2198 1219 2237 ea
1237 2184 1343 2248 ratione,

150 2285 205 2336 qua
230 2268 361 2337 majorum
385 2276 537 2323 nestrorum
562 2275 652 2323 aetate
674 2269 733 2324 fieri
752 2271 871 2338 solebat,
900 2271 976 2338 isque
994 2285 1091 2323 munus
1108 2284 1187 2322 suum
1205 2267 1344 2335 sedemque

151 2352 327 2420 apostolicam
345 2353 471 2406 liberent
488 2360 615 2422 potenter
633 2353 758 2407 sincello
776 2352 967 2420 impedimento
985 2359 1088 2407 teneat:
1108 2359 1165 2407 tum
1183 2352 1220 2408 ad
1238 2353 1343 2408 sanctis-

151 2437 247 2489 simum
264 2444 367 2504 patrem
391 2437 495 2504 legatos
513 2437 658 2504 mittemus,
676 2439 721 2506 qui
735 2437 768 2491 de
786 2438 883 2505 insigni
901 2438 1047 2505 ignominia
1063 2438 1136 2506 aprrd
1155 2455 1217 2492 eum
1235 2452 1344 2506 conque·

151 2526 253 2588 rantur,
272 2535 325 2587 qua
343 2535 432 2575 coram
445 2522 570 2574 universa
588 2521 704 2575 ecelesia
725 2521 872 2575 christiana
890 2521 981 2575 affecti
998 2537 1098 2589 sumus,
1117 2522 1198 2576 etde
1216 2522 1342 2576 demerita

150 2602 274 2671 falsaque
300 2605 499 2672 criminatione,
529 2621 583 2671 qua
607 2622 718 2674 reguum
742 2606 888 2659 Bobemiae
913 2605 1103 2660 dedecoratum
1129 2613 1178 2661 est.
1216 2604 1343 2675 Quidquid

150 2693 240 2740 autem
259 2687 329 2756 Ejus
357 2688 492 2742 Sanctitas
522 2689 600 2741 nobis
627 2688 807 2758 mandaverit,
835 2688 978 2744 dummodo
996 2707 1030 2744 ne
1048 2689 1075 2742 id
1093 2688 1145 2743 deo
1164 2690 1280 2760 ejusque
1295 2689 1343 2760 logi

151 2780 291 2842 repugnet,
310 2773 469 2839 morigerari
487 2772 609 2825 volumus
622 2773 691 2841 Ejus
710 2773 860 2837 Sanctitati,
880 2775 949 2827 sicut
967 2773 1102 2841 quondam
1119 2775 1206 2827 nostri
1224 2775 1344 2842 majores.

150 2861 239 2926 Atque
257 2858 284 2910 iu
303 2858 345 2911 his
363 2858 500 2922 erunibus,
528 2872 597 2923 qrrae
615 2857 658 2912 his
680 2857 765 2910 literis
790 2859 962 2912 continentur
979 2874 1011 2911 ac
1029 2858 1179 2925 perscripta
1198 2866 1275 2926 sunt,
1301 2873 1343 2912 nos

150 2957 233 3009 supra
246 2941 337 3008 scripti
350 2941 471 2994 velumus
489 2941 566 2995 nobis
585 2942 695 2995 invicem
709 2958 786 3010 opem
799 2941 982 3010 arixiliumque
994 2941 1076 3009 ferre,
1086 2942 1342 3011 oppigneramnsque

150 3027 277 3080 bonorem
297 3033 324 3078 ot
346 3025 426 3078 fidem
444 3042 476 3079 ac
493 3026 690 3094 possessionem
709 3033 834 3079 nostram.
871 3026 917 3080 Sin
936 3027 995 3094 quis
1014 3033 1134 3080 nostrum
1157 3042 1174 3080 a
1198 3027 1277 3082 nobis
1302 3026 1342 3081 de·

150 3110 247 3163 sciscet
256 3125 344 3176 neque
362 3126 411 3162 aes
423 3110 449 3162 in
468 3111 509 3175 iis,
528 3127 597 3177 quae
616 3126 698 3178 supra
716 3113 988 3190 commemoravimus,
1008 3109 1156 3179 adjuvabit,
1176 3117 1205 3164 et
1222 3110 1342 3175 barenes,

150 3210 263 3262 querum
281 3195 389 3247 nomina
406 3194 492 3261 prima
511 3195 611 3261 scripta
629 3201 708 3259 sunt,
737 3195 843 3262 t‘euko,
872 3195 976 3261 Laclre,
995 3195 1086 3248 Bedlro
1104 3194 1196 3248 senior
1216 3194 1343 3250 communi

151 3280 283 3333 sententia
298 3294 358 3331 eum
372 3282 476 3331 sentem
492 3278 662 3347 judicabunt,
681 3280 704 3332 is
714 3280 848 3346 jacturam
862 3281 981 3347 patiatur
998 3279 1116 3347 honoris,
1136 3278 1201 3334 fidei
1219 3279 1342 3334 omnium·

150 3380 210 3431 que,
229 3379 298 3430 quae
317 3362 450 3430 possidet;
478 3363 575 3416 ceteris
599 3371 702 3429 aretem,
725 3364 769 3429 qui
788 3363 926 3416 eouveutis
945 3363 1055 3416 stabunt
1072 3362 1178 3430 sibique
1197 3364 1311 3418 invicem
1320 3364 1342 3416 in

150 3449 190 3512 iis,
208 3463 277 3514 qnae
291 3462 374 3512 supra
386 3452 594 3499 commemorata
607 3455 678 3513 sunt,
697 3463 774 3514 opem
788 3447 883 3513 ferent,
904 3448 945 3500 iris
963 3448 1033 3500 bena
1046 3447 1107 3511 ejus
1119 3463 1254 3515 occupare
1265 3447 1341 3501 liccat

149 3532 174 3584 ri
192 3538 239 3583 aut
248 3532 318 3598 jure,
337 3530 382 3582 ille
403 3546 465 3583 vero
484 3545 517 3582 ue
530 3531 640 3583 resistat
653 3546 738 3597 neque
756 3531 837 3583 verbo
851 3547 937 3598 neque
950 3530 1029 3584 facto
1050 3530 1077 3583 Si
1096 3531 1156 3598 quis
1175 3548 1240 3586 vero
1252 3546 1338 3586 eornm

150 3616 229 3668 trium
247 3615 386 3680 baronum,
409 3597 501 3667 (tenne
520 3614 561 3665 vel
580 3615 672 3667 Lacko
693 3615 734 3667 vel
754 3615 844 3668 Betim
863 3615 995 3668 ‹lesciscet
1012 3630 1099 3682 neque
1118 3616 1159 3682 iia,
1178 3632 1249 3684 quae
1267 3629 1341 3684 snpra

149 3699 299 3767 perscripta
316 3704 393 3760 sunt,
424 3696 508 3750 stabit
533 3707 559 3751 et
577 3698 672 3764 reliqui
692 3698 744 3752 dno
769 3700 901 3752 communi
921 3700 1055 3752 sententia
1073 3714 1133 3752 eum
1152 3707 1259 3754 sontem
1274 3696 1339 3766 judi·

149 3783 261 3835 oabunt:
285 3781 405 3849 pignoris
432 3798 511 3849 supra
542 3784 739 3836 commemorati
757 3784 891 3849 jacturam
920 3783 1010 3836 faeiat.
1047 3783 1074 3836 Si
1101 3798 1165 3837 vere
1184 3784 1238 3837 duo
1256 3798 1340 3838 eorum

150 3868 229 3919 trium
242 3867 372 3919 baronum
386 3864 545 3929 (laesissent,
565 3867 669 3933 tertius,
689 3868 734 3933 qni
747 3869 905 3929 remambit,
926 3885 958 3920 cx
969 3868 1103 3921 sententia
1121 3867 1254 3921 baronum
1267 3880 1341 3936 supra

149 3951 308 4018 scriptorum
333 3966 381 4002 suo
402 3949 466 4014 jure
493 3957 612 4003 statuere
636 3953 747 4018 peterit,
778 3952 846 4006 diros
871 3952 932 4006 illes
957 3953 1075 4020 pignoris
1096 3951 1235 4020 jacturam
1257 3950 1340 4006 tacere

149 4039 282 4102 oportere,
301 4032 376 4085 velut
394 4034 416 4085 si
435 4035 523 4086 cuncti
542 4041 597 4088 tres
615 4037 805 4090 consentirent.
834 4036 861 4089 Si
881 4037 941 4103 quis
960 4051 1023 4089 vero
1041 4041 1138 4103 postea
1155 4036 1235 4090 nobis
1253 4050 1283 4090 se
1299 4034 1340 4091 ad·

145 4117 260 4186 jungere
279 4117 395 4170 voluerit
411 4124 492 4185 atque
518 4120 599 4172 talem
619 4121 813 4187 syngraphum,
842 4120 928 4187 qualis
947 4120 990 4172 lric
1009 4124 1064 4185 est,
1091 4119 1294 4188 conscripserit,
1311 4119 1339 4187 ci,

149 4203 171 4256 si
189 4203 371 4270 syngraphum
390 4201 501 4253 cuilibet
519 4203 599 4255 trium
619 4202 761 4267 baronum,
787 4205 830 4270 qni
850 4220 932 4273 supra
950 4203 1150 4257 commemorati
1170 4211 1247 4265 sunt,
1264 4201 1339 4257 nudi·

149 4285 230 4346 derit,
261 4303 338 4354 opem
358 4285 429 4338 ferre
453 4285 581 4340 debemus
601 4287 713 4353 perinde
737 4289 809 4339 acsi
834 4288 972 4340 uobiscum
990 4287 1032 4340 bis
1056 4287 1143 4340 literis
1166 4287 1218 4341 sub
1235 4289 1340 4356 pignere

149 4384 232 4436 supra
250 4370 349 4436 scripte
368 4386 397 4423 se
417 4371 571 4437 obligasset.
591 4371 674 4424 Porro
693 4372 713 4424 si
733 4371 839 4438 rprrerrdo
852 4379 944 4424 mutuo
962 4371 1065 4425 anxilio
1082 4377 1177 4424 contra
1195 4372 1338 4440 quempiam

148 4468 216 4520 opus
234 4452 324 4522 luerit,
343 4455 474 4508 arixilium
493 4471 541 4508 nos
555 4454 626 4508 ferre
644 4462 751 4522 oportet
768 4455 915 4510 secundum
933 4455 1089 4509 mandatnm
1107 4455 1190 4509 trium
1208 4455 1338 4519 bretonum¹

148 4554 261 4603 quorum
283 4539 392 4592 nomina
416 4540 503 4606 prima
524 4540 625 4608 scripta
648 4546 724 4599 sunt;
750 4555 781 4592 ac
804 4541 826 4592 si
850 4540 910 4607 quis
928 4541 1023 4593 borram
1040 4539 1121 4593 trium
1138 4526 1273 4595 baronum
1288 4538 1336 4591 rin

149 4619 302 4688 decesserit,
321 4622 374 4676 duo
393 4623 551 4690 superstites
570 4639 602 4676 ex
621 4624 732 4676 arbitrio
751 4639 808 4690 suo,
832 4624 1045 4691 quotiescunque
1064 4638 1132 4690 eprrs
1152 4624 1213 4690 erit,
1232 4623 1333 4678 tertiam
