2992 5258
269 432 309 483 51.
328 424 440 484 Docum.
458 426 492 507 de
510 428 629 495 generali
647 426 749 499 synodo
766 429 831 484 cleri
848 429 907 484 Βοὴ
933 444 968 481 ur.
981 429 1061 484 Febr.
1208 434 1271 498 479

73 650 190 716 purum
212 633 329 699 bonum
352 643 407 700 aaut
422 635 476 700 uhi
491 654 553 701 non
571 635 767 717 praecipitur
783 653 896 717 purum
910 635 1036 714 malum,
1060 635 1117 700 scd
1132 631 1270 701 medium

74 735 272 816 praecipitur
293 741 349 800 aut
370 735 568 817 prohibetur.

174 834 212 899 ln
236 836 295 900 hoc
317 837 412 900 etiam
435 832 526 900 tieret
549 837 719 901 concordia
741 836 773 901 in
796 839 882 902 clero
897 842 930 901 et
945 837 1082 902 sublatio
1097 835 1270 918 pestiferae

74 938 228 1001 materiae
262 936 492 1013 dissensioniS,
526 936 650 1017 quaudo
688 938 840 1020 partiales
879 937 1000 1018 clerici,
1034 939 1137 1004 tribus
1170 937 1271 1004 modis

74 1038 269 1119 supratactis
299 1057 319 1103 a
345 1038 570 1103 communitate
605 1044 838 1117 extraneantes,
872 1038 1078 1103 attenderent
1107 1038 1269 1106 doctrinas

73 1138 278 1220 apostolicas,
300 1139 457 1203 dicentes:
484 1139 534 1215 „iu
557 1137 618 1202 tide
641 1146 746 1203 autem
767 1139 951 1204 unanimes“
970 1140 1000 1208 ll
1022 1140 1106 1204 Petri
1129 1141 1173 1219 3),
1195 1140 1272 1204 item

77 1239 228 1321 „implete
257 1237 406 1320 gaudium
431 1257 545 1317 meum,
583 1243 619 1303 ut
648 1239 730 1304 idem
758 1239 904 1321 sapiatis,
934 1239 1066 1305 eandem
1107 1241 1272 1306 caritatem

74 1339 241 1418 habentes,
272 1328 305 1404 id
334 1340 437 1422 ipsum
471 1339 665 1405 sentientes“
697 1338 752 1421 (ad
784 1339 916 1422 Philipp.
941 1339 984 1420 2),
1018 1349 1052 1405 et
1080 1341 1171 1422 juxta
1203 1341 1273 1406 illas

77 1440 243 1505 doctrinas
258 1439 396 1506 fideliter
411 1449 444 1505 et
458 1439 625 1505 manifeste
640 1448 881 1521 cognoscerent,
904 1458 939 1505 se
955 1442 1075 1507 sentire
1091 1449 1124 1508 et
1139 1441 1271 1508 credere

76 1542 166 1606 circa
187 1542 339 1607 materias
360 1540 550 1623 praedictae,
573 1541 656 1606 sicut
671 1541 806 1607 creduut
821 1548 854 1608 et
869 1542 1013 1608 sentiunt
1029 1544 1269 1608 communitates

74 1642 157 1707 cleri
179 1649 213 1707 et
235 1641 486 1707 Christianitatis
509 1661 579 1707 cum
601 1643 743 1707 Romana
765 1643 899 1707 ccclesia
920 1649 954 1707 et
975 1661 1036 1707 non
1060 1643 1163 1708 aliter.

179 1743 212 1809 Si
240 1744 312 1824 quis
341 1748 448 1807 autem
474 1742 514 1807 de
541 1745 627 1809 clero
655 1744 687 1808 iu
712 1745 893 1824 praemissis
915 1751 971 1809 aut
992 1743 1097 1825 aliquo
1119 1744 1274 1826 praemis·

75 1860 188 1907 sorum
210 1845 409 1925 reperiretur
430 1845 463 1908 in
484 1844 637 1909 Bohemia
659 1845 847 1923 contrarius,
871 1843 1004 1909 favendo
1027 1845 1197 1911 sententiis
1219 1850 1273 1909 aut

74 1944 378 2026 scripturisWiclel
395 1944 446 2007 nel
468 1944 611 2019 alterius,
634 1945 803 2009 contrariis
827 1945 911 2009 circa
926 1945 1101 2026 praemissa
1112 1945 1272 2011 Romanae

76 2045 235 2110 ecclesiae
265 2051 298 2109 et
322 2045 391 2126 ejus
419 2045 609 2124 sententiae,
641 2062 696 2109 eos
719 2045 928 2124 defendendo,
952 2046 1090 2111 tenendo
1113 2047 1163 2112 vel
1185 2063 1271 2111 asse·

76 2145 199 2210 rendo:
228 2145 302 2211 talis
330 2145 494 2210 habendus
523 2153 574 2211 est
607 2146 723 2210 nedum
756 2146 893 2212 iulidelis
925 2148 1132 2212 inhonorator
1164 2146 1274 2211 matris

75 2262 160 2311 suae
170 2246 330 2311 Romanae
353 2248 515 2325 ecclesiae,
539 2247 596 2312 sed
617 2254 653 2312 ut
665 2251 770 2328 gravis
785 2248 887 2313 hostis
903 2256 936 2313 ot
951 2249 1096 2313 inimicus
1111 2248 1276 2331 praecipui

75 2347 213 2410 honoris
227 2346 347 2412 domini
361 2349 462 2412 nostri
479 2350 564 2430 regis
580 2356 612 2415 et
628 2350 727 2431 regni,
751 2367 958 2431 praesumens
978 2349 1097 2415 inferre
1123 2351 1276 2415 maculam

75 2447 272 2512 horrendam
302 2449 364 2529 ipsi
388 2448 424 2512 D.
448 2449 527 2530 Regi
558 2457 590 2515 et
619 2469 718 2531 regno
746 2467 816 2526 suo;
852 2451 988 2532 talisque
1017 2469 1076 2533 per
1109 2468 1276 2516 censuram

76 2547 331 2613 ecclesiasticam
354 2555 404 2614 est
425 2550 655 2630 emendandum
681 2552 765 2632 quod
788 2552 814 2613 si
837 2552 954 2630 corrigi
970 2552 1117 2629 uoluerit,
1140 2549 1276 2617 seculari

70 2648 202 2730 judicio
224 2658 273 2716 est
295 2651 479 2716 tradendus.

183 2750 264 2815 Item
284 2752 369 2832 quod
391 2750 495 2814 nullus
520 2752 631 2816 honori
648 2753 685 2814 D.
698 2753 793 2832 Regis
817 2759 850 2816 et
872 2754 920 2816 sui
943 2753 1034 2828 regni
1057 2753 1165 2816 favens
1182 2752 1278 2818 debet

76 2850 130 2913 sic
150 2856 311 2915 errantem
334 2858 367 2915 et
388 2854 582 2917 contrarium
606 2854 765 2918 Romanae
788 2854 941 2918 ecclesiae
969 2851 1142 2917 defendere
1165 2854 1276 2933 quovis

76 2949 185 3013 modo.

183 3051 222 3116 lt
250 3056 323 3130 quia
345 3056 429 3120 XLV
459 3057 593 3136 articuli,
624 3075 756 3138 quorum
788 3058 892 3120 nullus
919 3064 968 3120 ost
998 3056 1186 3130 catholicus
1221 3052 1277 3118 sed

76 3157 220 3237 quilibet
242 3175 349 3220 eorum
372 3164 428 3222 aut
450 3159 639 3238 hacreticus
663 3166 718 3223 aut
740 3177 903 3226 erroneus.
927 3164 982 3221 aut
1004 3156 1219 3233 scandalosus,
1247 3162 1279 3219 et

80 3277 145 3340 per
160 3276 357 3352 consequens
372 3258 412 3323 ad
434 3259 621 3323 deviandum
644 3279 663 3323 a
684 3268 774 3324 recta
796 3258 985 3324 credulitate
1010 3257 1173 3331 inducens,
1197 3257 1278 3321 tales

77 3365 221 3441 inquam,
244 3360 319 3441 quia
340 3360 457 3425 dudum
480 3379 538 3442 per
561 3361 1014 3440 universitateml'ragcuseru,
1038 3377 1096 3440 per
1117 3359 1277 3422 nationem

80 3463 296 3527 Bohemorum
323 3469 356 3526 ct
383 3480 441 3542 per
469 3462 651 3527 iancultatem
680 3462 889 3542 theologicam
918 3460 1060 3542 eJ'usdem
1082 3459 1179 3523 studii
1202 3466 1276 3523 sunt

79 3562 238 3645 prohibiti
279 3563 395 3640 teneri,
432 3563 534 3626 asseri
569 3563 618 3626 vel
651 3562 855 3644 dogmatisari
889 3562 948 3625 sub
981 3560 1130 3641 gravibus
1164 3558 1275 3641 poenis

80 3661 426 3741 excommunicationis,
457 3662 603 3733 inluniae
624 3670 658 3728 et
680 3662 822 3746 perjurii,
852 3670 887 3729 et·
916 3681 1017 3743 rrrrpcr
1039 3662 1070 3724 iu
1093 3666 1215 3725 aestate
1238 3657 1277 3722 dc

79 3767 247 3831 voluntate
268 3763 386 3829 domini
409 3764 511 3829 nostri
534 3765 619 3843 regis
642 3771 716 3828 sunt
738 3758 884 3828 similitor
906 3762 938 3826 in
961 3762 1122 3843 praetorio
1144 3759 1273 3842 majoris

78 3866 222 3932 ciuitatis
251 3865 421 3946 Prageusis
461 3864 630 3946 prohibiti,
672 3862 730 3928 sub
763 3882 867 3945 poena
900 3861 1092 3927 exclusionis
1125 3881 1144 3926 a
1175 3878 1275 3940 reguo

77 3967 270 4032 Boherniae:
298 3965 370 4030 ideo
398 3966 457 4030 sub
487 3966 597 4030 cadam
625 3982 729 4046 poena
757 3963 949 4029 exclusionis
972 3969 1005 4027 et
1026 3980 1130 4045 poena
1152 3979 1274 4026 excom·

78 4064 305 4132 mumcetionis
341 4066 423 4130 latae
456 4066 636 4130 sententiae
670 4064 774 4129 nullus
803 4063 921 4128 audeat
948 4062 1084 4143 aliquem
1115 4063 1153 4127 de
1185 4059 1279 4126 dictis

81 4166 228 4233 articulis
250 4185 395 4233 asserere
418 4167 467 4230 vel
490 4167 584 4231 etiarn
608 4167 830 4247 dogmatisare.

183 4269 222 4335 lt
251 4270 325 4351 quia
352 4269 406 4334 alii
432 4286 489 4334 sex
517 4269 653 4347 antioch,
684 4278 895 4334 consonantes
923 4266 997 4334 fidei
1030 4275 1063 4334 et
1096 4264 1275 4334 sententiae

84 4372 247 4436 Romanae
277 4371 440 4448 ecclesiae,
467 4369 596 4433 luerunt
621 4370 652 4433 iu
675 4374 797 4434 aestate
827 4369 859 4431 in
888 4370 998 4435 eodem
1021 4371 1182 4451 praetorio
1205 4377 1279 4451 post

81 4470 379 4538 condemnationem
420 4477 453 4535 et
493 4470 738 4551 prohibitionem
770 4469 855 4534 XLV
889 4469 1093 4535 articulorum
1130 4471 1277 4553 superius

82 4581 267 4639 notatorum
298 4588 357 4654 pro
390 4573 510 4636 honoro
540 4571 631 4636 Sedis
665 4572 885 4652 Apostolicae,
920 4572 1079 4636 Romanae
1114 4571 1277 4649 ecclesiae,

87 4684 121 4740 ct
147 4691 206 4756 pro
229 4673 351 4738 honore
373 4672 409 4735 b.
432 4671 528 4751 Regis
550 4676 584 4734 et
605 4670 694 4750 regui
725 4671 808 4735 sicut
829 4669 979 4734 catholici
1000 4671 1185 4752 approbati:
1208 4669 1280 4735 ideo
