2992 5258
1263 388 1290 453 V

94 578 252 661 inutilin);
273 600 380 662 neque
400 600 476 644 vero
499 578 605 644 editor
627 588 751 646 certum
768 581 960 666 justumque
980 583 1125 648 ordinem
1141 584 1292 651 observa·

94 679 153 756 vit,
175 677 234 741 sed
263 680 354 762 quasi
377 686 498 745 temere
529 679 658 762 singula
678 689 889 747 monumenta
910 704 969 765 per
990 688 1095 748 totum
1117 706 1198 769 opus
1229 686 1291 750 dis

93 779 204 862 posuit
225 778 276 843 rel
297 780 406 862 potius
428 780 570 864 disjecit3
592 780 692 860 locos,
714 780 815 846 libros
838 783 1090 867 manuscriptos,
1115 784 1290 866 tabularia,

95 880 214 963 quibus
241 900 319 944 usus
343 888 403 959 est,
431 902 495 945 non
521 902 757 964 usquequaque
787 891 939 948 accurate
967 884 1108 962 notavit3
1141 886 1290 969 denique,

96 979 128 1044 id
151 980 242 1062 quod
264 980 526 1045 molestissimum
550 989 609 1060 est,
644 1004 741 1064 quum
764 982 797 1047 in
819 982 964 1064 legendis
985 984 1153 1049 literarum
1179 1008 1291 1051 monu-

93 1081 213 1145 mentis
235 1079 334 1145 seculi
356 1080 424 1159 XV,
447 1103 530 1164 quae
552 1101 630 1146 sane
652 1082 815 1146 interdum
838 1082 984 1148 difficilia
1005 1083 1102 1162 lectu,
1124 1084 1290 1168 incompo-

93 1181 167 1258 sita,
196 1180 353 1246 mendosa
379 1187 467 1259 sunt,
489 1201 555 1245 non
584 1181 663 1246 satis
689 1189 836 1246 versatus
863 1190 966 1263 esset,
989 1184 1157 1250 innumera
1181 1185 1293 1250 insunt

92 1282 125 1345 in
156 1281 226 1365 ejus
255 1281 397 1346 editione
429 1281 556 1360 vitiata,
586 1302 686 1366 prava
713 1281 855 1347 lectione
884 1291 1052 1368 corrupta,
1082 1306 1210 1350 sensum
1240 1285 1291 1350 vel

93 1401 280 1464 perversum
304 1380 353 1447 vel
376 1381 500 1446 nullum
521 1382 685 1447 babentia.
708 1382 851 1460 Quorum
874 1393 1066 1467 argumenta
1087 1386 1167 1451 satis
1189 1385 1292 1450 multa

92 1480 126 1544 in
148 1480 233 1546 libro
256 1502 355 1565 supra
376 1489 627 1548 commemorato
642 1482 816 1566 protulisse
839 1483 917 1547 mihi
932 1485 1058 1563 vide0r;
1081 1485 1291 1568 quamobrem

92 1581 216 1647 ibidem
245 1586 335 1666 (pag.
356 1585 412 1661 45)
440 1583 606 1666 professus
636 1604 722 1662 sum,
744 1582 825 1648 velle
848 1607 898 1649 me
927 1586 1033 1670 ipsum
1056 1585 1164 1651 omnia
1192 1584 1290 1649 docu-

92 1691 218 1759 menta,
240 1704 325 1766 quae
347 1682 389 1748 ad
411 1682 510 1747 Hussi
537 1683 706 1749 historiam
729 1685 988 1766 cognoscendam
1014 1686 1189 1770 praecipue
1215 1706 1290 1750 con-

93 1784 230 1861 ferrent,
255 1784 361 1862 edere,
385 1784 623 1880 inprimis‘ejus
646 1784 810 1868 epistolas,
833 1787 1058 1852 accusationes
1081 1793 1195 1852 contra
1216 1808 1290 1850 eum

91 1883 241 1967 prolatas
263 1885 397 1967 ejusque
419 1904 585 1968 responsa,
607 1885 685 1949 item
706 1884 898 1951 relationem
920 1907 1004 1970 mag.
1031 1886 1121 1952 Petri
1143 1887 1184 1952 de
1210 1885 1291 1950 Mla·

93 1984 231 2049 deuovic
258 1984 299 2050 de
322 1985 391 2068 ejus
414 2006 513 2050 causa
535 1984 749 2052 Constantine
771 1994 846 2051 acta
868 1995 966 2071 atque
989 1988 1159 2073 supplicio.
1201 1987 1291 2052 Haec

93 2085 157 2149 luit
178 2107 278 2150 causa
304 2085 399 2171 hujus
422 2088 530 2171 operis
553 2087 683 2166 edendi,
706 2089 791 2154 hauc
812 2110 959 2155 normam
980 2090 1013 2154 iu
1040 2088 1159 2154 linibus
1182 2087 1289 2172 operis

92 2186 331 2251 constituendis
353 2186 524 2270 sequebar.

194 2285 283 2351 Nihil
305 2285 395 2351 aliud
424 2287 508 2352 enim
531 2288 691 2373 principio
714 2290 921 2374 spectabam,
944 2290 1006 2354 nisi
1028 2297 1065 2355 ut
1086 2289 1162 2353 viris
1184 2288 1290 2354 doctis

91 2387 256 2470 integram
277 2387 548 2471 emendatamque
570 2411 681 2454 eornm
703 2397 984 2455 monumentorum
1008 2390 1143 2456 sormam
1158 2390 1290 2456 exhibo·

92 2510 172 2565 rem,
196 2487 314 2570 quibus
323 2489 448 2571 justum
464 2489 504 2554 de
519 2489 626 2555 Husso
644 2491 803 2575 judicium
826 2493 949 2557 nititur.
972 2492 1055 2556 Sunt
1076 2498 1185 2557 autem
1207 2489 1289 2556 haec

92 2587 242 2671 inprimis
264 2608 304 2652 ea
325 2587 492 2653 literarum
513 2597 735 2668 monumenta,
758 2613 843 2674 quae
865 2592 1199 2669 commemoravimus,
1222 2590 1289 2673 epi-

93 2687 200 2752 stolae
222 2687 335 2767 Hussi,
370 2691 595 2755 accusationes
625 2699 658 2756 et
695 2712 866 2775 responsa,
904 2692 1131 2758 Mladenovicii
1162 2690 1289 2756 relatio.

94 2788 215 2852 Verum
237 2810 313 2852 mox
335 2797 484 2871 quartam
507 2812 637 2874 quoque
659 2798 784 2875 partem
807 2793 989 2859 addendam
1012 2814 1083 2859 esse
1105 2792 1200 2872 sensi,
1224 2793 1289 2857 col·

94 2888 269 2953 lectionem
296 2890 369 2954 dico
397 2891 609 2974 epistolarum
643 2893 894 2977 tabularumque
922 2893 1067 2977 ejusdem
1094 2894 1228 2971 aetatis,
1256 2893 1290 2957 in

36 3062 41 3075 Ι
94 2989 215 3072 quibus
237 2991 331 3073 quasi
352 2991 485 3074 speculo
508 2992 650 3075 quodam
671 3001 818 3078 apparet,
840 2994 1082 3078 quantoperel.
1095 2994 1164 3058 Hus
1177 3001 1288 3059 aucto·

95 3093 193 3157 ritate
226 3091 270 3156 ad
302 3091 507 3175 popularium
539 3093 664 3157 animos
687 3095 934 3159 commovendos
956 3094 1095 3159 valuerit
1116 3094 1287 3177 qualisque

96 3200 185 3257 totus
213 3190 268 3257 ille
295 3199 535 3275 motu5,quen1
563 3194 733 3272 excitavit,
756 3194 862 3259 luerit.
906 3194 1054 3278 Namque
1082 3193 1157 3258 viris
1184 3193 1289 3258 doctis

96 3315 193 3376 quam
222 3292 477 3377 copiosissimam
507 3293 675 3358 materiam
703 3301 737 3359 et
763 3295 855 3377 quasi
885 3295 999 3360 silvam
1026 3294 1177 3372 omnium,
1201 3315 1284 3377 quae

96 3393 139 3458 ad
164 3392 254 3457 illam
281 3414 349 3458 rem
378 3394 593 3477 pertinerent,
624 3416 805 3479 proponere
832 3396 1018 3475 studebam,
1041 3396 1088 3460 ita
1115 3402 1224 3460 tamen
1254 3402 1291 3460 ut

98 3514 322 3577 quaecumque
361 3493 544 3559 tabularum
582 3496 724 3580 speciem
760 3519 825 3560 uon
859 3497 1038 3575 haberent,
1082 3517 1289 3574 removerem,

97 3594 184 3658 velut
206 3601 368 3658 tractatus
390 3594 580 3673 didacticos‚
603 3596 858 3680 disceptationes
881 3598 922 3663 de
943 3596 1109 3679 religione,
1125 3596 1289 3661 orationes

99 3694 145 3759 rel
164 3716 185 3759 a
199 3678 308 3760 Husso
321 3695 370 3760 vel
386 3695 428 3760 ab
450 3696 519 3778 ejus
534 3697 646 3762 amicis
669 3704 702 3762 et
722 3698 860 3763 inimicis
875 3697 1005 3782 publice
1020 3697 1158 3776 habitas,
1181 3704 1290 3761 cetera

97 3796 130 3860 id
151 3816 269 3878 genus.
312 3795 431 3861 Verum
454 3820 494 3862 ne
521 3796 574 3860 hic
603 3797 685 3863 liber
708 3799 801 3863 nimis
828 3799 913 3864 latus
935 3799 1040 3878 fieret,
1062 3798 1135 3863 illas
1158 3818 1289 3881 quoque

98 3897 254 3982 epistolas
275 3895 470 3981 tabulasque
493 3898 594 3977 omisi,
618 3921 701 3982 quae
722 3898 851 3964 levioris
874 3900 1114 3979 momentiesse
1135 3897 1289 3963 videban-

99 4007 164 4076 tur,
186 3997 378 4082 praesertim
409 4021 507 4081 quum
535 4019 611 4082 pars
633 4021 744 4065 eorum
766 4001 834 4084 jam
862 4000 936 4064 aliis
962 3999 1055 4066 libris
1077 3999 1166 4065 edita
1194 4005 1289 4063 esset.

98 4099 183 4165 Illud
212 4120 288 4163 vero
311 4098 449 4164 maxime
476 4099 628 4183 agebam,
651 4106 701 4179 ut,
725 4102 780 4184 qui
802 4101 957 4185 primaria
977 4101 1020 4166 ad
1047 4097 1289 4182 cognoscendas

97 4223 149 4266 res
182 4200 357 4266 hussiticas
388 4200 602 4266 instrumenta
623 4202 794 4280 haberent,
828 4202 974 4287 inprimis
1004 4201 1101 4267 Odor.
1130 4199 1289 4282 Itaynaldi

100 4300 253 4380 ,annales
283 4300 550 4380 ecclesiasticos,“
580 4302 755 4367 llennanni
791 4323 853 4367 von
880 4308 936 4368 der
965 4301 1072 4366 llardt
1099 4300 1290 4376 „concilium

99 4402 377 4480 Constantiense“,
409 4402 595 4484 ,historiam
623 4411 661 4492 et
681 4411 890 4470 monumenta
910 4402 1044 4469 loannis
1066 4401 1135 4466 Hus
1158 4407 1191 4467 et
1212 4401 1289 4467 Hie·

97 4504 224 4586 ronymi
250 4503 440 4586 Pragensis“
475 4504 522 4587 (in
551 4504 669 4587 quibus
696 4504 868 4570 laudandis
897 4503 993 4568 titulo
1023 4523 1142 4588 „opera
1170 4502 1285 4567 Hussi“

96 4625 226 4688 semper
250 4604 301 4667 usi
327 4606 463 4676 snmusl,
497 4604 637 4682 (lenique
671 4605 769 4671 otiam
800 4604 923 4671 Hofleri
961 4605 1154 4688 ,scriptores
1180 4624 1287 4668 rerum
