2992 5258
475 412 590 471 Articuli
609 420 813 484 procuratorum
831 414 946 472 concilii.
967 419 1039 473 1414.
1290 423 1350 487 201

154 616 245 683 curtos
267 623 301 683 et
322 633 449 682 errores
476 624 631 694 astruere,
653 634 799 682 asserere
827 635 884 683 seu
916 618 1129 701 dogmatisare
1161 626 1217 686 aut
1239 626 1352 688 tenere

155 721 418 800 praesumerent,
451 717 478 781 si
500 718 733 783 ecclesiasticae
755 736 911 799 personae
940 720 1054 799 terent,
1076 741 1114 787 ac
1136 738 1247 787 eorum
1260 740 1349 787 rece-

155 826 268 901 ptores
300 818 351 882 uel
379 815 583 897 defensores,
615 816 766 899 ipsosque
788 816 821 882 in
842 817 937 884 dictis
959 821 1122 887 erroribus
1148 818 1293 887 foventes
1315 839 1353 887 ac

155 919 328 984 credentes
349 917 479 998 eisdem,
501 918 597 983 etiam
619 918 647 983 si
674 917 708 982 in
736 918 899 1001 theologia
919 918 1064 1000 magistri
1085 937 1143 985 seu
1164 921 1353 987 sacerdotes

153 1018 208 1084 rel
229 1016 403 1084 aliiclerici
422 1017 537 1098 forent,
559 1024 614 1083 aut
628 1018 691 1083 ulia
705 1036 901 1111 quacumque
928 1017 1168 1101 praefulgerent
1188 1019 1353 1101 dignitate,

154 1119 220 1184 nisi
246 1134 346 1201 super
371 1114 420 1182 his
441 1117 633 1183 auctoritate
656 1118 812 1183 dictarum
833 1119 1000 1183 literarum
1020 1119 1134 1184 moniti
1155 1118 1260 1185 dictes
1275 1120 1354 1185 arti·

155 1220 246 1285 culos
279 1219 464 1285 solemniter
499 1224 532 1282 et
553 1218 680 1300 publice
708 1224 898 1284 revocarent
917 1237 955 1284 ac
977 1226 1135 1301 perpetuo
1157 1219 1353 1301 abjurarent,

154 1319 256 1385 libros
277 1336 403 1401 quoque
425 1336 463 1383 ac
483 1324 638 1383 tractatus
653 1335 710 1383 seu
731 1324 905 1399 quaternos
930 1318 1065 1400 praefati
1086 1318 1220 1385 Joannis
1236 1319 1359 1384 Wilrlet

155 1419 401 1484 haeresiarchae
417 1417 595 1500 hujusmodi
610 1417 762 1482 articulos
781 1417 814 1482 in
836 1436 871 1482 sc
886 1418 1097 1496 continentes,
1121 1419 1149 1483 si
1164 1435 1243 1500 qruos
1258 1419 1355 1484 hahe-

155 1526 241 1597 rent,
262 1518 452 1583 exhiberent
467 1524 501 1583 ct
523 1517 625 1582 cidem
647 1515 692 1581 D.
713 1517 971 1599 Archiepiscopo,
993 1530 1030 1583 ut
1050 1537 1070 1583 a
1090 1517 1233 1584 fidelium
1255 1518 1355 1586 oculis

155 1618 299 1683 amoveri
321 1618 475 1697 ualerent,
497 1623 750 1698 praesentarent,
772 1636 810 1682 ac
832 1617 927 1682 etiam
949 1623 1050 1683 testes
1072 1619 1216 1685 aetantes
1238 1619 1354 1686 verita·

156 1725 224 1783 tem
245 1723 303 1783 aut
323 1716 534 1799 impedientes
549 1717 768 1782 executionem
790 1714 861 1781 ficri
882 1717 914 1781 in
936 1718 1121 1800 praemissis
1143 1737 1201 1800 per
1212 1718 1354 1801 captiva·

155 1818 278 1882 tionem
304 1836 512 1899 personarum
538 1833 675 1896 suarum,
697 1834 735 1880 ac
755 1815 850 1880 etiam
872 1816 960 1897 alies,
981 1824 1078 1900 prout
1100 1818 1194 1899 culpa
1214 1817 1356 1901 ipsorum

157 1917 315 1999 exigeret,
337 1936 397 1983 nec
417 1935 483 1983 non
504 1935 562 1999 per
577 1917 788 1998 privationem
810 1914 1035 1982 herrcfieiorum
1057 1918 1354 1997 ecclesiasticorum,

155 2036 241 2097 quiae
262 2025 340 2083 tunc
366 2016 558 2097 obtinerent,
583 2022 616 2082 et
637 2016 924 2082 inhabilitationem
944 2017 986 2081 ad
1006 2016 1062 2084 illa
1083 2023 1117 2083 et
1138 2036 1355 2099 quaecumque

154 2116 220 2183 alia
251 2115 406 2183 beneficia
436 2117 654 2184 ecclesiastica
695 2117 903 2199 imposterum
935 2117 1110 2184 obtinenda
1140 2119 1355 2201 compelleret,

157 2216 305 2282 invocato
337 2217 432 2282 etiam
452 2216 590 2297 adhoc,
622 2218 650 2281 si
682 2234 762 2301 opus
793 2217 887 2296 toret,
908 2218 1025 2283 auxilio
1049 2216 1170 2284 brachii
1203 2219 1375 2285 secularis

157 2315 295 2395 etalies,
317 2323 414 2399 prout
433 2317 467 2382 in
488 2317 591 2382 literis
612 2316 796 2399 apostolicis
819 2334 917 2398 super
931 2316 1103 2398 praedictis
1125 2318 1297 2402 contectis3
1315 2318 1357 2384 ad

159 2435 238 2497 quius
259 2415 337 2481 dicti
358 2424 582 2499 procuratores
606 2423 639 2482 et
660 2424 859 2498 promotores
881 2434 916 2481 se
939 2417 1103 2496 referunt,
1135 2435 1174 2483 ac
1194 2417 1283 2501 ipsos
1305 2418 1357 2484 hic

159 2516 245 2596 dant,
269 2522 364 2598 prout
386 2518 418 2582 in
440 2517 653 2599 positionibus
677 2523 710 2581 et
731 2517 874 2582 articulis
896 2515 1021 2597 plenius
1043 2516 1235 2583 continetur.

258 2616 340 2681 Item
368 2617 452 2697 quod
481 2617 681 2700 postmodum
703 2617 865 2699 praefatus
888 2616 926 2679 D.
949 2614 1073 2697 Shyuco
1095 2617 1353 2701 archiepiscopus

160 2718 270 2799 uigore
303 2716 458 2782 dictarum
487 2718 652 2783 literarum
688 2716 935 2799 apostolicarum
972 2722 1006 2780 ct
1036 2717 1265 2783 commissionis
1296 2719 1358 2785 sihi

162 2816 261 2885 iactae
283 2817 360 2883 tecit
381 2826 487 2884 certos
508 2835 688 2901 processus,
711 2835 769 2900 per
784 2835 863 2898 quos
885 2817 1008 2882 monuit
1030 2816 1224 2897 generaliter
1239 2836 1357 2899 omnes,

164 2917 365 3001 quodnullus
387 2937 445 3000 per
466 2918 601 2999 amplius
616 2917 649 2981 in
665 2916 817 2996 ecclesiis,
841 2916 967 2992 scholis,
990 2916 1201 2997 monasteriis,
1224 2908 1356 3001 capellis

165 3027 193 3085 et
225 3019 476 3101 quibuscumque
508 3018 587 3083 locis
619 3018 689 3083 aliis
722 3017 873 3082 articulos
904 3033 1077 3095 erroneos,
1109 3016 1268 3082 haeresim
1300 3035 1358 3082 seu

165 3121 333 3186 scissuram
354 3119 387 3184 in
407 3117 470 3183 tide
485 3117 642 3183 catholica
663 3116 834 3199 sapientes,
857 3115 1046 3198 praesertim
1070 3114 1155 3181 circa
1175 3133 1358 3182 sacramen·

166 3225 225 3285 tum
254 3218 469 3284 eucharistiae
491 3235 549 3300 per
570 3216 690 3283 dictum
719 3215 903 3309 damnatum
924 3215 1180 3281 haeresiarcham
1200 3215 1358 3281 Joannem

166 3313 299 3398 Wilrlet,
332 3323 366 3382 et
386 3318 419 3381 in
451 3318 520 3399 ejus
542 3316 633 3381 libris
655 3315 884 3396 dogmatisatos
906 3321 939 3382 ct
967 3315 1127 3395 insertos,
1161 3313 1278 3379 dudum
1300 3333 1359 3398 per

165 3418 330 3485 ecclesiam
351 3417 560 3500 reprobatos,
594 3417 720 3499 publice
742 3417 793 3481 vel
814 3417 938 3482 occulte
967 3421 1116 3496 teneret,
1151 3415 1283 3481 doceret
1304 3415 1356 3481 vel

160 3514 366 3600 detenderet,
400 3523 433 3583 et
461 3518 539 3583 alias
558 3518 650 3600 Juxta
671 3524 815 3583 tenorem
828 3517 998 3591 ¹dictarum
1019 3516 1184 3583 literarum
1205 3516 1359 3599 aposteli-

160 3634 281 3686 tarum.

261 3718 345 3784 Item
366 3717 451 3800 quud
473 3718 549 3784 dicti
571 3736 740 3801 processus
762 3736 819 3784 seu
840 3718 1031 3784 monitiones
1053 3717 1105 3783 die
1127 3716 1361 3783 sextadecima

151 3819 281 3887 mensis
309 3819 417 3900 Junii,
460 3820 534 3885 anni
563 3819 681 3884 domini
716 3819 874 3884 millesimi
902 3818 1205 3901 quadringentesimi
1237 3814 1359 3896 decimi,

146 3919 369 3999 pontificatus
401 3918 478 3984 dicti
510 3918 628 3983 domini
664 3918 766 3984 nostri
789 3920 826 3983 D.
854 3918 989 3984 Joannis
1010 3938 1112 4001 papae
1134 3918 1244 3982 xx111
1276 3934 1359 3980 anno

148 4023 285 4102 primo,
317 4019 448 4086 luerunt
479 4020 675 4101 praesentati
708 4037 764 4084 seu
802 4025 1026 4101 praesentatae
1059 4018 1279 4101 suprascripto
1312 4015 1355 4080 M.

146 4116 280 4187 Joanui
302 4118 392 4199 Hus,
426 4126 501 4185 tunc
526 4120 672 4200 sequenti
705 4127 737 4185 et
763 4119 890 4185 docenti
927 4118 1101 4185 doctrinam
1125 4117 1206 4183 dicti
1227 4116 1360 4182 Joannis

148 4211 297 4299 Wiklet,
331 4220 371 4284 de
393 4219 533 4298 haeresi,
555 4226 591 4284 ut
612 4221 838 4302 praemittitur,
861 4221 1009 4300 damnati,
1033 4238 1090 4284 seu
1113 4218 1154 4283 ad
1176 4218 1247 4300 ejus
1268 4215 1361 4282 indu·
1400 4261 1403 4267 -

148 4314 294 4386 bitatam
327 4320 472 4386 notitiam
499 4328 673 4402 potuerunt
694 4322 862 4403 pervenire
885 4341 922 4386 ac
949 4322 1044 4386 etiam
1065 4324 1290 4402 peruenerunt.
1313 4318 1357 4384 Et

153 4421 565 4487 &mmmmm

263 4521 343 4586 Item
365 4521 449 4602 quod
471 4521 546 4587 licet
568 4521 645 4586 dicti
661 4538 828 4603 processus
843 4521 1069 4600 monitoriules,
1092 4526 1128 4584 ut
1143 4518 1267 4599 dieitur,
1283 4534 1358 4600 per·

161 4622 327 4687 venissent
347 4620 388 4687 ad
409 4622 525 4688 claram
546 4623 692 4688 notitiam
713 4627 746 4688 ct
775 4621 938 4688 scientiam
960 4621 1037 4687 dicti
1059 4620 1101 4686 ht.
1124 4620 1258 4688 loannis
1279 4617 1362 4706 Has,
