2992 5258
353 347 396 398 80.
416 346 529 399 Joannis
547 360 588 412 ep.
607 345 667 397 Lut.
684 345 779 399 literae
798 345 832 400 ad
850 346 968 415 archiep.
988 346 1147 401 Conradum.
1289 352 1349 417 567

154 551 254 615 totius
276 550 473 632 prouinciae,
502 549 688 627 baronibus,
717 551 920 632 proceribus
951 550 1083 617 ducibus
1106 549 1244 632 sleziae,
1267 569 1349 618 com·

154 651 363 717 munitatibns
378 652 540 716 civitatum
563 657 595 715 et
618 651 687 715 aliis
704 649 802 715 totius
831 651 921 731 regni
938 651 1059 730 incolis
1083 658 1118 716 nt
1140 652 1219 717 tales
1234 651 1351 718 adhae-

153 758 272 829 rentes,
296 750 446 830 faventes,
471 758 618 815 tenentes
632 750 709 815 illud
726 752 1004 832 perversissimum
1027 752 1140 832 dogma
1153 753 1253 834 ipsius
1276 753 1348 818 haa-

153 853 235 915 resis
259 851 424 916 damnatae
447 851 598 916 inducant
621 852 682 932 (et)
706 851 885 927 informent,
909 861 944 916 nt
965 853 1004 917 ab
1028 853 1076 916 his
1099 854 1258 935 peruersis
1273 846 1350 933 dogl

152 954 289 1019 matibns
320 953 381 1034 ipsi
407 953 625 1033 dogmatistae,
650 958 683 1017 ct
704 952 914 1017 adhaerentes
937 974 956 1018 a
978 952 1107 1018 defensa
1130 973 1248 1032 eorum,
1274 960 1348 1019 ante

152 1072 324 1137 processus
340 1054 516 1135 hujusmodi
533 1054 744 1118 fulminarulos
760 1055 904 1119 resiliant
920 1063 952 1119 et
968 1054 1118 1120 recedant
1144 1055 1183 1120 ad
1197 1054 1349 1136 guerninm

152 1163 284 1220 sanctae
317 1157 427 1219 matris
450 1156 620 1233 ecclesiae,
655 1155 849 1219 sacrosancti
878 1157 1002 1220 concilii
1036 1155 1292 1221 determinationi
1315 1171 1349 1217 sc

153 1254 404 1320 conformantes:
427 1256 567 1334 alioquin
582 1256 775 1337 procedetur
791 1264 901 1320 contra
925 1275 978 1320 eos
994 1256 1168 1320 secundnm
1184 1254 1350 1321 canonicas

155 1356 347 1421 sanctiones.
376 1355 417 1420 Et
440 1355 550 1419 eredat
573 1356 741 1419 V‘lllevma
763 1356 874 1434 Pat‘ffl‘,
898 1355 982 1437 qnod
1005 1356 1107 1437 ipsum
1131 1374 1254 1421 sacrum
1276 1370 1350 1419 con·

153 1456 258 1520 cilium
282 1456 457 1537 profectum
471 1456 574 1537 quoad
598 1456 745 1519 unionem
768 1462 895 1522 sauctae
918 1458 1029 1522 matris
1052 1457 1213 1536 ecclcsiae,
1237 1455 1350 1519 exstir-

153 1559 314 1640 pationem
348 1557 514 1623 haeresum
547 1565 580 1622 et
611 1558 868 1622 reformationem
900 1558 1000 1639 ipsius
1034 1559 1187 1624 eeclesiae
1221 1565 1283 1623 tam
1318 1555 1350 1619 in

154 1661 259 1742 capite
283 1678 374 1739 quam
389 1659 422 1722 in
444 1659 592 1724 membris
615 1676 677 1721 nou
694 1657 866 1738 habuisset,
890 1676 948 1723 nee
970 1660 1039 1740 ipse
1063 1660 1235 1724 altissimus
1253 1675 1351 1740 supra

154 1779 268 1824 seusus
294 1760 448 1824 lurnrauos
477 1760 515 1824 do
538 1760 602 1824 alto
631 1757 806 1840 respiciens
830 1759 931 1840 ipsum
955 1759 994 1823 de
1017 1758 1067 1823 die
1090 1760 1120 1823 iu
1147 1760 1229 1825 diem
1252 1757 1348 1822 roho·

154 1867 259 1926 rassct
282 1867 313 1925 et
335 1860 586 1941 multiplicasset.
610 1859 692 1936 Quia
708 1860 773 1940 jam
797 1859 876 1924 duae
901 1860 1110 1940 obedientiae,
1136 1866 1246 1924 nostra
1261 1856 1346 1922 vide·

154 1963 230 2027 licet
254 1967 285 2025 ct
309 1961 464 2041 Gregorii,
489 1961 520 2022 iu
543 1960 696 2024 mutatum
720 1960 980 2039 unn1·edactae;
1004 1961 1043 2024 dc
1067 1962 1163 2026 tertia
1185 1978 1259 2024 vero
1276 1959 1350 2023 obe·

154 2062 276 2126 dicutia
299 2081 360 2125 uon
391 2067 440 2124 est
463 2061 697 2137 haesitamlmn,
732 2062 806 2142 quin
830 2081 888 2143 per
917 2061 968 2125 dei
991 2062 1125 2141 gratiam
1147 2062 1178 2125 in
1203 2059 1291 2126 brevi
1315 2074 1349 2121 se

153 2164 225 2228 aliis
247 2162 369 2227 duabus
392 2162 616 2238 conlounabit3
640 2163 747 2242 sicque
770 2163 879 2243 utiqne
902 2162 1058 2242 largiente
1081 2163 1207 2226 domino
1230 2167 1264 2226 et
1285 2158 1349 2240 spi·

153 2264 216 2327 ritu
240 2269 350 2327 salicto
373 2261 540 2339 dignante,
571 2261 602 2324 in
626 2263 754 2325 civitate
778 2262 1013 2327 tlonstantieusi
1038 2263 1170 2327 corrcilio
1194 2259 1348 2325 dissoluto

153 2364 207 2428 liet
236 2365 267 2427 in
296 2363 384 2426 brevi
416 2364 526 2426 unicus
548 2370 659 2443 prmtor
690 2370 721 2426 ct
744 2361 962 2442 indubitatus,
996 2381 1033 2426 ac
1056 2363 1148 2443 plena
1170 2370 1203 2427 et
1225 2363 1350 2439 integra

153 2464 228 2528 uino
256 2464 409 2528 ccclesiae
439 2468 568 2527 sauctae
598 2462 664 2541 ‹lei;
687 2470 719 2527 et
742 2482 812 2527 cum
846 2482 884 2527 ex
907 2469 998 2544 parte
1021 2462 1159 2527 ominum
1183 2482 1296 2543 regum
1316 2468 1350 2527 et

154 2566 332 2647 principum
360 2570 423 2628 tam
454 2564 665 2646 spiritualium
696 2584 787 2646 (puram
815 2565 1004 2630 secularium
1028 2564 1121 2647 plena
1143 2562 1350 2630 adhaerentia

152 2667 225 2730 huic
249 2683 338 2729 sacro
369 2665 502 2730 concilio
533 2672 566 2729 et
587 2665 845 2730 detemninatioui
878 2666 976 2747 ipsius
1000 2683 1057 2748 pro
1081 2667 1197 2731 lunone
1221 2670 1349 2730 sanctae

152 2768 264 2832 aratris
287 2756 440 2832 ecclcsiae
464 2775 513 2831 est
536 2767 685 2843 exhibita,
709 2774 842 2848 excepto
867 2785 964 2846 reguo
988 2773 1115 2846 nostro,
1139 2767 1177 2831 de
1202 2785 1263 2847 quo
1285 2783 1349 2829 non

150 2867 273 2932 modice
297 2885 405 2931 omnes
427 2867 631 2931 admirantur.
664 2867 704 2931 llt
726 2868 802 2932 lieet
825 2886 883 2947 ego
907 2868 1053 2931 minimus
1076 2869 1115 2933 de
1138 2886 1248 2948 reguo,
1271 2866 1349 2931 nihil

150 2967 272 3032 habeus
294 2968 325 3030 in
348 2968 504 3032 mandatis
533 2986 590 3049 pro
617 2969 736 3032 bonore
768 2969 874 3050 regiae
907 2967 1000 3048 Maj‘l'
1028 2976 1061 3032 et
1083 2969 1183 3050 regni,
1219 2985 1349 3033 excusa-

150 3068 271 3133 tionem
304 3068 378 3132 feci:
416 3070 532 3133 bonnm
566 3076 671 3133 tamen
710 3069 873 3133 videretur
905 3071 981 3133 mibi
1018 3075 1050 3133 ct
1085 3070 1227 3147 salubre,
1265 3067 1349 3149 qnod

155 3170 190 3232 P.
214 3168 279 3246 Vm,
311 3169 399 3249 cujus
434 3169 653 3251 principaliter
683 3170 827 3248 interest,
851 3170 989 3234 avisaret
1012 3179 1075 3234 tam
1099 3170 1217 3248 regiam
1241 3169 1349 3249 Illaj‘om

151 3288 245 3351 quiam
278 3269 356 3333 alios
381 3269 420 3333 de
443 3289 555 3350 regno,
589 3289 720 3351 apulorum
755 3270 905 3349 interest,
940 3277 974 3335 ut
1003 3272 1083 3335 certi
1106 3271 1208 3334 nuntii
1231 3270 1348 3350 legales

149 3369 274 3436 adhoc
307 3388 430 3435 sacrum
455 3371 622 3435 concilium
656 3390 725 3436 cum
749 3372 842 3452 plena
875 3371 1053 3435 intentione
1081 3377 1113 3435 et
1143 3369 1350 3435 adhaerentia

150 3474 251 3540 totius
267 3473 355 3554 regni
372 3471 558 3550 dirigantur,
581 3473 650 3536 aliis
666 3473 794 3551 regibus
809 3480 841 3535 ct
854 3472 1049 3554 principibus
1072 3471 1170 3536 totius
1191 3469 1349 3535 Christia-

152 3574 264 3639 nitatis
288 3593 322 3638 se
350 3572 589 3651 coriformando;
614 3574 687 3652 qiua
702 3572 779 3637 alias
795 3573 904 3636 videre
920 3591 998 3651 meo,
1024 3579 1059 3636 nt
1074 3571 1179 3650 timeo,
1201 3590 1349 3652 magnum

152 3674 329 3759 periculum
353 3691 502 3738 ermom
526 3673 647 3739 diutina
663 3675 851 3738 immineret.
875 3673 974 3756 Spero
998 3675 1080 3738 enim
1103 3672 1241 3750 indubie,
1265 3671 1349 3753 quod

149 3774 234 3841 inira
260 3780 397 3856 quatuor
427 3793 553 3839 meuses
577 3776 749 3840 habebitur
771 3776 865 3857 plena
888 3775 961 3839 nulio
986 3775 1139 3839 ecclesiae
1162 3774 1223 3838 dei.
1253 3773 1295 3837 Et
1317 3771 1349 3835 in

150 3894 244 3953 casu,
279 3892 340 3956 quo
363 3874 438 3939 Ser‘l
461 3877 584 3955 regiae,
619 3878 685 3940 l’at.
710 3877 777 3939 Vm*
811 3883 844 3941 et
866 3875 936 3939 aliis
959 3875 997 3941 de
1021 3893 1119 3956 regno
1142 3876 1247 3954 aliqua
1268 3874 1349 3938 lama
1407 3864 1417 3875 ”

150 3975 283 4040 sinistra
306 3976 336 4038 in
361 3976 553 4039 contrarium
586 3977 677 4040 istius
700 3976 843 4040 eveniret
865 3994 924 4058 per
946 3993 1148 4056 quiescunque
1171 3974 1253 4039 sacri
1276 3990 1348 4036 con-

149 4075 216 4141 cilii
238 4082 271 4140 et
294 4077 384 4155 regui
407 4076 578 4141 Bobcmiae
608 4077 748 4142 aemulos
772 4082 804 4141 ct
826 4077 1023 4155 turbatores
1051 4076 1173 4157 placeat
1196 4076 1262 4139 l'at.
1287 4073 1341 4135 Vra

150 4175 272 4242 eisdem
302 4175 394 4240 fidem
418 4177 577 4241 credulam
600 4196 663 4242 uon
685 4177 851 4255 adhibere,
881 4185 913 4242 et
936 4178 1054 4257 regiam
1077 4175 1185 4258 hlaj¹⁰¹¹¹
1216 4180 1249 4240 et
1271 4191 1347 4253 quo·

150 4296 221 4341 rum
245 4277 381 4341 interest
414 4277 601 4353 informare,
634 4285 670 4342 ut
692 4296 750 4359 per
773 4285 877 4342 certos
911 4278 1038 4341 nuntios
1067 4295 1101 4340 se
1125 4275 1163 4339 de
1187 4273 1348 4339 bisinfor·

149 4386 248 4455 ment,
273 4396 352 4457 qnae
376 4377 427 4441 hie
449 4385 596 4457 aguntur,
630 4377 852 4442 etsecundnm
874 4378 933 4442 hoc
955 4383 1069 4457 regant
1102 4394 1152 4455 sc,
1186 4376 1213 4438 si
1240 4373 1347 4438 uolue-

149 4477 217 4542 rint
237 4477 387 4543 honorem
411 4485 443 4542 et
466 4485 582 4542 statum
606 4478 697 4558 regni
720 4496 911 4543 conservare
933 4484 967 4542 et
988 4477 1096 4542 fntnra
1117 4475 1259 4558 pericula
1282 4475 1345 4538 cvi·

148 4584 229 4648 tare.
254 4577 301 4643 De
323 4578 393 4642 aliis
422 4596 496 4643 vero
519 4577 556 4642 Κ.
585 4577 749 4645 larniliaris
780 4597 868 4645 naeus
892 4587 925 4643 et
952 4576 1166 4663 praesentium
1189 4575 1347 4641 exhibitor
