2992 5258
396 377 438 432 el.
457 375 569 431 Consilii
587 378 676 432 const
695 376 791 431 literae
809 376 844 430 ad
862 376 996 431 Bohemos
1013 376 1100 432 datae.
1285 384 1346 448 569

154 591 204 652 tot
223 587 288 667 Jam
311 582 365 649 diu
388 581 543 662 angustiis
566 579 802 661 labefactatum,
831 581 998 646 haeresum
1021 583 1115 649 etiam
1139 584 1347 665 pravitatibus

150 686 351 764 concitatum,
376 683 416 749 ad
437 684 525 766 pacis
541 683 740 770 dulcedinem
764 690 796 750 et
818 684 963 749 veritatis
986 683 1155 749 eandorem
1176 686 1348 751 restituere

151 787 331 872 coepimus,
365 785 474 866 sieque
497 785 640 867 profecto
673 805 692 851 a
713 785 835 851 nocivis
857 792 1005 867 putamus
1027 786 1177 868 vepribus
1200 785 1347 854 liberare.

155 888 341 956 Meminisse
375 892 504 969 oportet
544 885 671 966 quidem
704 885 859 950 netandae
891 884 1153 968 detestabilisque
1185 888 1349 955 doctrinae

151 991 286 1057 loannis
309 986 439 1067 wider,
470 989 559 1070 eujus
582 991 646 1053 tam
669 987 807 1069 sordida,
834 995 898 1056 tam
920 989 1013 1056 ioeda
1035 992 1195 1057 sententia
1216 992 1348 1072 exstitit

153 1098 274 1159 utnon
296 1089 397 1157 solum
419 1089 505 1154 illam
531 1095 689 1172 repetere,
716 1096 857 1172 quotque
880 1109 917 1156 ex
942 1110 979 1159 ea
1001 1109 1128 1158 errores
1150 1093 1348 1172 defluxerint

152 1191 323 1259 memorari
346 1192 524 1273 procesit,
553 1190 609 1256 sed
633 1197 666 1256 et
695 1189 795 1273 ipsius
818 1192 979 1259 reminisci
1002 1194 1166 1260 horridum
1187 1195 1348 1272 videatur3

152 1315 225 1363 nam
252 1293 345 1361 tidem
377 1294 563 1361 catholicam
593 1312 656 1360 non
687 1299 809 1359 tantum
832 1296 975 1377 improbe
1000 1295 1224 1378 interpretari,
1252 1295 1350 1361 seda

152 1397 367 1464 fundamentis
390 1403 536 1462 evertere
559 1401 691 1460 conatus
715 1402 774 1460 est.
818 1396 918 1461 Nemo
945 1415 1089 1479 nmquam
1114 1398 1172 1463 snb
1194 1394 1349 1463 velamine

152 1498 353 1565 Christianae
388 1496 552 1578 religionis
580 1504 702 1562 tantum
736 1497 884 1562 instituta
906 1497 978 1563 fidei
1011 1500 1221 1581 oppugnauit,
1255 1516 1348 1565 nemo

153 1599 307 1665 ecclesiae
330 1606 461 1665 sanctae
484 1606 547 1664 tam
570 1616 722 1680 perverse
751 1598 944 1664 contradicit
966 1605 999 1665 et
1021 1600 1223 1666 scandaloso!
1249 1601 1348 1680 Quam

152 1702 283 1767 obrem
317 1701 348 1765 in
373 1701 545 1766 Oxoniensi
579 1700 716 1783 primum
749 1701 965 1781 Progensiqne
999 1701 1113 1765 studiis
1145 1702 1288 1768 articulis
1309 1701 1349 1768 de

152 1802 221 1883 ejus
243 1802 333 1867 libris
368 1801 527 1883 excerptis
551 1800 783 1883 damnatisque,
821 1800 947 1866 tandem
971 1803 1088 1868 Rornae
1111 1804 1253 1884 generali
1276 1823 1349 1870 con-

154 1904 227 1970 cilio
250 1902 372 1987 pridem
395 1902 568 1981 celebrato,
591 1902 645 1967 illa
670 1905 830 1969 sententia
841 1905 937 1985 juste,
961 1904 1013 1988 pie
1035 1924 1071 1970 ac
1094 1910 1204 1970 sancte
1227 1907 1351 1973 exstitit

152 2005 339 2074 confirmata
360 2023 419 2088 per
447 2003 601 2068 librorum
623 2002 691 2084 ejns
718 2003 1011 2071 condemnationem
1035 2014 1068 2071 et
1090 2008 1348 2077 combustionem.

152 2110 195 2175 lit
214 2109 279 2192 jam
307 2106 524 2189 inpraesenti
556 2104 690 2170 coneilio
721 2104 958 2171 Constantiensi
989 2106 1184 2175 confirmatio
1206 2111 1350 2194 praedie-

152 2217 259 2276 torum
288 2208 412 2275 exstitit
441 2207 605 2287 innovata,
636 2214 668 2271 et
696 2209 848 2272 memoria
875 2207 975 2291 ipsius
1001 2209 1114 2275 Wiclet
1136 2211 1177 2278 ob
1197 2213 1350 2281 nefariam

151 2313 222 2394 ejus
244 2311 420 2377 doctrinam
449 2308 667 2386 condemnata,
690 2327 760 2372 oum
790 2310 953 2375 sententia
976 2311 1208 2379 exhnmotionis
1230 2315 1348 2381 ossium

151 2413 294 2496 ipsinsa
326 2429 417 2476 sacro
439 2411 527 2488 loeo,
561 2409 588 2473 si
609 2428 628 2473 a
661 2406 801 2475 fidelium
823 2411 948 2476 ossibus
970 2412 1097 2479 valeant
1119 2416 1276 2496 separari,
1312 2435 1350 2483 ae

152 2519 245 2580 extra
274 2531 397 2580 sacrum
427 2513 528 2577 locum
558 2509 730 2574 eorundem
764 2512 881 2576 ossium
904 2513 1118 2594 projectionis.
1163 2514 1290 2598 Verum,
1313 2525 1350 2584 ut

151 2615 352 2698 experientia
374 2613 475 2692 docet,
498 2629 660 2676 venenosa
686 2611 827 2692 ejusdem
848 2613 982 2678 ioannis
1005 2632 1219 2699 perversaque
1242 2619 1348 2701 opinio

150 2723 276 2783 mentes
299 2714 436 2797 plurium
469 2713 593 2785 iniecit,
624 2717 715 2795 peste
751 2730 809 2776 sua
848 2712 1072 2780 damnabiliter
1101 2720 1349 2801 corrumpendo;

150 2817 236 2882 unde
259 2818 291 2881 in
314 2815 566 2898 praesentiarum
589 2812 841 2894 improbissimos
858 2822 890 2880 et
913 2815 1198 2896 periculosissimos
1220 2829 1350 2887 sanctae

149 2919 306 2986 ecclesiae
328 2919 430 2995 viros,
466 2915 621 2997 ‹qrrondam
655 2916 810 2981 Joannem
844 2915 913 2980 Hns
939 2916 1247 3001 Hieronymnmque‚
1282 2922 1350 3004 ejus

150 3021 267 3086 Wiclef
292 3021 323 3084 in
357 3019 464 3084 multis
497 3017 740 3081 damnatissimis
770 3017 913 3082 articulis
940 3019 1131 3100 imitatores,
1164 3039 1224 3087 non
1249 3023 1350 3089 solum

148 3122 189 3188 ad
224 3120 468 3199 debilitandum,
499 3118 554 3182 sed
578 3117 785 3183 evertendum
808 3119 897 3199 quasi
921 3118 1086 3185 militantis
1110 3122 1263 3189 ecclesiae
1287 3123 1350 3190 dis·

150 3222 316 3305 ciplinam,
350 3219 444 3285 fidem
467 3220 561 3284 etiam
593 3218 780 3284 catholicam
802 3219 979 3284 elidendam
1004 3221 1136 3285 tendere
1158 3224 1350 3291 manifestis·

149 3321 230 3388 sime
252 3322 466 3402 cognovimns.
511 3320 558 3385 Ob
581 3321 704 3401 hocque
727 3320 874 3400 gentihus
890 3321 1049 3403 praeclari
1071 3324 1162 3402 regni
1178 3324 1349 3393 Bohemiae

150 3422 250 3488 vestri
274 3421 420 3487 catholici
454 3439 512 3503 pro
534 3429 596 3486 tam
620 3420 770 3500 nefanda,
807 3427 870 3486 tam
899 3422 1035 3488 obnoxia
1062 3423 1133 3489 labe
1165 3425 1351 3508 repellenda

151 3522 330 3607 plurimum,
354 3529 388 3586 ut
412 3521 628 3603 percepimus,
652 3521 817 3603 excitata,
839 3542 877 3588 ac
899 3523 994 3588 etiam
1016 3525 1159 3589 maximis
1179 3526 1293 3607 jurgiis
1317 3531 1351 3592 et

151 3622 444 3690 concertationibus
467 3622 601 3701 exortis,
636 3621 758 3701 ingenti
782 3623 888 3688 studio
925 3629 958 3688 et
980 3631 1104 3690 maturo
1123 3625 1242 3707 jndicio
1266 3632 1348 3692 trae·

148 3733 271 3805 tamus,
302 3742 364 3806 qno
387 3730 479 3807 paeto
501 3743 634 3804 regnum
657 3724 759 3805 ipsum
783 3724 900 3789 talibus
924 3725 1103 3791 hominibus
1126 3727 1350 3809 perditissimis

152 3827 292 3893 liberare
308 3825 495 3891 valeremus,
517 3824 627 3906 Neque
652 3842 704 3888 res
717 3826 1010 3906 parvavidebatur;
1033 3828 1149 3892 etenim
1162 3828 1221 3892 sub
1243 3828 1350 3893 colore

151 3927 328 3994 catholicae
351 3925 424 3992 fidei
441 3927 521 3991 tales
540 3926 784 3991 haeresiarchae
808 3926 912 3993 solent
934 3928 1183 4009 simplicissimos
1205 3929 1349 3994 homines

151 4028 300 4093 indoctos
328 4034 360 4092 et
382 4027 561 4092 ineruditos
584 4046 789 4110 eorrumpere
812 4047 849 4094 ac
872 4047 926 4094 eos
949 4049 968 4094 a
989 4027 1064 4094 fidei
1087 4029 1242 4095 institutis
1258 4047 1348 4094 aver·

151 4137 233 4195 tere.
277 4127 389 4210 Itaque
415 4129 479 4210 jam
503 4146 557 4193 eos
581 4129 639 4193 sub
670 4135 779 4194 nostra
801 4135 962 4211 potestate
991 4130 1137 4196 redactos
1160 4132 1349 4211 examinare,

152 4238 187 4295 et
220 4229 481 4312 quemadmodum
523 4238 683 4311 saperent,
718 4231 912 4313 perscrutari
942 4231 1106 4296 volnrimus.
1155 4233 1273 4296 Verum
1310 4231 1350 4298 de

151 4328 278 4394 Joanne
300 4327 379 4409 Hae,
403 4330 456 4409 qui
479 4329 614 4411 primunr
638 4331 698 4396 huc
720 4331 815 4410 venit,
836 4330 988 4412 judicium
1011 4333 1074 4398 orsi
1097 4331 1350 4413 diligentissime,

151 4430 186 4498 in
207 4429 298 4495 libris
320 4429 454 4512 primum
478 4431 560 4511 suiS,
601 4430 736 4511 denique
759 4431 1011 4515 quamplurium
1034 4434 1162 4498 testium
1186 4434 1247 4500 fide
1281 4433 1349 4516 dig·

153 4548 278 4609 norum,
300 4528 362 4594 imo
385 4530 438 4610 qui
462 4530 547 4596 nullo
570 4538 662 4612 paeto
686 4532 847 4614 repudiari
870 4539 1011 4615 possunt,
1036 4533 1234 4614 testimoniis,
1257 4554 1351 4617 repe-

152 4631 253 4701 rimus
275 4629 427 4698 intestina
459 4628 533 4697 fidei
562 4636 691 4700 nostrae
725 4632 880 4720 dissipare
915 4638 947 4698 et
969 4636 1120 4719 populum
1152 4636 1277 4702 notorie
1310 4635 1352 4702 ad
