2992 5258
152 391 215 454 208
318 354 321 358 Α
387 387 581 451 decusationes
599 388 637 443 M.
656 348 681 442 l.
699 387 758 442 llus
776 387 890 456 ejusque
907 401 1047 456 responsa.
1080 390 1107 445 9.

153 589 255 660 stinus,
277 589 482 665 Hieronymus,
506 592 666 667 Gregorius
689 593 788 664 etalii,
810 608 932 665 quorum
953 592 1033 652 diota
1053 600 1202 666 ponuntur
1222 593 1255 653 in
1265 592 1349 666 prin·

152 689 231 762 cipio
253 696 404 752 maenius.
455 740 460 751 .

255 792 302 851 13.
325 789 459 862 capitulo
481 797 584 850 octavo
616 791 799 851 insecundo
828 790 914 850 lolio:
946 790 1052 852 Ornncs
1074 792 1172 852 aulem
1195 790 1352 853 criminosi

155 887 187 965 (i.
203 904 229 948 e.
245 887 406 949 infideliter
420 891 560 961 viventes,
582 908 600 950 a
614 890 680 962 fide,
702 892 824 951 caritate
839 889 964 952 formato
978 891 1163 971 deficientes)
1185 893 1351 953 sementum

147 991 332 1060 praesentem
356 990 506 1061 just-itiam
530 993 600 1050 sunt
630 990 770 1063 infideles,
799 1007 865 1050 cum
892 991 1071 1064 irrmossr'bile
1102 993 1142 1052 sit
1175 1004 1352 1068 ᾳιωηιᾳιιαω

146 1104 272 1160 peccare
291 1090 461 1158 mortaliter,
483 1090 552 1150 nisi'
566 1091 601 1149 dc
622 1094 731 1164 querito
752 1090 786 1148 in
804 1090 862 1161 tide
883 1090 989 1161 defecit.

253 1189 329 1260 Quia
349 1189 375 1247 si
395 1205 520 1260 poenam
542 1189 729 1263 infligendam
752 1190 794 1248 sie
815 1191 1005 1262 peccantibus
1020 1192 1185 1265 cogitarent
1205 1198 1237 1252 et
1257 1191 1349 1265 plene

152 1290 308 1349 crederent
333 1296 365 1347 et
383 1289 527 1350 haberent
554 1289 640 1350 fidem
668 1289 784 1350 divinae
807 1291 938 1361 notitiae,
969 1294 1114 1365 quomodo
1143 1292 1223 1352 clare
1250 1293 1350 1352 omnis

152 1389 304 1462 cognoscit
330 1394 361 1448 et
385 1390 471 1450 adest
499 1407 640 1463 praesens
671 1391 714 1450 sio
742 1391 940 1462 peccantibus,
969 1409 1027 1450 non
1056 1398 1125 1453 tunc
1152 1392 1277 1453 indubie
1304 1393 1349 1453 sic

153 1494 319 1561 peccarent

252 1586 507 1649 Verifieamr.ista
527 1591 690 1662 propositio
720 1607 775 1663 per
795 1591 868 1650 illud
889 1592 1001 1651 Isaiae:
1037 1592 1191 1664 Principes
1218 1592 1262 1652 tui
1283 1589 1349 1651 inti·

153 1688 250 1759 deles,
278 1688 352 1747 socii
378 1687 486 1760 iurum,
514 1707 615 1750 omnes
642 1691 766 1764 diligunt
787 1707 916 1762 munero,
946 1698 1106 1765 sequuntur
1127 1692 1349 1751 retributiones.

152 1788 232 1848 Eece
257 1794 343 1848 vocat
374 1789 520 1861 propheta
550 1790 701 1863 principes
730 1790 874 1853 ecelesiae
895 1789 1029 1850 infideles
1059 1797 1183 1862 propter
1210 1791 1348 1851 eriminal

155 1889 262 1948 Omnes
284 1889 361 1947 enim
392 1889 466 1948 tales
489 1897 557 1949 sunt
579 1890 656 1948 servi
676 1888 831 1959 infideles,
862 1890 1018 1963 principali
1039 1890 1157 1949 domino
1179 1888 1268 1950 fidem
1288 1906 1350 1949 non

155 1993 317 2059 servantes,
349 1994 381 2048 et
411 1986 546 2048 infideles
576 1987 639 2059 filii,
671 1989 876 2060 obedientiam,
909 1990 1042 2049 timorem
1070 1996 1102 2049 et
1132 2006 1264 2050 amorem
1290 2007 1350 2051 non

154 2095 306 2147 servantes
328 2087 385 2146 deo
407 2089 494 2160 patri.
604 2136 607 2143 .

251 2189 325 2248 Item
346 2187 512 2248 verificatur
532 2189 591 2249 iste
611 2191 775 2262 propositio
805 2206 860 2263 per
879 2190 951 2249 illud
975 2191 1104 2262 apostoli
1124 2191 1162 2250 sd
1184 2191 1283 2251 Titum
1303 2189 1351 2251 1⁰:

154 2285 337 2348 Confitentur
359 2306 391 2348 se
413 2305 502 2348 nosse
524 2289 624 2360 deum,
652 2288 737 2350 laetis
759 2297 857 2349 autern
879 2276 1001 2364 negant3
1027 2307 1128 2350 omnes
1151 2292 1229 2350 enim
1250 2292 1352 2352 cnuti·

153 2389 220 2447 nosi
241 2386 328 2448 lactis
360 2395 471 2463 negant
499 2390 594 2449 deum.
636 2390 677 2449 Et
698 2391 768 2463 qnia
796 2391 957 2450 existentes
992 2391 1141 2450 criminosi
1172 2389 1313 2451 deficiunt
1331 2408 1352 2451 a

155 2489 312 2551 meritoriis
335 2490 475 2562 operibus
497 2490 694 2561 beatitudinis,
715 2491 805 2563 igitur
821 2489 959 2550 deficiunt
972 2506 991 2549 s
1004 2487 1062 2549 fide
1077 2488 1202 2550 formata
1216 2493 1351 2561 caritate,

152 2607 216 2649 oum
237 2587 313 2652 fides
339 2590 402 2649 sine
429 2592 569 2663 operibus
591 2598 706 2650 mortus
728 2597 774 2649 est
794 2587 912 2671 (iacobi
935 2587 994 2671 2⁰).
1039 2590 1123 2651 Unde
1153 2591 1291 2651 dominns
1317 2592 1351 2653 in

153 2691 304 2761 evangelio
326 2691 414 2751 dicit:
444 2692 516 2763 Quis
536 2698 624 2763 putas
650 2698 697 2751 est
717 2690 813 2751 fidelis
836 2708 938 2752 servus
960 2699 990 2751 et
1011 2692 1148 2763 prudens,
1171 2707 1260 2765 quem
1279 2708 1352 2753 con·

154 2791 249 2849 stituit
270 2791 403 2851 dominus
426 2808 516 2864 snper
537 2791 685 2862 familiam,
707 2798 739 2850 ut
760 2792 811 2852 det
832 2793 875 2851 eis
898 2792 995 2852 cibum
1015 2793 1046 2850 in
1060 2797 1204 2864 tempore.
1226 2792 1269 2852 Et
1282 2798 1352 2865 post

154 2890 238 2951 dicit:
265 2891 350 2962 Quod
372 2892 398 2951 si
419 2908 520 2951 servus
543 2893 594 2951 ille
624 2892 733 2952 dixerit
762 2894 793 2952 in
815 2893 904 2953 eorde
926 2908 995 2951 sno:
1020 2892 1135 2951 Moram
1157 2890 1229 2953 lucit
1248 2893 1349 2953 vivere

153 2991 286 3051 dominus
314 3009 404 3062 mens,
433 2999 464 3052 et
490 2993 621 3065 coeperit
646 2998 801 3064 percutere
830 3008 990 3052 conservos
1012 3007 1052 3054 st.
1087 2993 1187 3051 reniet
1212 2993 1355 3055 dominus.

154 3092 232 3151 servi
252 3092 332 3152 illius
347 3101 377 3152 et
397 3099 489 3164 ponet
508 3101 622 3166 purtem
644 3095 706 3166 ejus
736 3110 800 3152 cum
822 3089 999 3153 infidelibus.
1021 3092 1081 3151 Sed
1108 3107 1198 3164 qnare
1222 3099 1353 3164 poneret

154 3198 236 3250 ustus
247 3191 381 3251 dominus
391 3199 504 3264 partem
525 3208 639 3265 poenae
662 3210 726 3252 eum
745 3190 915 3252 infidelibus
941 3190 1022 3251 illius
1045 3191 1139 3269 servi,
1168 3208 1255 3264 quom
1277 3209 1349 3253 con·

155 3292 251 3351 stituit
265 3308 354 3363 super
367 3291 506 3351 familiam
520 3310 610 3361 suam,
632 3293 690 3351 nisi
711 3292 779 3365 quia
800 3291 855 3351 luit
876 3289 1024 3351 infidelis?
1045 3292 1085 3350 Et
1104 3291 1171 3351 hine
1184 3293 1350 3364 praedixit:

156 3391 227 3463 Quis
248 3400 334 3465 putas
356 3399 404 3450 est
424 3408 525 3451 servus
546 3391 664 3451 fidelis?
707 3391 792 3452 Unde
817 3392 965 3451 decretum
992 3391 1072 3450 beati
1099 3390 1249 3465 Gregorii:
1280 3392 1351 3453 Sola

156 3489 326 3550 obedientia
346 3498 392 3551 cst
412 3492 513 3561 vimus,
543 3507 617 3565 quae
640 3490 709 3550 fidoi
731 3490 866 3563 possidet
886 3492 1029 3562 meritum,
1059 3492 1124 3551 sine
1146 3509 1204 3565 qus
1224 3493 1354 3566 quilibet

156 3605 224 3649 esse
244 3588 373 3651 infidelis
395 3592 584 3665 convincitur,
607 3592 694 3650 etiam
716 3593 742 3651 si
763 3590 859 3651 tidelis
881 3608 949 3651 esse
971 3592 1114 3651 videntur.
1135 3592 1218 3653 ilaec
1238 3592 1300 3652 ille.

258 3694 305 3750 14.
328 3689 447 3764 „Verba
478 3690 587 3750 Christi
616 3692 696 3750 diota
718 3690 822 3750 Petro:
857 3690 1062 3766 Quodcumque
1087 3693 1290 3766 tigavensem.
1318 3711 1354 3753 en

156 3790 271 3863 defectu
291 3791 503 3865 intelligentiae
524 3795 632 3851 terrent
651 3793 758 3851 nuntios
778 3792 963 3859 eltristianos,
985 3797 1018 3849 ut
1039 3794 1176 3850 timeatur
1195 3793 1354 3863 seruiliter,

156 3890 260 3949 etalii
281 3879 468 3965 decipiautni
487 3892 521 3952 in
535 3892 701 3966 praedictis
725 3893 829 3962 corbis,
853 3895 1079 3965 praesumentes
1099 3892 1136 3951 tte
1161 3892 1354 3965 phetam

150 3991 335 4062 constater

255 4091 390 4165 Capitulo
412 4090 458 4152 Χ0
478 4093 508 4152 in
520 4087 556 4150 2⁰
578 4090 649 4152 lolio
671 4092 791 4152 dieitur:
814 4093 854 4151 Et
868 4093 927 4152 ists
940 4092 1039 4163 rerba,
1055 4090 1118 4152 scil.
1134 4091 1280 4151 Matthaei
1297 4093 1352 4159 lde

158 4191 361 4266 Quaecumque
390 4192 580 4265 alligaveritis
600 4208 638 4255 oe.
666 4198 697 4251 et
716 4193 802 4252 loen.
824 4190 877 4256 2⁰:
907 4194 1020 4265 Accipe
1046 4191 1181 4264 spiritum
1208 4197 1357 4263 sammon,

158 4309 280 4367 quorum
305 4292 480 4352 remiseritis
507 4309 543 4354 ot
571 4297 602 4351 et
628 4291 721 4351 Math.
745 4295 796 4351 16:
841 4292 1048 4366 Quodcumque
1076 4291 1262 4364 alligaveris:
1294 4292 1355 4353 ists

157 4392 248 4450 rerba
269 4409 306 4452 ex
327 4391 445 4452 delectu
465 4392 677 4464 intelligentiae
699 4398 812 4452 terrent
832 4392 939 4452 multos
966 4392 1150 4461 christianos,
1178 4397 1213 4451 nt
1232 4392 1362 4455 ument-

89 4470 107 4499 '
160 4491 313 4564 serviliter,
335 4499 366 4552 et
385 4491 437 4551 alii
457 4492 642 4565 decipiuntur
661 4492 693 4551 in
715 4493 768 4562 eis,
790 4499 1012 4565 praesumentes
1033 4494 1070 4554 de
1093 4491 1278 4565 plenitudine
1301 4506 1356 4565 po·

162 4592 287 4653 testatis.
329 4592 401 4654 Ideo
433 4593 655 4679 supponendum
677 4599 723 4654 est
743 4593 845 4666 primo,
878 4594 957 4668 quod
991 4593 1098 4655 dietum
1126 4592 1357 4657 ravennnae
