2992 5258
163 376 224 439 190
401 371 594 427 decusationes
611 371 648 426 ΙΙ.
666 373 691 426 J.
708 372 768 426 llus
785 372 897 443 ejusque
914 387 1053 441 responsa.
1088 375 1113 427 6.

161 574 265 656 ipsum
297 573 413 638 obinde
441 581 599 655 tamquam
628 580 811 655 suspectum
844 575 882 639 de
912 574 1037 639 haeresi
1069 575 1281 657 personaliter
1313 574 1354 640 ad

161 675 331 739 Romanam
359 675 478 739 curiam
504 674 605 739 citari.
650 675 729 739 Item
757 675 794 738 D.
816 675 957 740 Joannes
979 693 1062 757 papa
1087 675 1204 741 dictam
1225 693 1354 741 causam

162 774 316 838 commisit
348 773 473 840 domino
494 774 646 839 cardinali
676 775 717 839 de
739 773 892 840 Columna
913 775 1167 855 examinandam,
1200 782 1237 841 ut
1258 775 1286 840 si
1308 776 1354 841 ita

160 874 326 952 inveniret,
349 874 609 955 quemadmodum
630 876 691 939 luit
718 875 925 957 propositmn,
954 876 1058 956 ipsum
1079 875 1121 938 M.
1146 875 1261 940 loann.
1283 875 1353 940 Has

160 974 371 1055 personaliter
396 975 436 1039 ad
458 976 576 1039 curiam
598 976 721 1039 citaret.
765 976 845 1057 Item
867 974 970 1040 dictus
992 974 1032 1037 Ι).
1056 973 1241 1054 Cardinalis,
1264 974 1352 1039 salua

160 1091 217 1155 sua
241 1075 429 1154 reverentia,
455 1094 622 1156 perperam
639 1073 814 1155 procedens
838 1075 869 1137 in
896 1073 1128 1139 examinatione
1140 1074 1270 1138 testium
1292 1091 1350 1155 pro

159 1173 353 1239 verificando
379 1175 597 1256 propositione
625 1174 803 1255 praedicta,
836 1193 894 1238 nec
924 1173 1095 1237 admittens
1127 1174 1205 1238 alias
1231 1174 1349 1255 proba-

159 1273 272 1353 tiones,
302 1281 336 1338 et
357 1274 583 1339 relaxationem
606 1274 709 1338 dictae
732 1274 891 1338 citationis
915 1274 1091 1354 personalis
1121 1273 1182 1337 sibi
1212 1292 1272 1354 por
1294 1271 1350 1336 do-

135 1366 277 1437 'minum
304 1392 418 1455 papam
446 1374 559 1437 iactam
593 1373 809 1454 supprimens,
846 1373 948 1454 ipsum
977 1373 1020 1436 M.
1041 1373 1197 1437 loannem
1218 1371 1289 1436 Hus
1310 1371 1351 1437 ad

160 1472 279 1536 curiam
300 1473 471 1538 Romanam
493 1473 707 1554 personaliter
729 1473 846 1537 citavit.

258 1572 397 1637 Tandem
433 1573 592 1656 pendente
629 1574 763 1638 termino
803 1572 962 1637 citationis
998 1582 1102 1635 ser¹¹¹¹¹⁸
1136 1572 1287 1654 princeps
1319 1577 1354 1636 et

159 1671 305 1736 dominus
329 1671 367 1734 D.
383 1671 598 1750 Wenceslaus,
623 1673 835 1737 Romanorum
857 1690 913 1735 rex
940 1679 973 1735 et
998 1672 1167 1736 Bohemiae
1193 1690 1259 1749 rea,
1283 1690 1345 1737 neo

159 1770 222 1836 non
254 1773 325 1835 illm·
346 1771 384 1835 D.
406 1773 532 1854 Sophia,
556 1772 856 1853 regiuaBolremiae,
879 1772 1024 1850 barones
1048 1772 1240 1835 universitas
1252 1771 1351 1836 studii

159 1871 328 1952 Pragensis
354 1879 386 1936 et
408 1871 553 1936 civitates
582 1872 712 1952 antiqua
740 1879 773 1936 et
805 1889 886 1934 nova
908 1866 1077 1951 l’ragen'sis
1106 1871 1351 1937 destinaverunt

159 1981 264 2036 certos
286 1987 360 2035 suos
388 1972 616 2036 ambasiatoros
641 1971 679 2034 D.
702 1971 807 2052 Papae
838 1978 871 2034 et
900 1968 983 2035 dicto
1011 1970 1049 2033 D.
1077 1969 1253 2050 Cardinali,
1287 1972 1348 2036 ite·

158 2071 237 2135 ratis
259 2071 380 2135 vicibus
410 2069 641 2150 supplicanteS,
675 2074 711 2132 ut
732 2068 932 2148 personalem
957 2069 1135 2150 hujusmodi
1164 2070 1350 2135 citationem

158 2171 340 2235 relaxarent
369 2188 408 2233 ex
439 2189 486 2250 eo,
520 2168 603 2249 quod
640 2168 742 2233 dictus
775 2168 816 2233 Μ.
850 2167 993 2233 loannes
1021 2170 1089 2233 Hus
1120 2170 1240 2251 injuste
1261 2181 1351 2235 esset

158 2275 324 2335 accusatus
353 2288 410 2351 per
437 2269 586 2345 aemulos,
617 2268 763 2349 quodque
790 2269 859 2350 ipse
887 2269 1027 2333 loannes
1052 2268 1122 2332 Hus
1148 2287 1211 2333 non
1237 2274 1350 2350 posset

158 2371 354 2451 pertransire
377 2375 410 2434 et
431 2369 539 2433 venire
562 2369 733 2433 Romanam
759 2369 876 2432 curiam
899 2374 1032 2449 propter
1060 2368 1240 2433 inimicitias
1261 2369 1350 2451 capi·

158 2470 248 2550 tales,
272 2488 352 2550 quae
378 2470 411 2532 in
437 2467 495 2531 viis
518 2473 610 2532 erant
637 2468 698 2531 sibi
727 2473 945 2549 praeparatae.
990 2468 1155 2533 Petierunt
1177 2469 1282 2549 etiam,
1312 2476 1352 2535 ut

156 2569 226 2650 ipse
242 2568 280 2633 D.
295 2570 382 2650 Papa
396 2587 527 2648 regnum
543 2568 713 2633 Bohemiae
736 2585 798 2632 non
817 2568 1020 2650 permitteret
1036 2575 1111 2633 nota
1137 2569 1279 2634 haeresis
1301 2570 1352 2635 in·

154 2671 242 2751 juste
263 2667 424 2747 infamare,
447 2675 480 2733 et
502 2667 586 2748 quod
599 2668 803 2750 permitteret
818 2668 949 2732 verbnm
974 2667 1028 2732 dei
1043 2667 1142 2733 libere
1158 2669 1191 2733 in
1216 2669 1354 2754 capeDis

161 2768 202 2833 ad
224 2770 373 2850 populum
395 2767 589 2850 praedicare.

260 2868 325 2933 lmo
347 2867 575 2950 supplicarunt,
596 2874 633 2932 ut
653 2867 794 2948 ipsorum
809 2867 964 2932 sumtibus
987 2874 1020 2933 et
1040 2868 1188 2950 expensis
1202 2868 1242 2932 Ι).
1263 2870 1353 2950 Papa

156 2969 279 3049 legatos
312 2985 386 3032 suos
419 2968 460 3034 ad
493 2986 626 3048 regnum
650 2967 820 3032 Bohemiae
846 2967 1015 3048 dirigeret,
1039 2967 1122 3049 quod
1149 2975 1224 3034 tunc
1249 2969 1353 3034 corri-

157 3075 278 3149 gerent,
313 3068 341 3132 si
370 3086 432 3148 qna
456 3067 562 3132 forent
594 3066 673 3131 inibi
695 3066 893 3147 corrigenda,
916 3068 1029 3147 quibus
1051 3069 1169 3133 vallent
1190 3069 1351 3150 praebere

154 3170 304 3234 auxilium
326 3170 394 3250 ipse
416 3168 454 3231 D.
476 3169 542 3233 Rex
565 3175 598 3232 et
620 3167 873 3246 communitateS,
898 3174 941 3247 ut,
964 3168 991 3232 si
1017 3168 1138 3233 inventi
1159 3168 1267 3234 lorent
1287 3169 1350 3233 ali-

155 3271 208 3351 qui
231 3269 357 3335 erronei
380 3269 532 3346 leminea,
557 3269 755 3349 punirentur.

254 3370 424 3433 Praeterea
456 3369 525 3449 ipse
557 3369 599 3431 ll.
631 3368 772 3432 loannes
797 3366 866 3430 llus
899 3383 956 3449 pro
990 3385 1048 3432 sua
1081 3369 1285 3433 excusatione
1315 3376 1350 3435 et

154 3469 336 3534 innocentia
357 3467 562 3546 ostendenda,
585 3486 648 3531 non
670 3467 778 3531 valens
800 3466 841 3531 ad
873 3467 992 3531 curiam
1012 3476 1144 3549 propter
1165 3468 1349 3535 inimicitias

154 3569 274 3648 venire,
301 3567 417 3631 direxit
444 3585 518 3632 suos
546 3569 723 3648 triplicatos
746 3574 968 3648 procuratores
995 3567 1153 3648 legitimos
1182 3569 1223 3633 ad
1244 3570 1349 3651 ipsam

156 3669 283 3748 curiam,
307 3667 360 3748 qui
375 3667 502 3748 saepius
518 3673 551 3731 et
564 3668 689 3732 iteratis
704 3666 824 3731 vicibus
840 3666 999 3748 pendente
1021 3669 1181 3732 cinctionis
1197 3670 1348 3750 termino,

154 3767 344 3848 praesertim
370 3786 440 3830 cum
462 3767 594 3830 dominis
621 3768 782 3832 advocatis
805 3776 838 3832 et
859 3769 1117 3848 procuratoribus
1139 3769 1346 3849 generalibus

155 3866 255 3947 ipsius
277 3866 393 3941 curiae,
412 3867 478 3930 scil.
493 3867 531 3930 D.
547 3867 707 3946 Ardicino,
722 3867 760 3930 D.
776 3867 883 3931 Marco
900 3867 940 3930 de
956 3866 1116 3945 Canicula,
1136 3868 1174 3932 D.
1190 3870 1347 3951 Augusto,

156 3964 194 4029 D.
206 3966 300 4031 Petro
317 3966 355 4030 de
370 3968 537 4031 Ancorano
560 3973 592 4031 et
607 3966 650 4030 ll.
664 3967 684 4030 J
687 3984 788 4031 oanne
804 3966 948 4030 Scribani
970 3975 1216 4049 comparuerunt
1237 3986 1349 4035 coram

154 4065 238 4129 dicto
259 4064 297 4128 D.
314 4063 473 4130 cardinali
494 4066 715 4146 personaliter,
738 4066 850 4129 dantes
866 4073 899 4130 et
914 4066 1085 4133 offerentes
1106 4085 1212 4132 coram
1235 4069 1349 4135 eodem

153 4164 304 4230 articulos
327 4172 360 4228 et
380 4165 555 4247 positiones
577 4184 636 4247 pro
659 4167 862 4231 excusatione
884 4186 902 4231 a
931 4167 1156 4247 comparitione
1182 4169 1351 4250 personali

154 4264 229 4329 dicti
251 4264 293 4329 M.
315 4265 385 4329 llus
406 4264 609 4345 sufficientes,
632 4266 830 4347 pertinentes
853 4274 886 4331 et
907 4267 1115 4332 admissibiles
1131 4274 1164 4332 et
1182 4268 1255 4349 jure
1270 4288 1350 4351 pro·

153 4363 311 4444 cedentes,
344 4365 447 4447 parati
479 4383 608 4446 semper
626 4366 690 4446 juri
713 4375 798 4430 stare
821 4374 854 4431 et
876 4366 1070 4447 respondere
1090 4368 1233 4448 singulis,
1261 4386 1348 4450 quae

150 4462 233 4528 dicto
255 4465 406 4546 magistro
430 4473 522 4531 erant
544 4467 669 4547 objecta
690 4468 740 4532 uel
763 4468 794 4530 in
816 4466 955 4530 futurum
978 4467 1163 4548 objicienda.
1199 4467 1242 4534 Et
1268 4469 1347 4549 quia

153 4563 223 4645 ipse
238 4564 274 4627 D.
291 4564 466 4632 Cardinalis
480 4567 652 4648 praemissa
675 4567 801 4630 minime
817 4566 1012 4663 advertebat,
1029 4567 1088 4631 luit
1102 4568 1217 4632 iterum
1233 4568 1359 4651 appel-²
