2992 5258
337 406 380 458 47.
397 401 494 458 Clerus
505 403 585 472 Prag.
604 405 780 473 conqueritur
797 403 871 475 apud
888 418 986 473 papam
1005 403 1040 459 de
1051 403 1089 458 ll.
1101 405 1168 459 Hus.
1291 408 1353 475 459

150 611 352 677 decretorum
374 607 570 688 doctoribus,
602 616 710 676 certos
732 629 772 676 ex
794 609 888 677 dictis
909 611 1000 677 libris
1024 630 1096 677 esse
1119 608 1351 677 comburendos

151 720 309 794 tamqnam
340 729 494 777 erroneos
523 711 756 792 condemnavit,
786 718 820 777 et
840 712 919 777 alias
942 713 1081 778 inhibuit
1103 711 1231 791 etfacit,
1255 717 1352 793 prout

148 818 181 882 iu
203 816 290 881 dicta
305 814 528 879 commissione
546 813 736 879 continetur.
766 814 808 878 Et
823 815 900 880 licet
915 823 1008 897 pater
1024 817 1151 882 sancte!
1176 815 1351 881 secundum

148 918 317 984 canonicas
348 915 530 981 sanctiones
565 915 737 980 haereticis
765 935 824 981 noc
852 934 915 980 non
939 916 986 980 eis
1008 916 1223 995 credentibus
1244 917 1351 983 faven-

153 1023 239 1087 tibus
262 1025 295 1084 et
317 1017 560 1100 receptantibus
586 1016 810 1098 appellationis
832 1016 1027 1088 beneficium,
1056 1036 1115 1099 per
1136 1017 1221 1097 quod
1244 1035 1353 1083 eorum

149 1126 301 1189 haereses
333 1125 465 1202 possent
495 1118 637 1200 palliare,
667 1119 710 1182 sit
742 1118 963 1183 interdictum:
996 1124 1101 1184 tamen
1135 1118 1239 1185 dictus
1259 1119 1351 1184 ioan.

151 1223 221 1289 Hus
250 1227 284 1287 ct
312 1220 366 1285 alii
396 1219 646 1301 supranominati
677 1219 851 1301 praedictis
879 1218 1147 1286 declarationibus
1177 1226 1210 1284 et
1237 1219 1353 1285 inhibi-

152 1323 294 1391 tionibus
315 1327 350 1387 et
370 1320 441 1386 aliis
456 1338 515 1401 per
530 1318 648 1386 dictum
667 1320 705 1384 D.
718 1320 1001 1403 Archiepiscopum
1016 1320 1171 1386 ordinatis
1186 1319 1227 1385 ad
1243 1320 1352 1386 sedem

151 1423 359 1506 apostohcam
381 1420 592 1502 appellarunt,
609 1427 835 1487 conaerentes
851 1421 947 1486 etiam
963 1429 1037 1504 post
1051 1421 1232 1502 hujusmodi
1247 1421 1350 1488 archi·

153 1523 297 1607 episcopi
330 1521 488 1602 mandata,
520 1522 769 1603 praetendentes
798 1541 833 1588 se
861 1523 1050 1605 appellasse,
1085 1521 1188 1587 dictos
1223 1540 1351 1587 errores

151 1624 281 1709 publice
303 1623 422 1702 legere,
445 1621 659 1702 dogmatisare
681 1642 718 1689 ac
741 1624 867 1705 publice
890 1623 1007 1702 dicere,
1031 1622 1115 1704 quod
1131 1623 1232 1688 dictos
1253 1622 1353 1689 libros

152 1734 316 1807 mmquam
339 1742 432 1788 veros
447 1723 615 1789 defensare
637 1724 796 1790 volebant.
830 1726 1045 1807 ‘Quapropter
1066 1725 1158 1789 Joan.
1192 1722 1276 1803 Hus,
1299 1724 1353 1804 qai

153 1826 247 1893 dictis
270 1823 475 1908 processibus
504 1842 568 1889 uon
597 1824 713 1905 paruit,
740 1832 774 1889 et
804 1826 878 1905 quia
900 1831 988 1890 certo
1012 1823 1120 1890 libello
1143 1830 1254 1890 contra
1280 1842 1352 1890 eum

153 1928 260 1993 oblato
282 1924 479 2007 respondere
502 1943 565 1989 non
581 1926 712 2004 curavit,
729 1944 826 2007 snper
842 1927 1025 2008 praemissis
1040 1926 1100 1992 fuit
1123 1944 1181 2007 per
1195 1925 1304 1990 revdnm
1319 1925 1352 1989 in

152 2029 226 2094 Chr.
249 2033 373 2108 patrem
396 2031 430 2090 et
451 2025 621 2105 dominum,
639 2025 675 2090 D.
693 2026 866 2106 Oddonem,
890 2045 915 2090 s.
938 2045 963 2090 s.
977 2027 1063 2092 Rom.
1088 2027 1162 2092 ecel.
1186 2026 1226 2093 ad
1248 2027 1352 2093 velum

151 2146 283 2194 aureum
295 2127 326 2192 S.
339 2125 470 2207 Georgii
494 2126 661 2193 diaconum
676 2127 877 2207 cardinalem,
902 2127 941 2193 de
959 2127 1111 2193 Columna
1126 2136 1350 2210 nuncupatum,

152 2228 452 2307 excommunicatus,
478 2229 509 2292 in
532 2247 594 2310 quo
618 2248 812 2311 perannum
835 2249 906 2294 cum
921 2229 1050 2294 dimidio
1066 2229 1233 2306 insorduit,
1257 2234 1353 2309 prout

152 2331 248 2397 etium
281 2328 481 2394 insordescit.
526 2327 590 2393 Sed
623 2329 697 2411 qnia
729 2330 938 2395 aurosus.
971 2349 991 2393 a
1023 2329 1183 2395 nonnullis
1215 2329 1348 2393 Christi·

151 2428 298 2496 fidelibus
321 2429 517 2512 principibus
540 2430 665 2495 stallis
689 2430 874 2495 orthodoxis
897 2431 1043 2512 pulsatae
1065 2430 1205 2510 fuerunt,
1228 2437 1265 2495 ut
1279 2429 1353 2494 huic

152 2527 305 2613 pestifero
329 2530 471 2594 scismati
494 2530 630 2595 celerem
653 2528 747 2594 finem
769 2530 934 2613 imponere
957 2532 1140 2614 postposito
1162 2530 1353 2615 judiciorum

152 2632 290 2714 strepitu
321 2631 547 2712 dignaremini:
571 2631 614 2695 Va
634 2630 680 2696 Slt
714 2651 753 2697 ex
775 2632 911 2697 dominis
932 2634 1013 2697 meis
1037 2631 1251 2698 cardinalibus
1273 2650 1351 2698 non·

154 2732 250 2799 nullis
284 2733 344 2798 hcc
377 2734 540 2814 negotium
574 2733 808 2798 discutiendum
848 2733 1018 2813 commisit,
1062 2734 1115 2814 qui
1148 2740 1183 2798 nt
1211 2732 1354 2799 creditur

154 2835 211 2897 ν’·
247 2831 286 2896 8²¹
309 2833 437 2897 minime
461 2833 650 2898 retulerunt.
677 2833 720 2899 Et
733 2833 843 2911 adhoc,
860 2840 896 2898 ut
912 2834 1081 2915 unicuique
1097 2833 1183 2900 fideli
1197 2834 1354 2899 dictorum

153 2935 387 3000 haereticorum
417 2933 549 3016 perfidia
579 2935 768 3015 innotescat,
792 2934 933 2999 breviter
955 2934 1075 3014 aliquid
1101 2953 1138 2998 ex
1162 2935 1257 3000 dictis
1276 2934 1352 2999 arti·

154 3036 233 3101 culis
263 3035 398 3099 referam
428 3041 461 3099 et
490 3035 660 3100 succincte.
706 3034 747 3099 Et
776 3034 896 3116 primns
919 3035 1072 3100 articulus
1097 3045 1147 3100 est
1169 3037 1245 3101 iste:
1269 3034 1352 3100 Sub·

152 3135 271 3202 stantia
294 3135 467 3200 materialis
489 3135 582 3218 panis
604 3145 636 3201 et
660 3137 724 3199 vini
747 3143 853 3203 manet
875 3137 908 3201 in
931 3144 1130 3201 sacramento
1152 3137 1263 3202 altaris
1278 3140 1353 3218 post

153 3236 426 3301 consecrationem
449 3252 487 3300 sc.
532 3236 575 3301 Et
606 3244 700 3318 pater
728 3238 853 3302 sancte!
885 3256 955 3302 cum
985 3236 1150 3319 praedicta
1179 3237 1244 3301 sint
1273 3237 1352 3302 adeo

151 3336 276 3404 notorie
292 3336 462 3416 haeretica,
479 3337 563 3417 quod
579 3355 640 3401 non
657 3337 749 3404 decet
772 3338 905 3404 ulterius
922 3337 1085 3419 praedicta
1109 3337 1351 3404 conniventibus

152 3438 253 3505 oculis
274 3438 461 3520 permittere
485 3439 693 3519 pertransire,
716 3456 756 3502 ue
779 3439 806 3503 si
828 3439 911 3503 torte
934 3436 1106 3520 praedictis
1124 3439 1273 3504 celeriter
1288 3459 1352 3505 non

152 3545 349 3617 occurratur,
366 3539 473 3603 taliter
489 3539 666 3619 hujusmodi
684 3540 826 3604 haeresis
853 3540 886 3603 in
909 3540 1046 3605 ecelesia
1069 3540 1120 3604 dei
1149 3548 1259 3623 posset
1280 3558 1353 3620 ger·

154 3641 275 3706 minare
298 3641 450 3720 germina,
474 3639 558 3720 quod
581 3639 664 3705 forte
687 3640 756 3720 ejus
787 3641 974 3723 exstirpatio
998 3639 1136 3707 difficilis
1158 3647 1214 3706 aut
1236 3642 1351 3722 impos-

152 3740 255 3807 sibilis
284 3747 385 3805 esset:
415 3740 487 3805 ideo
510 3759 567 3821 pro
596 3747 687 3822 parte
710 3743 848 3806 omnium
871 3739 1131 3821 Christifidelium
1154 3741 1352 3822 supplicatur

151 3841 181 3906 S.
194 3841 232 3905 V.
255 3849 414 3922 quatenns
436 3841 576 3906 onmium
594 3840 787 3921 judiciorum
809 3843 946 3924 strepitu
963 3842 1189 3923 praetermisso
1205 3860 1242 3907 ac
1258 3842 1351 3908 dictis

150 3940 419 4023 appellationibus
450 3942 649 4024 interpositis
680 3951 712 4008 et
739 3943 810 4008 aliis
841 3944 1081 4023 quibuscunque
1111 3942 1352 4024 interponendis

151 4041 400 4124 circumspectis,
432 4043 518 4108 nulla
549 4043 683 4108 ulterius
713 4046 851 4110 statione
875 4043 1038 4124 requisita,
1061 4044 1252 4109 alletoritate
1275 4061 1352 4124 apo·

151 4142 265 4208 stolica
300 4141 402 4208 dictos
436 4163 604 4225 processus
638 4164 697 4226 per
729 4144 847 4210 dictum
870 4144 908 4210 D.
932 4144 1213 4226 Archiepiscopum
1247 4143 1351 4208 fulmi-

151 4249 245 4309 natos
275 4243 442 4324 ratificare,
473 4246 651 4326 approhare
680 4253 713 4310 ot
740 4247 889 4328 supplere
919 4245 1092 4323 dignemini
1115 4244 1268 4324 deiectus,
1291 4263 1350 4310 nec

150 4360 216 4408 non
238 4346 423 4410 memoriam
445 4344 521 4411 dicti
544 4347 677 4412 Joannis
700 4347 818 4412 Wiclel
836 4354 995 4427 tamquam
1018 4347 1171 4412 haeretici
1188 4347 1347 4422 damnare,

149 4462 188 4508 ac
218 4443 321 4510 dictos
344 4447 372 4510 J.
396 4446 467 4510 Hus
495 4455 528 4510 et
558 4457 682 4513 ceteros
712 4449 791 4515 alios
821 4447 1078 4529 praenominatos
1101 4445 1199 4511 fnisse
1222 4455 1256 4513 et
1278 4464 1349 4513 esse

152 4543 334 4611 haereticos
364 4546 537 4627 declarare,
569 4555 603 4614 et
631 4567 686 4615 eos
717 4554 753 4614 ut
780 4549 960 4615 haereticos
982 4546 1161 4630 puniendos
1183 4548 1295 4630 poenis
1318 4555 1352 4615 ct

153 4645 300 4715 censuris
320 4666 340 4713 a
361 4647 534 4716 canonibus
562 4649 729 4728 institutis,
759 4668 796 4716 ac
823 4648 996 4715 tradendos
1023 4647 1176 4731 potestati
1204 4649 1350 4731 seculari,
