2992 5258
378 395 421 450 23.
453 392 563 462 Zbyneo
579 391 735 448 mandatum
752 391 902 447 Alexandri
920 385 951 446 V'
961 395 1128 464 exsequitur.
1288 386 1352 463 ’385

128 586 228 664 ante
255 594 358 675 dicta3
380 595 613 661 absolutionem
639 613 714 660 vero
738 595 874 658 omnium
898 602 931 658 ot
952 595 1157 676 singulorum,
1180 600 1233 678 qui
1250 617 1348 679 prse-

128 701 237 766 satas
262 702 390 762 nostras
420 696 596 760 sententias
625 694 820 760 incurrerint
846 695 895 758 vel
926 696 1097 761 incurrerit
1120 699 1350 778 quoquomodo,
1406 777 1409 784 Ι

130 798 248 864 nobis
270 797 321 862 vel
342 797 500 879 superiori
523 802 632 861 nostro
659 794 875 860 torrtummodo
899 813 1109 861 reservamus.

254 897 295 962 In
315 912 450 978 quorum
471 897 610 962 omnium
630 893 725 960 fidem
740 902 774 960 et
795 895 1011 960 testimouium
1032 900 1221 978 praesentes
1237 898 1350 966 literas

132 1003 359 1079 praesentem
381 1002 526 1071 nostrum
551 1013 735 1078 processum
750 997 783 1058 in
805 1012 840 1058 sc
863 996 1064 1060 continentes
1086 1015 1144 1079 per
1165 998 1296 1062 Petrum
1311 996 1352 1063 de

133 1093 311 1162 Mokrsko
343 1096 503 1162 notarium
536 1095 697 1178 publicum
730 1095 967 1176 infrascriptum
996 1094 1065 1160 heri
1102 1104 1135 1160 et
1170 1104 1352 1162 nostrorum

138 1196 336 1277 sigillorum
357 1197 552 1278 appensione
572 1197 724 1278 jussimus
747 1197 941 1260 communiri.

257 1300 339 1363 Acta
357 1305 431 1363 sunt
452 1298 532 1362 haec
551 1299 682 1378 Pragae,
705 1297 738 1360 in
760 1297 848 1361 curia
869 1304 979 1361 nostra
1000 1297 1261 1380 archiepiscopali
1276 1299 1354 1363 Pra-

145 1399 260 1478 gensi,
282 1399 344 1463 sita
359 1399 392 1462 in
413 1397 527 1463 minori
552 1398 690 1474 civitate,
712 1397 745 1460 in
761 1398 944 1478 praesentia
958 1398 1180 1462 nonnullorum
1195 1398 1352 1478 abbatum,

147 1497 309 1579 priorum,
331 1497 554 1580 praelatorum,
577 1499 750 1576 doctorum,
765 1496 999 1577 magistrorum,
1017 1498 1212 1577 clericorum,
1229 1499 1354 1565 schola·

152 1596 243 1663 rium
273 1605 307 1664 et
338 1598 472 1664 aliorum
505 1597 623 1663 Christi
656 1596 794 1664 fidelium
816 1597 857 1661 ad
878 1603 1019 1662 sanctam
1052 1599 1206 1680 synodum
1221 1618 1355 1679 congre·

157 1701 322 1777 gaiorum,
355 1697 536 1763 immediate
559 1703 632 1779 post
661 1715 838 1762 sermonem
869 1698 909 1761 ad
932 1698 1050 1762 clerum
1083 1699 1115 1762 iu
1138 1698 1222 1763 dicta
1244 1704 1355 1764 sancta

160 1797 281 1876 synodo
301 1797 432 1878 lactum,
465 1797 539 1862 dum
561 1797 664 1862 eidem
698 1797 818 1879 synodo
846 1798 1057 1878 personaliter
1080 1799 1353 1880 praesederamus,

165 1893 243 1962 ieris
272 1898 411 1963 secunda
443 1899 587 1980 proxima
615 1899 647 1962 in
681 1897 819 1962 crastino
852 1899 954 1962 sancti
976 1898 1051 1976 Viti,
1085 1917 1165 1980 quae
1197 1899 1258 1964 luit
1286 1900 1354 1964 dics

170 1992 241 2061 XVI
260 1999 378 2063 mensis
398 1998 497 2088 Iunii,
519 1997 597 2062 hora
618 1998 708 2077 quasi
730 1998 913 2076 tertiarum,
936 1997 1138 2079 pontificatus
1161 2000 1355 2065 sanctissimi

174 2093 206 2157 in
229 2097 351 2163 Christo
383 2097 484 2178 patris
518 2106 552 2162 et
583 2097 700 2163 domini
723 2098 841 2163 domini
866 2099 999 2163 Ioannis
1028 2099 1135 2165 divina
1155 2099 1357 2181 providentia

101 2250 106 2290 ¹.
178 2212 265 2276 papae
285 2198 393 2264 XXIII
414 2216 497 2264 anno
514 2199 624 2280 primo,
647 2199 871 2280 praesentibus
887 2201 1004 2264 ihihem
1026 2201 1262 2265 venerabilibus
1276 2201 1355 2264 viria

101 2347 107 2387 ,
180 2292 287 2362 Ioanne
299 2297 391 2378 Kbel,
417 2299 567 2364 canonico
594 2299 748 2364 ecclesiae
762 2301 942 2379 l'ragensis,
968 2299 1099 2366 Nicolao
1121 2300 1356 2382 Zeyslmaistcr,

184 2391 364 2463 iunctorum
396 2398 543 2477 doctore,
576 2399 694 2464 vicario
722 2406 755 2464 et
787 2398 932 2477 officiali,
965 2400 1103 2479 Ilattia,
1132 2400 1354 2465 archidiacono

184 2490 412 2571 lutomericeusi
427 2501 461 2565 in
481 2500 567 2566 dicta
580 2506 691 2565 nostra
712 2501 847 2565 ecclesia
859 2500 1019 2580 l'ragensi,
1043 2501 1218 2564 secretorio
1235 2506 1356 2578 nostro,

186 2589 289 2663 lotum
315 2600 355 2664 de
377 2600 469 2665 Duba
490 2602 592 2666 sancti
618 2600 749 2681 Georgii
770 2600 804 2665 in
838 2609 960 2677 castro,
986 2600 1118 2664 Nicolao
1147 2599 1187 2662 de
1207 2601 1356 2679 Znoyma,

187 2698 271 2761 meti
295 2701 487 2782 Apollinaris
516 2702 687 2782 Pragcnsis
721 2701 927 2765 ecclesiarum
959 2699 1119 2764 canonicis
1152 2707 1186 2765 et
1221 2700 1356 2782 publicis

186 2797 299 2864 toanis
310 2820 346 2867 ac
357 2801 429 2866 aliis
443 2801 559 2880 multis,
572 2802 657 2866 circa
671 2800 847 2881 praemissa
861 2801 997 2866 testibus
1018 2798 1080 2864 fide
1092 2799 1207 2879 dignis.
1218 2798 1251 2882 *)
1266 2801 1357 2863 Anno

183 2883 286 2962 d011¹iui
304 2902 488 2981 millesimo,
518 2901 829 2982 quadringentesimo
851 2899 982 2978 decimo,
1005 2900 1101 2964 tertia
1123 2899 1296 2965 indictione
1317 2915 1355 2962 oc.

363 3015 405 3081 Et
427 3032 487 3096 ego
508 3016 639 3094 Petrus,
672 3022 766 3107 natus
788 3015 946 3096 quondam
971 3015 1111 3081 hlathioe
1132 3014 1172 3078 de
1194 3014 1357 3093 Mokrsho,

448 3116 581 3181 clericus
610 3116 830 3182 cracoviensis
856 3115 1007 3196 diocesis,
1035 3115 1180 3197 publicus
1203 3115 1357 3196 imperiali

447 3217 639 3282 auctoritate
658 3217 803 3281 notarius
824 3231 861 3282 tc.

208 4171 244 4184 κ
254 4184 287 4196 x
298 4196 366 4204 --nn-Q-

214 4261 244 4328 ⁸)
263 4278 296 4331 1¹¹
315 4290 453 4351 exemplari,
471 4288 535 4348 quod
552 4288 641 4347 legitur
660 4288 683 4333 in
701 4283 813 4333 Consiliis
832 4285 991 4343 Progensibus
1009 4279 1075 4341 (pag.
1097 4277 1146 4343 69),
1164 4282 1294 4327 recitantur
1311 4281 1358 4326 ulio

265 4378 362 4434 quoque
380 4375 479 4420 testium
496 4372 599 4432 nomino,
619 4385 659 4418 ex.
678 4384 713 4428 gr.
732 4368 866 4415 chcealol
884 4367 987 4427 episcopi
1000 4365 1172 4424 Nicopolensis,
1189 4363 1260 4422 Prng.
1273 4362 1358 4409 suffra-

269 4460 348 4513 aenei,
366 4457 480 4505 Bolmalai
498 4455 580 4503 decani
599 4455 657 4502 eccl.
676 4455 755 4512 Prug,
777 4451 912 4497 Wancealai
933 4450 1061 4511 praepositi
1079 4448 1217 4497 tianensis.
1238 4446 1358 4493 Francisci

270 4544 376 4600 impos.
394 4539 525 4595 Boleslav,
545 4540 657 4586 abbatum
675 4537 740 4584 Patri
757 4534 781 4583 S.
800 4535 927 4587 AmbroaiI.
954 4535 1019 4581 Petri
1037 4532 1218 4587 strahoviensis,
1242 4533 1359 4578 Matthiae

273 4614 299 4664 8·
315 4624 392 4673 Caroli
410 4634 443 4674 oc.
463 4631 499 4672 te.

1159 4712 1192 4765 25
