2992 5258
364 425 408 480 29.
439 423 478 478 tt.
497 422 607 480 Hieron.
625 422 781 480 consulibua
798 422 895 479 Vienn.
913 421 1123 478 commendator.
1279 425 1342 491 409

149 637 329 714 protegere,
359 629 450 696 nobis
480 629 572 695 fidem
599 628 720 695 firmem
746 629 943 708 adhibentes,
974 628 1057 709 quod
1086 628 1249 709 praefatus
1277 645 1342 693 ma·

149 733 250 813 gister
278 733 312 797 in
341 732 408 796 suis
435 731 566 811 natibus,
597 731 732 797 scientia
758 737 791 796 et
816 731 958 795 moribus
981 730 1021 795 ab
1042 728 1175 794 infantie
1195 730 1229 793 in
1250 746 1342 811 prae·

148 832 222 899 latis
245 832 507 898 universitatibus
530 851 565 897 se
587 831 790 897 laudabiliter
811 830 1020 897 conservavit.
1064 829 1241 896 Praedictis
1270 848 1343 912 spe·

149 952 256 1001 ramus
284 941 392 999 vestra
418 932 622 998 inclinabitur
650 933 809 997 excellens
836 932 1015 1014 prudentia
1038 932 1129 997 uobis
1152 931 1343 1011 singularem

149 1035 322 1101 ostendens
355 1034 615 1116 complacentiam
647 1041 681 1098 et
713 1033 753 1097 ad
785 1034 906 1116 majora
938 1032 1004 1097 suis
1045 1031 1252 1114 beneplacitis
1284 1047 1343 1096 nos

149 1135 340 1214 astringens.
385 1134 457 1200 Det
485 1135 607 1216 Pragae
639 1134 673 1199 in
706 1134 838 1225 collegio
872 1133 987 1213 Caroli,
1019 1132 1053 1197 in
1085 1132 1179 1214 plena
1211 1147 1343 1220 congre·

150 1236 279 1317 gatione
301 1236 528 1314 universitatis,
552 1235 603 1300 die
625 1238 661 1298 3·
681 1235 800 1300 mensis
822 1233 1029 1317 Septembris.

348 1354 489 1419 loannes
512 1352 660 1418 Andreae
672 1351 705 1437 ³)
732 1353 845 1418 doctor
873 1353 1050 1418 medicinae
1077 1356 1110 1417 et
1135 1349 1341 1432 magisterio

432 1453 564 1535 artibus,
591 1459 699 1520 rector
726 1454 952 1533 universitatis,
974 1457 1125 1533 totusque
1146 1456 1256 1517 coetus
1278 1469 1343 1518 ma·

432 1554 605 1636 gistrorum
627 1553 723 1620 studii
746 1554 926 1634 Pragensis.

650 1743 851 1758 *un—n-

711 1949 774 2024 30.

151 2143 260 2249 Rex,
302 2146 468 2256 regina,
511 2146 806 2254 primoresque
838 2145 962 2256 regni
1002 2139 1236 2227 Bohemiae
1264 2172 1343 2251 per

150 2279 294 2363 literas
325 2277 568 2363 Romanum
607 2279 858 2387 pontificem
902 2290 945 2362 et
990 2276 1228 2362 cardinales
1273 2309 1343 2363 ro-

152 2425 270 2526 gant,
297 2425 345 2497 ut
371 2414 605 2526 abrogetur
632 2416 856 2519 sententia,
890 2441 1000 2524 quae
1024 2413 1158 2497 libros
1185 2410 1351 2498 Wiclef

153 2549 345 2633 comburi
359 2549 514 2658 jubeat
534 2559 664 2660 atque
684 2548 1050 2658 praedicationem
1069 2547 1191 2632 verbi
1211 2546 1344 2632 divini

228 2686 273 2768 in
298 2684 455 2768 sacello
482 2681 737 2767 Bethlehem
764 2694 806 2768 et
832 2686 926 2768 aliis
951 2683 1058 2768 locis
1083 2683 1265 2793 privatis

606 2824 609 2843 ²
625 2814 869 2928 prohibeat.

536 3033 651 3102 Pragae,
671 3033 745 3101 1410,
765 3035 863 3089 12·-16
881 3033 956 3102 Sept.

485 3286 529 3351 (E
544 3283 606 3338 MS.
632 3283 728 3338 Vicae.
747 3281 832 3348 4902,
846 3285 871 3355 s.
890 3282 941 3337 114
958 3284 1013 3352 apt)

728 3557 764 3623 A.

434 3743 498 3807 ilex
521 3741 729 3807 wenceslaus
750 3741 857 3807 locuni
881 3758 932 3822 pp.
955 3738 1062 3804 ΧΧΙΙΙ.

477 3927 585 3995 „Litore
603 3926 636 3982 de
654 3927 741 3982 libera
759 3925 960 3994 praedicatione
979 3925 1052 3979 uerbi
1070 3927 1113 3982 dai
1130 3942 1218 3994 papae
1236 3925 1343 3982 missa.¹‘

250 4067 331 4133 SS³³⁰
353 4067 385 4129 iu
408 4063 536 4129 Christo
560 4064 643 4147 patri
674 4071 706 4129 et
728 4064 854 4128 domiuo
889 4063 926 4127 Ι).
943 4063 1058 4128 Joanni
1082 4063 1177 4143 digna
1198 4062 1249 4128 dei
1272 4080 1344 4144 pro·

150 4167 292 4234 videntia
321 4173 542 4230 sacrosanctae
566 4165 722 4229 Romanae
752 4183 789 4228 ao
822 4163 1010 4229 universalis
1039 4162 1191 4228 ecclesiae
1224 4182 1344 4228 summo

148 4266 301 4353 pontifici,
325 4267 450 4331 domino
466 4272 575 4330 nostro
592 4264 866 4329 reverendissimo.

248 4370 328 4433 Post
349 4366 691 4433 recommendationem
707 4366 855 4431 humilem
871 4366 1012 4432 osculum
1027 4364 1216 4429 sanctitatis.
1247 4365 1345 4430 Pater

147 4470 348 4537 beatissime!
373 4470 402 4534 S.
427 4469 495 4532 Vrae
524 4469 668 4533 nuntium
691 4467 862 4532 Antonium
891 4468 930 4532 de
958 4468 1067 4533 Monte
1090 4465 1201 4532 Catina
1224 4486 1262 4531 ea
1283 4485 1345 4548 qua

210 4686 237 4754 ⁸)
254 4689 389 4770 ,dayam
409 4687 569 4750 (adscriptum
586 4703 659 4736 mauu
677 4683 779 4752 teriori).
