2992 5258
336 454 378 506 82.
395 451 449 506 Lit.
468 466 542 506 cono.
561 452 596 506 ad
612 452 639 507 J.
658 451 691 506 de
710 451 813 506 Novad.
833 450 866 505 de
885 452 985 506 tuendo
1003 453 1085 520 rrlnisc.
1105 453 1164 507 hut
1285 458 1348 521 573

154 654 285 720 lenderc
318 656 490 721 moliuntur
523 663 556 722 ct
578 657 718 739 ipsorum
756 657 1049 722 condemnationem
1082 654 1256 738 reprobare
1286 674 1348 722 non

154 754 343 835 formidant,
381 776 416 821 sc
451 756 590 823 decretis
627 758 725 840 ipsius
758 758 840 822 sacri
879 756 1003 822 concilii
1036 758 1170 839 praefati
1204 758 1350 823 nolentes

151 857 358 922 conformare.
410 859 469 935 ituri
492 860 588 924 ctiam
611 858 811 923 obedientiae
834 856 934 921 hlium
967 862 1001 921 ct
1023 859 1175 923 athletam
1199 857 1272 923 fidei
1311 877 1348 923 ac

154 957 245 1037 regni
268 959 369 1040 ipsius
401 958 580 1033 Bohemiae,
615 962 677 1024 imo
707 958 972 1023 ferventissimum
1004 959 1185 1037 relatorem,
1216 958 1347 1024 fratrem

154 1066 298 1122 nostrum
334 1060 490 1125 loannem
527 1060 712 1141 episcopum
745 1059 1019 1139 Lutomyslensem
1061 1059 1226 1125 occasione
1265 1059 1349 1125 illius

153 1165 283 1224 sanctae
319 1160 590 1226 condemnationis
632 1166 782 1239 satagunt
811 1159 971 1236 invadere,
1006 1164 1039 1223 et
1079 1160 1148 1241 ejus
1184 1160 1350 1226 ecclesiam

155 1266 187 1324 et
210 1259 355 1325 subditos
377 1259 537 1324 hostiliter
560 1260 730 1339 debellare,
753 1258 972 1341 (iminjmiam
996 1258 1145 1338 (livinum,
1169 1259 1350 1342 depressio-

154 1376 226 1424 nem
256 1360 420 1441 ecclesiae,
444 1361 530 1442 pacis
558 1360 713 1426 desidium
745 1367 779 1424 ct
807 1360 982 1425 catholicae
1009 1358 1082 1424 fidei
1111 1360 1351 1439 detrimentum,

153 1478 217 1526 non
247 1462 465 1541 attendentes,
496 1462 581 1543 quod
610 1462 763 1527 ecelesiae
785 1464 887 1526 status
920 1466 953 1525 et
979 1460 1052 1526 lidei
1076 1463 1280 1543 congregatio
1314 1482 1352 1527 ea

154 1568 229 1625 sunt
255 1561 439 1627 indivisibili
473 1563 588 1627 unione
622 1562 805 1641 conjuncta,
839 1568 875 1627 ut
911 1561 1012 1626 altera
1034 1561 1268 1643 praedictarum
1300 1582 1351 1627 re·

153 1680 241 1737 rum,
271 1662 393 1743 reliqua
425 1664 456 1727 in
487 1664 607 1728 honore
629 1683 691 1727 non
719 1663 841 1741 habita,
867 1680 931 1727 non
953 1663 1057 1727 valeat
1079 1662 1237 1729 honorari.
1284 1664 1352 1729 h’eo

153 1762 237 1827 enim
271 1771 378 1844 potest
411 1763 492 1828 fidei
517 1764 679 1845 derogari,
715 1764 790 1844 quin
828 1781 891 1829 non
924 1763 1026 1827 minus
1058 1763 1212 1828 ecclesiae
1245 1764 1351 1830 detra·

155 1863 266 1941 hatur,
294 1884 352 1928 nec
374 1865 473 1945 ipsius
497 1865 651 1930 ecelesiae
681 1864 853 1928 honoriae
883 1864 1023 1928 libertati
1046 1864 1241 1943 detrahitur,
1274 1865 1349 1945 quiin

155 1970 188 2029 et
210 1962 292 2043 fidei,
316 1972 467 2046 quantum
490 1966 521 2030 in
544 1966 734 2031 detrahente
756 1964 863 2043 fuerit,
887 1965 1067 2045 derogetur.
1111 1965 1232 2029 Talium
1253 1965 1351 2045 igitur

155 2064 202 2129 sic
225 2066 399 2130 errantium
422 2066 564 2131 cordesio
588 2074 639 2131 cst
659 2067 812 2148 proxima,
835 2065 896 2129 nisi
918 2064 1122 2147 resipuerint,
1141 2072 1174 2129 et
1196 2065 1348 2147 perditio·

153 2184 226 2231 nem
248 2186 426 2249 supmmarn
449 2167 598 2245 incidant,
631 2168 656 2231 si
691 2168 871 2250 pertinaces
894 2166 1071 2237 existerint,
1095 2186 1165 2231 eum
1188 2185 1223 2231 sc
1239 2174 1349 2249 paten-

154 2273 205 2332 ter
227 2267 287 2331 deo
310 2275 480 2349 opponant.
515 2268 654 2333 Carearrt
676 2288 754 2348 ergo
777 2270 902 2350 purique,
934 2287 974 2332 ne
997 2267 1163 2332 rrranit'estc
1193 2268 1350 2334 rebellan-

155 2372 205 2432 tes
231 2386 269 2432 ac
297 2368 441 2433 inimicos
469 2370 538 2449 ejus
560 2369 747 2447 haereticos,
776 2369 842 2433 scil.
871 2368 924 2448 «pri
954 2368 1133 2432 hominibus
1155 2368 1350 2451 simplicibus

154 2486 218 2532 non
232 2468 448 2549 intelligentes
473 2470 546 2547 laic)
569 2471 761 2552 scripturam
783 2470 824 2535 fel
840 2470 987 2535 draconis
1004 2469 1176 2551 propinant
1197 2470 1345 2535 inaurea

154 2568 252 2634 calice
270 2569 449 2652 Babylonis,
480 2572 568 2651 rprratsi
594 2572 710 2635 boumn
734 2573 837 2635 violem
862 2572 907 2635 eis
930 2569 1032 2653 primo
1056 2568 1203 2646 oil'erunt,
1226 2578 1350 2637 etcum

154 2668 303 2734 inebriati
326 2669 548 2752 hrerint,1pmd
573 2672 715 2736 eleterius
738 2680 787 2735 est
805 2672 982 2753 porrigunt,
1006 2676 1102 2752 prout
1123 2677 1174 2736 est
1189 2673 1351 2753 proprium

154 2788 274 2850 corum,
298 2789 353 2836 eos
375 2771 436 2835 sibi
458 2773 627 2849 associant,
653 2791 707 2837 eos
730 2772 914 2849 ‹lctsemlunt
942 2778 997 2835 rud
1019 2771 1102 2852 ‹prrod
1126 2778 1176 2836 est
1198 2773 1348 2851 deterius,

154 2873 384 2937 mamb

256 2973 358 3053 Igitur
381 2980 423 3045 te,
451 2972 493 3037 tili
518 2974 646 3038 nobilis!
670 2974 722 3055 qui
746 2974 943 3038 incremento
966 2960 1106 3053 cijrrsdenr
1129 2972 1202 3037 fidei
1218 2973 1352 3039 Christi-

153 3092 235 3139 anae
258 3074 376 3138 vacasti
400 3092 526 3155 semper
549 3081 581 3139 ct
603 3075 707 3139 adhuc
728 3094 820 3139 urucas
843 3075 995 3152 studiose,
1019 3076 1051 3138 in
1070 3092 1107 3137 ea
1131 3072 1264 3137 tirmiter
1279 3094 1350 3156 per·

153 3172 307 3253 sistendo,
330 3174 590 3254 otrernadmodum
614 3176 654 3239 dc
675 3176 743 3241 Tua
757 3176 932 3241 Nobilitate
955 3175 1132 3240 acridivimus
1153 3176 1258 3239 arnirno
1281 3195 1349 3241 cum

154 3273 300 3355 jocundo,
323 3274 350 3337 si
372 3274 465 3340 deum
488 3275 604 3357 diligis,
628 3277 680 3359 qui
697 3283 729 3342 tc
745 3277 970 3341 immobilitatis
989 3275 1137 3357 prosapia
1159 3277 1349 3357 sublinmvit,

152 3376 182 3440 si
205 3375 371 3440 ecclesiam
393 3384 527 3441 irratrenr
550 3383 645 3458 tuam,
669 3396 750 3459 quae
772 3383 804 3442 te
827 3378 1029 3457 regeneravit
1050 3377 1082 3440 in
1095 3376 1232 3456 Christe,
1255 3395 1350 3442 venc-

152 3476 245 3559 rariS,
274 3477 300 3541 si
325 3478 485 3559 propriam
509 3477 642 3542 salutem
666 3498 728 3544 non
756 3479 901 3558 negligis,
934 3478 961 3541 si
990 3477 1101 3541 farriam
1123 3494 1186 3542 noir
1214 3477 1348 3559 spernis,

152 3596 213 3661 per
235 3577 358 3643 viscera
380 3578 617 3643 misericordiae
639 3580 717 3643 lesu
741 3579 859 3643 Christi
884 3579 1088 3643 exhortamur
1116 3584 1149 3641 et
1178 3578 1349 3644 instantius

152 3678 372 3760 deprecamur,
395 3698 435 3741 nc
452 3685 484 3742 te
507 3700 525 3743 a
541 3680 745 3761 eorrrplieibus
762 3679 996 3761 praedictorum
1012 3679 1243 3743 haereticorum
1260 3678 1348 3743 dant·

152 3785 301 3845 natorum
334 3797 532 3860 aqrroquam
555 3779 662 3843 serlrrei
687 3780 835 3861 patiaris,
869 3799 908 3843 ne
932 3780 1082 3844 rrtatculam
1104 3780 1136 3843 in
1159 3785 1213 3844 tua
1235 3798 1349 3859 gernen-

151 3878 239 3959 logia
261 3884 369 3961 patrcs
393 3879 608 3949 indelebilem,
632 3881 818 3945 fovendam
842 3881 947 3960 alliquo
970 3881 1020 3943 dei
1049 3888 1082 3944 ct
1111 3880 1263 3945 ecclesiae
1291 3879 1350 3943 ini·

150 3980 257 4051 micis,
286 3979 391 4045 sedin
416 3981 465 4045 via
487 3981 691 4046 rectitudinis
718 3983 882 4047 arrrrlmlans
909 3988 942 4045 et
964 3983 996 4045 in
1019 3983 1139 4046 seruilis
1162 3988 1303 4063 patrum,
1331 4002 1351 4045 a

150 4080 268 4162 quibus
291 4080 453 4161 hricusque
476 4081 705 4146 corrrmcmlaris
728 4102 790 4146 raon
814 4083 983 4157 declinare,
1015 4083 1069 4146 illa
1091 4082 1161 4146 labe
1184 4099 1350 4167 respersos

150 4182 368 4263 prosequaris
391 4188 424 4245 et
446 4181 609 4263 oppressis
632 4183 796 4247 ttartlrolieis
819 4183 852 4246 iu
875 4182 986 4247 eodem
1010 4200 1108 4263 regno
1131 4182 1348 4263 persecutores

150 4280 382 4347 etdelensores
401 4282 485 4345 illius
509 4282 800 4363 perniciosissimae
822 4283 974 4347 haeresis.
994 4283 1087 4363 juxta
1110 4283 1166 4346 tibi
1189 4281 1348 4346 adomino

150 4400 335 4447 concessero
351 4389 551 4464 potestatem,
564 4382 596 4446 in
609 4384 827 4449 rorrrissionem
842 4383 1057 4466 peccaminum
1069 4382 1206 4447 fideliter
1223 4388 1256 4447 et
1271 4401 1347 4447 con-

149 4488 278 4548 stanter
300 4482 384 4545 seras
406 4484 555 4547 arixilium
585 4491 617 4548 et
640 4485 805 4549 consilium
828 4492 1049 4565 opportunum.
1096 4482 1137 4547 Et
1160 4483 1349 4563 praesertim

148 4584 283 4649 fratrem
304 4589 447 4649 nostrum
470 4585 653 4667 episcopum
670 4586 943 4667 Lutomyslensem
964 4586 997 4647 in
1012 4584 1098 4649 'l'uac
1119 4582 1218 4647 h'obtil
1239 4583 1349 4647 ‹leien-

150 4702 219 4749 sam
242 4682 417 4749 affectuose
434 4684 698 4765 commendamus
726 4685 779 4765 qrri
801 4702 861 4767 pro
882 4683 1127 4764 magrrohonore
1149 4684 1234 4749 illius
1257 4685 1349 4764 regni
