2992 5258
262 429 303 482 94.
322 426 489 495 Responsum
507 443 564 481 can.
585 428 662 494 Prag.
687 427 720 482 dc
739 445 875 483 sacrorum
894 430 1038 485 intermiss.
1184 438 1247 501 609

55 644 169 685 numero
194 629 307 697 Bergan
329 636 377 683 est.
413 629 480 682 Item
499 628 616 683 Krulina
635 635 662 683 et
679 629 812 684 Henricus
831 632 1010 698 Wartenberg
1032 631 1058 684 in
1086 634 1156 689 bona
1173 635 1245 689 iuss·

57 719 158 769 serunt

156 799 224 852 item
251 797 318 850 sciat
340 796 407 865 Ejus
426 796 571 863 Serenitas,
600 797 732 850 Joannem
750 798 866 864 Jesenio,
884 814 1045 867 quamquam
1062 800 1197 855 interdum
1216 815 1245 854 se

56 881 183 949 occultet,
197 895 279 949 saepe
288 887 376 934 tamen
392 880 494 947 aliquot
507 879 601 934 diebus
614 880 762 947 interjectis
780 882 806 934 in
821 889 965 950 conspectu
982 884 1117 936 homiuum
1136 884 1244 938 versari.

57 967 154 1035 Itaque
164 980 241 1020 sacra
253 965 390 1032 procurari
406 980 458 1018 non
476 963 560 1031 decet,
581 965 736 1032 priusquam
755 964 889 1021 discessus
907 966 966 1035 ejus
984 981 1017 1020 ex
1032 967 1119 1034 Praga
1134 967 1174 1021 ita
1190 967 1246 1035 fiat,

57 1050 133 1105 utin
159 1050 252 1105 urbem
278 1047 378 1103 reverti
395 1063 446 1101 non
465 1048 557 1116 possit,
578 1055 659 1116 atque
677 1055 707 1102 ut
724 1048 842 1103 decanus
860 1056 888 1102 et
904 1049 1043 1116 collegium
1061 1052 1246 1105 canonicorum

58 1134 194 1202 Pragense
213 1148 274 1187 eum
291 1132 393 1200 Prngae
411 1132 485 1186 nulio
503 1138 622 1199 tempore
640 1133 740 1186 versari
757 1147 916 1201 persuasum
933 1134 1058 1188 habeant

159 1218 226 1271 item
250 1218 317 1271 sciat
342 1217 410 1282 EJus
437 1216 583 1277 serenitas,
611 1216 715 1271 etiamsi
733 1231 825 1270 omnes
842 1217 893 1270 hae
912 1232 1009 1272 causae
1026 1227 1247 1275 commemoratae

57 1300 197 1367 tollantur,
214 1301 313 1355 multos
331 1301 399 1355 alios
416 1301 443 1353 in
456 1300 549 1354 eadem
562 1299 604 1353 rel
617 1300 697 1354 etiam
715 1301 742 1353 in
754 1300 875 1369 graviore
888 1303 1162 1358 excommunicatione
1175 1319 1242 1366 esse,

58 1401 139 1455 qnam
156 1386 288 1440 Joannem
305 1385 421 1450 Jesenic,
448 1385 522 1439 reiut
548 1367 701 1438 Centonem
723 1383 756 1437 dc
775 1382 964 1453 Wartemlrerg
989 1385 1118 1455 aliosque,
1136 1396 1246 1458 propter

58 1486 128 1539 qnos
151 1484 229 1524 sacra
256 1468 395 1522 intermitti
413 1482 524 1521 necesse
543 1474 600 1534 est;
626 1468 717 1535 itaque
735 1468 802 1535 Ejus
821 1467 956 1522 Serenitas
974 1469 1081 1533 afficiat,
1100 1479 1130 1526 nt
1147 1473 1246 1528 talibus

57 1553 211 1610 hominibus
235 1552 323 1607 aditus
349 1553 375 1605 in
399 1551 532 1606 civitatem
555 1552 717 1618 Prageusem
741 1551 831 1605 nullus
857 1552 899 1605 sit
934 1552 1011 1619 Quod
1029 1555 1051 1607 si
1069 1571 1121 1608 non
1139 1555 1193 1624 fiet,
1212 1573 1246 1612 ne

60 1655 110 1694 nos
126 1636 316 1708 reprehendat,
335 1636 381 1689 ubi
399 1636 506 1704 saepius
524 1636 650 1702 evenerit,
676 1641 706 1688 nt
722 1641 831 1703 propter
847 1635 916 1689 tales
934 1636 1055 1691 homines
1072 1654 1149 1693 sacra
1162 1641 1246 1694 inter·

59 1723 209 1790 minantum,
237 1726 284 1776 aut
309 1727 420 1789 propter
441 1720 694 1786 excommunicatos,
721 1735 782 1772 nam
809 1720 888 1773 etiam
914 1720 987 1774 nullo
1010 1720 1082 1776 iacto
1104 1723 1246 1778 interdicto

60 1805 157 1860 saltem
175 1804 244 1860 tales
262 1821 296 1859 ex
314 1805 428 1859 ecclesia
446 1804 544 1872 expelli
563 1808 677 1871 oportet.

160 1891 225 1944 Item
242 1890 264 1944 si
282 1905 330 1944 rex
342 1905 419 1944 sacra
436 1888 574 1955 procurari
592 1888 656 1954 vult,
668 1886 727 1941 fieri
739 1893 853 1955 oportet,
875 1895 904 1940 ut
921 1889 947 1955 ii,
964 1889 1009 1958 qui
1027 1893 1246 1946 excommunicati

60 1980 133 2042 sunt,
149 1974 233 2042 iique,
261 1974 306 2042 qui
325 1978 418 2027 contra
436 1972 605 2026 interdictum
624 1987 701 2025 sacra
719 1978 863 2039 procurant
879 1972 922 2026 rel
941 1973 1049 2027 missam
1067 1974 1247 2043 frequentant,

59 2074 114 2113 non
136 2058 259 2113 consulto
285 2058 312 2111 in
332 2056 460 2111 ecclesias
478 2058 586 2110 veniant
603 2071 690 2123 neque
708 2071 844 2110 sacrorum
861 2057 1041 2124 procurationi
1058 2058 1248 2127 impedimento

60 2143 124 2198 sint
141 2141 211 2196 Nam
228 2148 338 2210 propter
355 2141 424 2195 tales
442 2141 571 2204 homines,
589 2143 634 2209 qni
653 2149 715 2196 sunt
732 2141 949 2208 innumerabiles,
967 2142 1028 2197 siin
1042 2143 1155 2197 ecclesia
1171 2143 1247 2198 ades·

60 2231 122 2282 sent
146 2225 330 2295 tumultusque
358 2224 391 2278 iis
413 2240 519 2279 movere
543 2225 645 2294 liceret,
672 2240 748 2279 sacra
772 2240 825 2279 non
848 2231 1057 2292 procurarentur
1073 2241 1123 2280 nec
1140 2234 1250 2295 possent

59 2311 207 2380 procurari.

162 2394 237 2449 Alias
259 2400 348 2448 autem
375 2409 419 2448 res
445 2393 496 2461 ipsi
523 2392 618 2447 melius
643 2393 804 2462 cognoscite,
836 2393 905 2446 sicut
934 2392 1012 2447 decet
1029 2399 1109 2461 atque
1127 2393 1251 2448 conducit

60 2478 183 2547 inprimis
200 2479 295 2533 honori
313 2479 396 2533 nostri
413 2477 492 2543 regis,
514 2476 591 2545 cujus
608 2479 694 2532 honor
711 2478 909 2544 auctoritasque
927 2478 953 2531 in
972 2478 1069 2532 haara
1089 2478 1184 2546 agitur.

634 2858 691 2931 95.

62 3084 360 3202 Sigiamundus
402 3114 475 3168 rex
514 3086 698 3170 barones
723 3082 938 3168 Bohemos
978 3097 1021 3168 et
1051 3084 1250 3168 Moravos

62 3223 143 3307 sub
175 3234 354 3331 utraque
389 3221 598 3325 hortatur,
648 3249 701 3302 ne
740 3217 975 3303 discordias
1016 3219 1250 3328 turbasque

63 3369 243 3469 propter
282 3355 496 3441 Joannem
527 3354 621 3438 Hus
665 3357 891 3460 concitent,
932 3383 1038 3436 neve
1065 3355 1250 3462 patriam

405 3519 525 3573 suam
556 3490 769 3601 perditum
800 3499 910 3571 cant.

479 3738 598 3806 ParisiiS,
618 3741 690 3806 1416,
709 3741 739 3791 21
760 3737 838 3791 Mart.
947 3784 950 3789 .

560 3950 596 3958 ι..
605 3947 760 3958 -ι--ι-..ι

143 4043 188 4108 (n
200 4040 261 4095 us.
283 4002 447 4095 cresonia·
467 4051 491 4094 n
509 4041 591 4094 orsa.
617 4040 712 4094 Vama.
733 4036 816 4100 raas,
830 4038 854 4108 s.
874 4036 940 4093 ana.
959 4035 1030 4090 nair
1043 4037 1068 4107 s.
1083 4034 1170 4101 aaa.)

571 4192 646 4200 ...-
653 4190 756 4200 -0

165 4346 220 4429 My
242 4343 392 4426 Sigmund
414 4343 531 4408 zboiie
554 4343 671 4408 milosti
692 4328 821 4424 Rimsky'
844 4339 921 4418 krail,
945 4356 985 4420 po
1003 4340 1064 4403 uie
1088 4340 1160 4418 assy
1183 4355 1254 4401 roz·

65 4448 216 4515 munlitel
238 4448 309 4519 iile
341 4443 528 4526 aUhersky'
550 4443 619 4508 krail
641 4461 678 4508 rc.
707 4442 896 4523 uzkazujem
918 4438 1088 4521 urozenp‘m
1109 4437 1255 4503 Lacnowi

65 4550 237 4627 zKrawai,
260 4545 459 4630 hajtmanowi
472 4543 710 4621 Morauslremu
745 4541 891 4607 Botkowi
911 4560 927 4603 z
951 4539 1110 4603 Konstata
1124 4535 1255 4619 odjinud

65 4648 284 4729 zPodebrad,
306 4633 454 4713 Ceukowi
481 4664 498 4708 u
523 4643 762 4724 Wartenberka,
799 4661 818 4708 a
846 4642 940 4706 utem
963 4638 1063 4722 jiny'm
1093 4635 1205 4720 panon
1235 4657 1254 4703 a

1057 4755 1090 4809 39
