2992 5258
132 407 194 470 458
368 404 572 461 Cobuoversiae
591 406 625 462 de
642 408 773 476 religione
790 410 819 463 in
837 408 983 463 Buhemia:
999 409 1075 462 1412.

132 607 311 689 provideas,
346 618 378 674 66
412 612 545 676 maxime
579 613 754 677 animarum
789 612 988 677 subditorum
1023 612 1127 691 saluti,
1160 630 1202 676 ue
1234 611 1329 693 aliqui

132 710 302 775 haereticis
336 712 562 793 instigantibus
596 732 652 778 seu
686 713 912 778 seducentibus
947 733 966 779 a
999 711 1061 777 fide
1085 712 1270 777 Christiana
1301 718 1333 777 et

132 811 318 876 averitatis
341 814 469 878 tramite
492 815 622 880 devient
645 822 683 880 et·
698 817 730 879 in
762 814 952 898 protundum
975 832 1120 878 errorum
1143 812 1277 895 collapsi
1299 818 1331 878 66

65 990 69 1001 .
132 931 247 994 corpus
269 914 417 979 amittant
439 922 473 980 et
493 916 635 998 ipsorum
657 916 777 981 animas
799 916 839 981 ad
862 921 1051 998 perpetuum
1074 913 1328 994 diabolicumqne

131 1014 236 1094 ignem
258 1013 409 1080 damnare
431 1017 604 1098 contingat,
628 1036 747 1082 summa
779 1037 848 1082 cum
871 1017 1036 1098 diligentia
1058 1015 1218 1094 celeriter,
1244 1013 1328 1079 omni

132 1115 418 1196 procrastinatione
447 1120 645 1200 postposita,
676 1138 715 1183 ex
745 1118 853 1183 debito
882 1117 979 1183 officii
1010 1117 1180 1199 pastoralis
1214 1114 1331 1181 debeas

131 1235 300 1297 assurgere
330 1226 362 1282 et
391 1218 499 1283 taliter
526 1219 709 1300 providere,
748 1238 787 1284 nc
816 1221 848 1284 in
879 1219 930 1283 dei
963 1218 1098 1285 ccclesia
1132 1235 1262 1284 errores
1295 1237 1332 1283 66

132 1318 281 1383 scismata
295 1319 453 1400 pullulent
473 1339 511 1384 ac
532 1321 721 1399 germinent,
745 1328 778 1385 et
800 1326 835 1385 ut
854 1321 918 1401 jam
935 1324 1064 1384 exortos
1078 1319 1208 1400 penitus
1224 1319 1332 1384 valeas

133 1420 319 1500 exstirpare,
342 1439 382 1483 ne
405 1421 488 1485 forte
510 1423 542 1485 in
566 1427 728 1503 posterum
752 1422 953 1503 contingeret
968 1420 1048 1485 illud
1066 1420 1213 1500 Virgilii:
1228 1419 1331 1485 inuida

134 1521 307 1586 descensus
330 1521 458 1601 Averni,
482 1522 537 1586 sed
561 1539 712 1589 revocare
735 1522 876 1604 gradum,
900 1523 959 1587 huc
982 1521 1135 1604 opusbic
1157 1520 1331 1587 laborent

234 1621 316 1687 Sane
339 1623 522 1687 beatissime
545 1625 649 1705 pater!
674 1643 744 1689 enm
763 1624 830 1704 jam
845 1641 883 1687 cx
898 1623 1069 1687 multorum
1084 1620 1147 1686 fide
1164 1620 1332 1703 dignorum

134 1723 237 1786 relatu
261 1722 380 1804 pluries
403 1722 442 1787 ad
465 1735 560 1788 aures
583 1731 615 1789 et
630 1725 776 1790 notitiam
791 1723 892 1789 felicis
908 1722 1140 1788 recordatiouis
1160 1721 1333 1788 Alexandri

134 1843 185 1904 pp.
206 1823 242 1901 V,
266 1823 523 1903 praedecessoris
556 1826 661 1891 Sauct.
685 1825 772 1905 Vm,
795 1825 909 1890 fuisset
942 1823 1135 1903 deductum,
1176 1822 1332 1911 quomodo

134 1922 305 2004 prohdolor
339 1924 388 1987 bis
409 1926 590 1991 novissimis
612 1927 808 2008 temporibus
831 1927 863 1990 in
888 1924 1023 1990 ecclesia
1038 1916 1091 1989 dei
1112 1929 1146 1989 66
1160 1924 1333 2006 praecipue

133 2025 165 2088 iu
189 2023 324 2089 ecclesia
338 2027 490 2106 Prageusi
513 2028 544 2090 iu
568 2047 666 2107 regno
679 2028 852 2092 Bohemiae
873 2046 910 2092 66
932 2026 1050 2092 ceteris
1065 2024 1136 2090 aliis
1160 2024 1332 2107 provinciis

134 2144 173 2190 ex
203 2126 389 2205 quibusdam
418 2129 507 2193 libris
529 2130 662 2193 ioannis
685 2129 801 2194 Wiclef
827 2128 970 2192 nonnulli
998 2128 1125 2192 erronei
1154 2144 1192 2191 66
1220 2145 1240 2191 6
1272 2124 1332 2190 fide

134 2226 290 2291 catholica
312 2226 395 2293 deuii
418 2229 543 2294 articuli
568 2231 773 2295 sumebantur
796 2238 828 2294 et
851 2230 976 2312 publice
992 2230 1024 2292 in
1039 2226 1332 2309 praedicationibus

134 2349 170 2393 ac
193 2326 309 2392 scholis
331 2348 368 2393 66
390 2330 459 2394 aliis
483 2330 617 2411 publicis
633 2331 710 2395 locis
726 2349 784 2413 pro
800 2331 884 2394 veris
902 2337 935 2395 et
950 2328 1115 2395 catholicis
1131 2328 1330 2409 legebantur,

135 2429 326 2495 tenebantur
363 2436 396 2495 et
431 2429 726 2510 dogmatisabantur
763 2431 972 2512 pertinaciter
1007 2450 1026 2497 a
1059 2429 1263 2513 quibusdam,
1298 2434 1331 2493 et

134 2533 306 2612 praecipue
338 2550 356 2595 a
390 2530 525 2609 quodam
546 2531 670 2596 Joanne
693 2531 770 2610 Hus
793 2531 917 2596 ioanue
944 2531 1102 2604 Jesonicz,
1130 2529 1257 2595 Zdislao
1292 2529 1330 2593 de

135 2632 355 2712 Warteuberg,
378 2632 499 2697 Jacobo
534 2631 573 2696 de
597 2631 688 2710 Mira,
712 2633 867 2714 Procopio
900 2632 940 2696 de
962 2632 1060 2698 Plana
1093 2638 1126 2696 66
1148 2631 1259 2697 Marco
1289 2629 1328 2695 de

135 2733 235 2797 Grecz
259 2733 397 2813 reginae,
422 2732 639 2797 asserentibus
663 2750 698 2795 se
730 2734 899 2812 magistros
927 2733 1024 2798 studii
1047 2733 1235 2812 pragensis
1258 2749 1332 2812 quia·

134 2840 268 2915 propter
290 2833 406 2898 multos
429 2834 524 2897 etiam
547 2851 679 2914 magnae
701 2834 901 2899 arroteritutis
918 2834 1002 2898 viros
1020 2839 1052 2897 et
1067 2832 1220 2898 mulieres
1236 2832 1331 2897 etiam

134 2937 166 3000 in
197 2934 319 2999 infinito
349 2952 480 2998 numero
509 2935 542 2998 in
574 2953 679 2999 ueram
702 2934 922 3000 credulitatem
945 2933 1102 2999 dictorum
1124 2933 1332 2999 articulorum

135 3044 337 3102 attraxerunt
371 3043 403 3100 et
437 3036 577 3117 quotidie
611 3036 719 3118 plures
751 3036 914 3101 attrahere
947 3036 1009 3101 imo
1040 3035 1147 3099 verius
1177 3033 1333 3099 seducere

135 3138 331 3203 6666666666
354 3143 387 3201 66
409 3136 620 3213 seducebant3
643 3143 840 3219 quapropter
860 3137 959 3201 multa
973 3135 1123 3201 scandala
1137 3135 1171 3199 in
1186 3136 1333 3218 partibus

135 3237 198 3300 illis
220 3236 362 3317 quintidie
378 3238 564 3302 oriebantur
581 3245 614 3302 et
633 3239 665 3301 in
681 3245 845 3319 posterum
860 3236 1073 3319 sperabantur
1088 3243 1122 3301 et
1137 3236 1346 3303 timebantur

136 3338 221 3401 oriri.
265 3337 345 3402 Nam
367 3337 521 3418 praedicti
543 3339 635 3403 Joan.
658 3338 727 3401 Hns
750 3346 783 3402 et
804 3338 858 3402 alii
889 3335 1144 3419 supranominati
1171 3337 1348 3403 favoribus

134 3439 267 3502 aliorum
302 3445 467 3520 potentum
500 3447 532 3504 et
565 3445 746 3520 magnatum
779 3439 826 3501 eis
860 3438 1032 3503 faventium
1065 3455 1103 3502 66
1134 3438 1349 3504 credentium

135 3540 305 3603 nonnullos
339 3539 496 3604 notabiles
529 3541 699 3619 magistros
728 3540 761 3602 in
791 3538 955 3619 theologia
980 3556 1040 3603 nec
1070 3555 1132 3603 nun
1162 3537 1352 3618 graduatos

136 3640 297 3704 scholares
328 3648 361 3706 66
390 3641 598 3723 presbyteros
621 3641 754 3706 clericos
777 3659 814 3705 ac
836 3640 931 3705 etiam
954 3639 1052 3705 laicos
1075 3638 1122 3703 eis
1145 3639 1282 3706 credere
1302 3644 1347 3705 et

134 3741 309 3806 adhaerere
350 3743 496 3806 ualentes
522 3743 562 3806 de
592 3742 676 3808 dictu
707 3742 813 3805 studio
844 3748 877 3806 et
904 3743 1034 3805 civitate
1067 3739 1264 3821 expulerunt
1297 3756 1342 3805 uc

136 3860 245 3906 eorum
268 3842 429 3907 beneficiis
452 3843 678 3924 spoliaverunt,
702 3844 888 3924 aliquosque
910 3842 1043 3923 percuti,
1067 3839 1147 3905 alios
1170 3840 1333 3908 vulnerari

135 3944 289 4008 lecerunt.
333 3944 422 4009 Idem
444 3944 480 4007 I).
504 3944 682 4009 Alexander
704 3945 814 4009 volens
838 3943 1011 4025 praedictis
1034 3959 1215 4023 occurrere,
1238 3948 1275 4008 ut
1294 3959 1334 4008 ex

135 4045 242 4110 dubito
266 4045 434 4126 pastoralis
458 4045 554 4110 oliicii
577 4046 756 4122 tenebatur,
785 4063 843 4127 per
866 4052 970 4110 certas
998 4043 1047 4108 sui
1078 4042 1201 4109 tenoris
1224 4043 1330 4109 literas

135 4146 292 4211 commisit
314 4146 351 4210 D.
374 4146 532 4227 Sbyuueoui
561 4154 637 4212 tunc
666 4145 906 4228 archiepiscopo
936 4144 1100 4226 Pragensi‚
1124 4149 1161 4209 ut
1183 4142 1327 4210 assumtis

136 4246 195 4311 sibi
227 4254 363 4327 quatuor
388 4247 549 4326 magistris
573 4248 604 4311 in
628 4248 789 4328 theologia
811 4256 845 4311 et
867 4245 989 4310 duobus
1012 4244 1198 4310 doctoribus
1221 4244 1325 4311 decre·

136 4355 249 4426 torum,
280 4348 381 4412 dictos
409 4348 506 4411 libros
536 4347 650 4430 inspici
682 4350 802 4413 faceret
825 4354 858 4411 et
880 4346 1074 4429 prohiberet,
1097 4365 1138 4409 ne
1161 4344 1201 4410 de
1225 4351 1324 4411 cetero

136 4447 300 4530 quisquam
315 4450 395 4515 tulos
412 4467 539 4513 errores
553 4449 745 4531 praedicare,
763 4454 873 4513 666666
885 4467 944 4512 nec
957 4446 1169 4527 dogmatisare
1188 4448 1322 4527 auderet,

135 4550 214 4614 alias
243 4551 436 4615 contrarium
465 4569 563 4629 agens
591 4550 678 4615 uelut
708 4550 888 4614 haereticus
921 4547 1102 4612 haberetur.
1147 4550 1210 4628 Qui
1230 4549 1323 4617 archi·

137 4651 305 4733 episcopus
339 4651 488 4716 assumtis
522 4652 582 4716 sibi
608 4650 653 4714 lV
686 4651 848 4731 magistris
882 4651 913 4713 in
947 4649 1109 4732 theologia
1142 4658 1177 4717 et
1209 4650 1323 4718 duobus
