2992 5258
148 392 211 454 246
353 387 426 440 uena
444 366 477 440 aa
499 385 676 441 minuatam
692 386 788 441 relano
807 386 840 441 aa
857 387 901 443 u„
912 388 938 441 a
956 388 1015 443 nas
1032 405 1130 446 causa:

150 589 234 654 circa
254 588 368 654 bonam
401 587 525 652 viduam
547 587 663 652 dictam
684 586 763 653 Fida
791 588 977 671 hospitatus.
1013 590 1056 655 Et
1076 591 1110 656 in
1138 591 1279 660 crastino
1299 589 1337 656 D.

149 690 289 755 Ioannes
322 689 360 753 de
394 689 505 755 Chium
537 696 571 754 et
602 689 760 754 Henricus
793 690 973 755 Lacombolr
1006 692 1131 757 iverunt
1163 692 1204 759 ad
1226 712 1338 774 papam

149 791 305 855 Ioannem
326 790 434 856 XXIII
448 792 488 857 ad
509 791 660 872 palatium
682 809 783 868 suum,
806 790 982 856 relerentes
1004 792 1073 869 sibi,
1096 793 1239 874 qualiter
1259 794 1340 857 Mmm

61 924 64 930 ·
149 890 240 955 loon.
268 889 339 954 llus
366 890 425 955 arab
453 891 542 955 salvo
573 890 729 955 conductu
758 891 969 956 Romanorum
993 898 1027 956 et
1047 892 1231 973 HungarIae
1257 892 1341 973 regis

150 989 190 1054 ad
212 989 377 1055 concilium
392 988 634 1055 Constantionse
650 978 864 1070 adduxissent,
887 997 1044 1073 petentes,
1066 1000 1103 1058 ut
1118 993 1236 1059 intuitu
1252 992 1340 1073 regio

150 1088 254 1170 ipsum
280 1089 323 1153 Μ.
345 1090 500 1155 Ioannem
526 1110 589 1155 non
611 1091 775 1172 permittat
796 1088 961 1173 impedire.
996 1090 1038 1156 Et
1059 1112 1143 1174 papa
1163 1094 1340 1176 respondit,

151 1187 236 1269 quod
257 1188 342 1253 nullo
364 1189 456 1254 modo
478 1189 574 1256 vellet
588 1191 690 1272 ipsum
711 1189 866 1271 impedire
892 1208 949 1254 seu
972 1191 1117 1273 impediri
1139 1194 1342 1274 permittere;

152 1287 248 1351 etiam
279 1288 307 1352 si
338 1289 469 1354 fratrem
501 1291 569 1371 ejus
596 1309 779 1372 germanum
811 1290 994 1372 occidisset,
1027 1292 1112 1373 quod
1143 1292 1241 1359 debet
1269 1310 1342 1358 esse

151 1404 284 1452 securos
305 1389 453 1455 manendi
473 1389 507 1454 in
529 1390 724 1456 Constantia.

248 1487 382 1555 Interim
412 1490 499 1555 venit
529 1490 573 1554 Μ.
596 1490 774 1572 Stephanus
803 1488 915 1554 Palecz
937 1487 1164 1572 Constantiam,
1197 1510 1269 1557 cum
1299 1490 1345 1555 hl.

153 1586 327 1652 Stanislaus
351 1587 539 1672 deZnopma
554 1591 699 1671 equitans
713 1590 744 1653 in
757 1588 908 1653 bohemia
930 1589 962 1653 in
982 1588 1073 1654 Nova
1093 1589 1195 1669 domo,
1217 1596 1347 1673 aposte-

152 1693 236 1753 mate
251 1707 430 1771 percussus,
445 1698 587 1755 mortuus
603 1698 661 1755 est.
684 1689 744 1781 Ilio
759 1706 834 1753 uero
850 1689 962 1753 Palcez
978 1688 1198 1755 Constantiam
1211 1690 1347 1756 veniens

154 1788 261 1854 statim
284 1808 319 1854 se
341 1790 488 1856 Michaeli
504 1790 671 1861 decausis
696 1789 878 1870 instigatori
899 1788 1081 1872 (natanael)
1105 1797 1139 1855 et
1158 1790 1348 1857 adversario

153 1890 297 1971 magistri
319 1889 389 1956 Hus
410 1893 551 1968 sociavit,
585 1898 618 1956 et
651 1890 839 1971 conscriptis
861 1889 1046 1970 quibusdam
1068 1890 1211 1956 articulis
1232 1898 1351 1957 contra

155 1988 340 2069 magistrum
350 1991 430 2072 Ilua,
454 1997 487 2056 et
508 1993 588 2071 aliia,
611 2008 690 2071 quos
712 1990 752 2054 dc
779 1996 917 2054 tractatu
941 1989 999 2069 „de
1022 1988 1183 2056 Ecclesia“
1208 2008 1245 2056 se
1260 1989 1352 2059 dice·

155 2086 232 2153 bant
255 2091 433 2172 excepisse,
456 2110 526 2157 cum
548 2091 632 2156 dicto
654 2090 810 2155 blichadle
833 2108 891 2171 per
912 2106 1020 2154 onmes
1043 2096 1076 2154 et
1098 2090 1352 2173 principaliores

156 2186 341 2269 cardinales,
364 2191 629 2273 archiepiscopos,
652 2190 818 2273 episcopos
835 2196 868 2253 ct
889 2189 969 2254 alios
984 2189 1145 2270 praelatos
1159 2190 1352 2273 cursitabat,

156 2304 248 2379 quem
260 2288 327 2353 lere
343 2290 484 2371 quotidie
496 2294 555 2357 hoc
570 2292 653 2357 idom
666 2291 798 2356 vidimus
821 2309 988 2367 exercere;
1002 2289 1055 2355 nbi
1070 2290 1187 2355 dictum
1199 2290 1242 2356 Μ.
1255 2291 1278 2357 J
1280 2311 1355 2359 oau

156 2385 225 2450 Hos
247 2392 416 2472 accusavit,
439 2399 471 2457 et
494 2410 548 2457 eos
571 2400 607 2457 ut
629 2393 731 2474 ipsum
759 2392 865 2470 utique
889 2389 1158 2471 comprehendant
1174 2390 1356 2472 instigavit.

158 2484 283 2553 Deinde
310 2487 427 2556 fratres
448 2492 673 2557 Praedicantes
689 2492 868 2556 stallorum
884 2489 1028 2554 ordInom
1042 2489 1104 2554 sibi
1117 2491 1301 2571 associavit,
1321 2504 1358 2560 et

157 2588 235 2670 ipsis
250 2588 352 2656 dictos
367 2599 400 2657 ot
411 2592 490 2658 alios
501 2593 653 2659 articulos
665 2591 863 2669 ostendebat,
876 2607 994 2672 cosque
1009 2595 1042 2656 et
1056 2589 1239 2670 specialiter
1249 2592 1355 2675 majo·

156 2705 220 2766 ros,
243 2695 278 2753 ut
299 2692 469 2771 magistros
490 2713 600 2760 sacrae
621 2694 765 2774 paginae,
788 2700 900 2758 contra
922 2691 1025 2772 ipsum
1046 2689 1088 2753 Μ.
1104 2689 1173 2754 Ilus
1187 2690 1358 2758 animabat

155 2788 191 2851 'et
206 2790 394 2875 concitabat,
418 2801 451 2859 et
475 2794 594 2860 eisdem
609 2794 760 2859 articulos
783 2792 1026 2858 contradictum
1040 2790 1083 2855 M.
1104 2789 1174 2855 Ilus
1186 2790 1354 2873 collectos,

159 2896 193 2955 et
203 2892 279 2956 alias
291 2893 518 2975 accusationes,
542 2913 620 2975 quas
631 2902 745 2976 postea
759 2895 798 2959 ab
820 2894 945 2957 illorum
959 2910 1021 2955 uno
1035 2908 1093 2971 ego
1107 2891 1203 2955 etiam
1215 2891 1355 2973 copiavi.

256 2990 317 3058 Hic
338 3013 413 3058 vero
436 2995 548 3060 Palecz
565 3001 635 3060 orat
648 3012 781 3075 magnus
802 2994 922 3058 amicus
938 2992 1028 3072 <prasi
1051 3010 1069 3055 a
1088 2991 1259 3071 juventute
1275 2990 1356 3057 dicti

158 3092 200 3155 Μ.
214 3092 305 3157 Joan.
317 3093 386 3158 llus
403 3100 436 3158 et
450 3096 569 3174 socius;
591 3094 649 3160 sed
664 3113 733 3160 cum
748 3094 901 3175 quaedam
923 3093 1064 3156 cruciata
1084 3090 1102 3154 J
1107 3090 1217 3155 oannis
1231 3089 1356 3159 XXIII.

160 3192 213 3271 qui
242 3211 325 3258 nunc
359 3193 528 3261 Balthazar
563 3195 603 3260 de
638 3195 725 3260 coxa
754 3193 794 3258 de
821 3199 939 3275 papatu
968 3190 1132 3273 depositus
1160 3188 1357 3268 nominatur,

159 3293 295 3373 l’ragam
322 3295 479 3373 venisset,
516 3300 627 3359 contra
654 3292 835 3357 Ladislaum
862 3291 995 3372 Apuliae
1025 3306 1151 3369 regom,
1183 3287 1290 3353 dictus
1311 3286 1358 3353 Μ.

159 3392 246 3471 Hus,
275 3393 348 3473 quia
377 3393 509 3459 eandem
539 3393 618 3458 vidit
645 3393 710 3472 lagi
739 3392 789 3457 dei
817 3396 850 3455 et
879 3390 1004 3454 caritati
1026 3388 1186 3453 dissonam
1208 3394 1358 3470 otrepu·

160 3499 323 3572 micantem.
353 3492 455 3558 eidem
483 3494 612 3559 restitit.
645 3491 756 3557 Dictus
784 3510 860 3555 vero
882 3490 1012 3566 Palecz,
1037 3488 1112 3569 quia
1132 3507 1152 3552 a
1172 3487 1260 3561 dicto
1281 3488 1360 3554 Bal·

160 3592 290 3656 thazaro
313 3601 424 3674 captus
447 3592 505 3658 luit
527 3601 560 3658 et
582 3592 735 3675 spoliatus
758 3593 790 3656 in
811 3590 962 3669 Bononia,
984 3588 1055 3653 ideo
1078 3588 1148 3669 ejus
1168 3588 1277 3654 bullae
1290 3606 1359 3654 non

160 3708 257 3755 ausus
278 3691 338 3757 luit
360 3696 533 3774 contraire,
563 3694 704 3775 quadrais
726 3693 848 3758 diceret
869 3693 902 3755 in
924 3690 999 3755 dote
1020 3689 1062 3753 Μ.
1085 3687 1270 3753 Christanni
1285 3688 1360 3771 ple-

163 3790 236 3855 bani
258 3792 342 3873 opud
363 3793 393 3858 S.
416 3794 604 3859 Michaclenr
619 3794 767 3874 antiquae
790 3791 927 3856 civitatis
949 3788 1118 3869 Pragensis
1141 3806 1358 3869 coramquam

162 3891 306 3973 pluribus
338 3894 511 3973 magistris,
540 3892 756 3959 baccalaorei's
791 3898 825 3956 ot
850 3890 1067 3967 studentibus,
1101 3892 1134 3951 et
1161 3888 1358 3968 praesertim

161 3991 231 4072 ipso
254 3992 295 4056 M.
317 3993 440 4057 Ioanne
462 3993 531 4058 Has
554 4001 722 4075 praesente
744 3992 869 4071 ibidem,
892 3989 976 4072 quod
1002 4005 1146 4068 ,errores
1167 4004 1263 4051 manu
1285 3987 1360 4069 pal·

163 4091 284 4173 pabiles
307 4093 515 4173 contineret“,
538 4093 686 4159 uidelicet
711 4092 765 4157 illa
784 4092 878 4156 bulla
914 4091 956 4154 Et
977 4089 1050 4152 hinc
1081 4087 1113 4151 io
1137 4087 1360 4153 dissensiones

164 4193 457 4257 etcontroversiam
476 4210 546 4257 cum
558 4192 642 4258 dicto
654 4193 696 4256 Μ.
708 4191 777 4256 Ilus
799 4191 918 4270 incidit,
942 4208 1033 4270 quem
1045 4193 1159 4270 postea
1173 4187 1362 4269 capitaliter

164 4292 431 4372 persequebatur,
460 4298 524 4357 tam
547 4293 645 4374 priua,
668 4311 761 4375 quam
781 4293 813 4356 in
836 4290 968 4357 concilio
998 4288 1083 4353 dicto
1105 4286 1361 4355 Constantiensi.

263 4390 375 4455 Dictus
396 4410 472 4458 voro
487 4392 622 4458 blichaol
644 4399 715 4458 erat
736 4392 809 4457 olim
832 4391 985 4472 plebanus
1008 4389 1037 4454 S.
1060 4386 1227 4452 hdalborti
1257 4406 1365 4455 novae

166 4488 301 4554 ciuitatis
324 4493 502 4572 ngensis.
543 4493 676 4561 Etcum
698 4511 733 4558 se
757 4493 952 4558 exhibuisset
974 4490 1126 4556 scientem
1148 4489 1181 4553 in
1202 4488 1363 4555 reforma·

166 4587 251 4652 tione
273 4590 535 4673 aurifodioarum,
558 4612 614 4660 rex
636 4593 805 4661 Bobemioe
819 4592 1024 4656 wenceslaus
1046 4590 1365 4671 magnampecuuiao
