2992 5258
360 400 402 454 85.
421 399 530 454 Literna
548 399 642 454 baron.
661 399 729 454 Boh.
748 408 776 455 et
792 402 894 456 Morav.
913 402 948 457 ad
965 418 1040 499 eone.
1059 403 1148 460 const.
1291 408 1353 471 583

254 601 409 684 Equidem
441 603 498 668 has
530 611 656 671 atroces
691 611 724 670 et
756 604 1040 687 perniciosissimas
1076 608 1225 690 iujurias,
1258 608 1354 673 nullis

155 705 274 770 uostris
298 705 497 786 exigentibus
520 704 691 786 demeritis,
714 705 805 771 nobis
821 714 855 772 ct
869 705 1022 787 praefatis
1037 726 1136 789 regno
1152 715 1185 774 et
1199 709 1353 776 marchio·

154 806 245 872 uatui
275 807 350 872 licet
376 806 454 871 false
484 812 516 871 et
545 806 696 870 mendose
723 807 896 888 impositae,
920 808 1076 888 quomodo
1098 811 1258 876 sustinere
1280 827 1353 892 pos-

154 908 288 973 sumus?
330 906 488 988 (lumper
516 908 655 986 gratiam
681 907 740 986 dei,
765 907 835 972 aliis
857 907 924 972 fere
947 909 1093 974 omuibus
1115 910 1223 975 muudi
1245 911 1354 992 reguis

154 1027 250 1091 saepe
284 1008 520 1087 vacillantibus
555 1008 691 1073 schisma
724 1014 757 1074 et
789 1009 956 1090 antipapae
989 1011 1184 1092 foventibus,
1218 1029 1352 1092 regnum

154 1117 299 1175 nostrum
327 1109 498 1175 Bohemiae
530 1108 826 1174 christianissimum
847 1115 880 1175 et
902 1110 1096 1175 clarissimus
1117 1113 1354 1178 marchionatus

154 1211 316 1276 Morariae
347 1230 366 1275 a
393 1217 547 1291 tempore,
575 1227 636 1290 quo
666 1208 760 1274 fidem
788 1211 974 1276 catholicam
1004 1210 1122 1276 domini
1151 1213 1253 1278 nostri
1274 1214 1353 1279 Jesu

154 1311 275 1378 Christi
313 1318 543 1393 susceperunt,
583 1319 741 1391 tamquam
779 1310 1028 1392 perfectissimus
1062 1318 1249 1394 tetragonus
1282 1315 1352 1382 sine

157 1414 317 1496 vituperio
340 1413 369 1478 S.
393 1413 553 1478 Romanae
576 1413 730 1477 ecclesiae
746 1430 872 1493 semper
887 1419 1072 1478 constanter
1087 1420 1121 1479 et
1135 1412 1355 1478 indesinenter

156 1513 372 1580 adhaeserunt
399 1519 432 1578 61
462 1512 674 1578 obedientiam
704 1513 860 1577 sinceram
891 1512 1114 1578 exhibuerunt.
1157 1514 1353 1596 Quantisque

155 1613 307 1697 impensis
330 1620 363 1680 et
384 1614 545 1685 laboribus
562 1614 714 1693 maximis,
738 1621 896 1696 quantove
912 1633 1003 1680 sacro
1020 1616 1107 1680 cultu
1123 1620 1156 1679 et
1171 1617 1354 1682 reverentia

155 1714 265 1781 debita
287 1724 429 1783 sanctam
451 1724 584 1781 matrem
606 1716 771 1781 ecclesiam
795 1724 828 1781 et
850 1717 918 1798 ejus
940 1723 1087 1798 pastores
1110 1735 1169 1799 per
1192 1718 1352 1800 principes

155 1823 189 1884 et
210 1815 322 1884 fideles
344 1836 419 1883 suos
440 1819 583 1882 venerati
607 1824 689 1896 snut,
721 1817 869 1883 universo
892 1818 962 1883 orbi
984 1818 1055 1883 luce
1078 1819 1194 1884 clarius
1216 1824 1353 1899 constat,

155 1928 189 1987 et
210 1939 266 1986 vos
288 1921 359 2003 ipsi,
383 1920 410 1984 si
431 1919 598 1985 veritatem
620 1919 714 1984 fateri
736 1919 840 1999 vultis,
864 1919 1086 1986 universorum
1101 1920 1350 2002 praemissorum

154 2028 256 2089 testes
280 2022 359 2086 sitis.

256 2123 300 2189 Ut
321 2129 436 2204 autem,
456 2125 546 2204 Juxta
569 2123 759 2189 sententiam
775 2122 924 2204 apostoli,
947 2122 1170 2204 provideamus
1189 2124 1273 2190 bona
1286 2140 1351 2189 nou

155 2225 257 2290 solum
287 2242 392 2290 coram
419 2224 487 2301 cleo,
517 2223 574 2288 sed
604 2223 698 2288 etiam
726 2240 833 2287 6616111
862 2222 1056 2303 hominibus,
1088 2228 1121 2288 et
1149 2243 1190 2290 ne
1222 2229 1357 2306 propter

155 2324 382 2411 negligentiam
405 2324 630 2390 celeberrimae
653 2322 753 2389 famae
776 2323 1012 2406 praedictorum
1035 2325 1125 2405 regni
1149 2329 1180 2389 et
1195 2323 1350 2389 marchio·

152 2431 249 2511 1161116
282 2433 463 2492 nostrorum
495 2425 641 2490 crudeles
675 2443 752 2506 erga
783 2426 944 2507 proximos
977 2431 1105 2493 nostros
1138 2427 1354 2509 reperiamur:

153 2526 226 2592 ideo
267 2525 430 2592 habentes·
460 2529 492 2591 in
522 2525 649 2591 Christo
677 2527 757 2591 lesu
797 2525 923 2590 domiuo
956 2535 1067 2591 nostro
1100 2525 1220 2592 firmam
1253 2545 1353 2610 spem,

154 2645 266 2710 puram
290 2635 323 2692 et
344 2628 501 2693 sinceram
524 2628 749 2692 coruscientiam
772 2635 805 2694 et
826 2628 1036 2693 intentionem
1051 2648 1089 2695 66
1109 2635 1228 2696 16616111
1247 2630 1355 2695 ortho-

155 2727 332 2808 doxamque
365 2727 475 2803 fidem,
510 2734 623 2792 tenore
656 2729 872 2808 praesentium
903 2728 1088 2794 1111Ῥ611111
1127 2736 1161 2795 61
1195 2729 1354 2795 universis

153 2827 275 2894 Christi
296 2826 441 2893 fidelibus
464 2829 689 2893 innotescimus
713 2834 745 2894 61
767 2829 972 2907 111616161616,
995 2830 1090 2897 eorde
1107 2838 1140 2897 et
1155 2849 1210 2896 ore
1226 2831 1353 2913 publice

154 2927 358 3012 profitentes:
386 2929 471 3010 quod
497 2930 676 3010 quicunque
698 2930 857 2994 homiuum
880 2931 1095 3013 cujuscunque
1118 2938 1348 3014 6161666166-

155 3031 413 3097 61111116111166161
437 3029 611 3110 (lignitate,
635 3030 834 3109 conditionis,
858 3030 975 3111 gradus
998 3031 1048 3095 vel
1070 3033 1234 3112 religionis
1256 3033 1353 3097 exsti·

153 3132 240 3208 terit,
273 3130 326 3212 qui
357 3130 437 3195 dixit
466 3132 516 3195 vel
545 3132 690 3209 asseruit,
722 3131 798 3195 dicit
820 3119 870 3195 vel
892 3131 1017 3211 asserit,
1040 3132 1125 3212 quod
1147 3134 1179 3197 in
1202 3132 1354 3215 praelatis
1416 3165 1418 3171 v

153 3250 254 3313 reguo
286 3231 457 3296 Bohemiae
488 3240 521 3296 et
548 3232 766 3298 marchionatu
789 3232 949 3298 hloraviae
979 3251 1107 3297 errores
1138 3239 1171 3299 et
1199 3232 1354 3299 haereses

152 3332 375 3415 pullulassent,
408 3353 444 3397 ac
474 3352 531 3397 uos
554 3340 587 3398 et
609 3333 688 3399 alios
711 3333 829 3398 Christi
852 3333 961 3398 fideles
984 3334 1125 3415 ipsorum
1148 3339 1183 3399 111
1205 3335 1355 3416 praemit·

152 3434 232 3500 titur
274 3433 476 3511 infecissent,
520 3469 556 3480 -
591 3436 659 3499 sola
691 3453 829 3517 persona
861 3434 944 3500 661ῘΠΙ
981 3436 1134 3517 principis
1168 3440 1202 3499 61
1234 3434 1352 3500 1161111111

151 3534 190 3599 D.
213 3533 406 3614 sigismundi
429 3534 641 3599 Romanorum
664 3553 701 3599 16
735 3536 838 3615 regis,
870 3535 997 3600 heredis
1032 3555 1069 3601 ac
1102 3535 1220 3601 domiui
1252 3536 1354 3602 nostri

151 3633 332 3700 successuri
371 3640 507 3713 semota,
537 3653 631 3716 quem
662 3634 693 3698 in
722 3636 903 3716 praemissis
934 3635 1091 3701 credimus
1125 3642 1158 3702 et
1190 3654 1354 3718 speramus

152 3737 326 3814 innoxium,
351 3771 388 3780 -
412 3736 513 3799 omnis
542 3744 576 3801 et
591 3736 725 3816 quilibet
740 3737 822 3816 talis,
839 3742 874 3802 ut
890 3737 1081 3819 praefertur,
1097 3744 1185 3803 recte
1201 3738 1355 3804 mentitur

151 3838 185 3902 in
213 3842 310 3918 caput
338 3854 438 3913 suum,
465 3843 623 3917 tamquam
652 3857 787 3919 nequam
816 3837 972 3919 pessimus
995 3838 1132 3903 traditor
1154 3847 1187 3903 61
1208 3837 1355 3921 proditor

150 3937 387 4021 praedictorum
416 3939 506 4018 regni
538 3945 570 4003 et
596 3938 831 4004 marchionatus
860 3957 897 4003 66
925 3945 1036 4003 noster
1058 3938 1298 4020 perfidissimus,
1321 3946 1355 4005 et

150 4039 240 4103 solus
272 4041 381 4122 utique
414 4040 595 4104 haereticus
629 4040 927 4121 perniciosissimus,
961 4041 1125 4121 omnisque
1148 4040 1287 4105 malitiae
1320 4045 1354 4104 ct

150 4140 315 4221 nequitiae
337 4141 399 4204 imo
422 4145 455 4204 et
477 4139 593 4204 diaboli
616 4140 709 4220 lilius,
732 4141 785 4221 qui
807 4140 942 4205 mendax
964 4148 1014 4205 est
1036 4147 1070 4204 et
1091 4145 1184 4223 pater
1206 4139 1284 4219 ejus.

250 4239 461 4306 Nihilominus
491 4246 596 4304 16111611
626 4241 816 4322 praemissas
848 4241 981 4322 injurias
1009 4240 1145 4320 domino,
1176 4240 1265 4321 cujus
1304 4245 1354 4305 est

149 4338 291 4406 vindicta
312 4346 346 4405 et
367 4342 420 4422 qui
443 4340 641 4406 abundanter
665 4342 822 4407 retribuet
844 4342 1032 4407 facientibus
1055 4340 1244 4423 superbiam,
1267 4359 1354 4406 nunc

149 4440 394 4521 committentes
426 4442 510 4527 apud
540 4442 680 4507 futurum
714 4442 932 4524 apostolicum,
967 4461 1060 4522 quem
1092 4441 1237 4506 deminus
1271 4441 1352 4506 deus

148 4559 228 4607 seue
243 4546 372 4607 sauctae
388 4542 541 4607 ecclcsiae
557 4542 749 4624 praefecerit
765 4543 890 4607 unicum
907 4550 940 4607 et
952 4543 1164 4607 indubitatum
1176 4550 1349 4623 pastorem,

149 4643 221 4712 illas
248 4642 384 4727 amplius
412 4648 445 4707 et
472 4643 567 4709 latius
596 4661 841 4730 prosequemur;
873 4644 922 4709 cui
953 4642 1014 4712 deo
1041 4641 1352 4733 Ι1161611161611111116111
