2992 5258
152 402 213 466 636
393 396 597 451 controversiae
615 395 649 449 dc
666 395 796 463 religione
814 396 842 450 in
859 395 1002 451 Bohemia:
1021 398 1094 452 1416.

152 602 371 668 conmunione
395 601 527 679 intento,
555 599 617 665 alia
639 599 832 666 concordare
862 619 943 681 quae
972 600 1040 664 visa
1060 599 1180 664 inerint
1202 603 1339 664 attente-

152 721 229 767 nrus.
252 702 344 780 Quod
373 705 405 766 et
428 702 485 766 tibi
518 701 645 779 suadeo,
674 700 701 764 si
724 702 814 782 cupis
844 701 943 782 partis
966 706 1094 764 nostrae
1131 703 1340 780 angmentum,

152 813 187 869 nt
207 802 393 885 postpositis
409 803 473 866 tuis
485 802 621 866 fortasse
640 801 828 882 qrrandoquc
843 800 1053 884 phantasticis
1071 799 1255 881 mendaciis
1275 818 1342 866 ooc-

152 906 198 969 tui
226 905 450 985 magistrorum
477 904 644 968 veritatem
673 902 871 982 diligentium
901 908 933 966 tc
963 901 1150 982 conformes
1173 906 1208 965 et
1229 907 1262 966 te
1281 901 1336 965 sin·

151 1004 291 1086 gniarem
314 1004 385 1086 plus
408 1004 553 1069 omnibus
576 1003 806 1086 intelligentam
828 1022 891 1070 non
913 1002 1072 1069 ostendas.
1095 1001 1183 1067 Alias
1205 1002 1235 1067 si
1253 1019 1339 1067 secus

152 1104 275 1175 recens,
300 1103 394 1168 timeo
417 1122 457 1167 nc
479 1103 595 1186 perdas
617 1103 754 1169 fructum
776 1123 847 1169 cum
867 1104 986 1170 laboro.

707 1498 793 1574 104.

151 1724 371 1834 Anonymi
397 1724 547 1806 relatio
579 1724 633 1806 de
664 1723 848 1828 delictis,
893 1727 1071 1835 quaein
1104 1754 1204 1808 arce
1235 1725 1339 1811 Kozi

153 1873 195 1945 et
236 1862 408 1943 civitate
440 1856 562 1941 Ustic
608 1888 736 1967 super
767 1858 934 1942 Lubnic
956 1863 1282 1944 committuntur
1317 1890 1336 1943 a

152 1993 521 2104 praedicatoribus
549 2006 591 2075 et
618 2005 768 2077 contra
795 1993 1034 2077 doctrinam
1057 1990 1334 2078 Oluistianam

271 2140 314 2210 et
341 2139 490 2210 contra
515 2129 620 2211 ritus
648 2128 703 2211 ab
731 2130 912 2211 ecclesia
937 2129 1219 2239 approbatos

617 2374 644 2427 S.
662 2375 687 2429 d.
706 2377 779 2440 (anu.
800 2376 884 2443 1416.)

219 2678 262 2741 (E
272 2678 433 2747 frapmcato
454 2676 515 2729 MS.
535 2678 612 2730 illius
629 2679 731 2729 aetatis
748 2679 778 2729 ia
795 2677 939 2731 tabulario
960 2677 1073 2731 11ιὸ111.
1094 2676 1179 2730 Num,
1197 2674 1273 2743 179.)

249 2999 361 3078 Primo,
372 2996 455 3079 qnod
467 2994 589 3059 inKozi
603 3000 708 3060 castro
720 3001 754 3060 ct
764 2995 823 3060 sub
836 3002 940 3061 castro
956 3002 989 3061 ct
1000 2997 1033 3061 in
1044 2996 1113 3062 Usk
1128 2998 1334 3080 praedicatum

150 3106 199 3165 ost
216 3106 249 3165 et
265 3097 477 3182 praedicatur,
497 3095 581 3176 quod
602 3096 857 3162 consecrationes
871 3103 903 3161 ct
918 3104 1175 3164 ornamentorum
1190 3104 1225 3166 et
1240 3117 1335 3166 sacm-

149 3207 327 3266 rnontorum
342 3197 633 3263 ecclesiasticorum
647 3196 711 3260 sint
726 3197 853 3277 frustra,
877 3197 933 3261 sed
949 3215 1136 3279 quocunqne
1159 3218 1265 3282 panno
1286 3217 1334 3265 scu

149 3300 213 3366 tola
234 3301 296 3364 imo
319 3307 352 3364 ct
375 3303 514 3378 syrmate
538 3303 689 3378 cooperto
712 3297 744 3360 in
766 3298 917 3362 terranei
938 3299 972 3362 in
994 3317 1103 3364 mensa
1123 3301 1176 3364 vol
1197 3302 1230 3366 in
1251 3302 1336 3368 doleo

150 3406 258 3483 potest
279 3398 448 3482 presbyter
466 3395 615 3476 officiare,
639 3397 785 3462 similiter
807 3406 840 3464 et
862 3399 997 3481 populns
1020 3401 1263 3467 communicare.
1283 3399 1337 3466 Sed
1382 3422 1385 3427 ·

150 3501 303 3583 episcopi,
318 3516 396 3581 qnos
412 3498 459 3563 illi
474 3497 710 3580 praedicatores
725 3498 862 3582 kobylky
879 3499 1057 3583 (locustas),
1073 3499 1248 3569 brebentri
1259 3503 1337 3586 (pec-

150 3600 296 3681 tinarios)
319 3598 490 3681 appellant,
512 3598 570 3664 has
586 3616 694 3663 omnes
717 3600 973 3667 consecrationes
996 3603 1062 3666 sive
1085 3610 1336 3669 ornamentorum

149 3702 216 3765 sive
239 3706 517 3778 sacramentorum,
541 3701 608 3764 sive
630 3700 779 3765 altarium
794 3701 860 3765 siva
882 3702 1087 3768 ecclesiarum
1108 3702 1334 3769 adinvenerunt

149 3807 282 3883 propter
304 3800 478 3879 avaritiam,
503 3808 535 3866 et
557 3800 683 3880 (1111111,
707 3802 790 3881 qnod
813 3803 918 3868 omnia
939 3803 993 3869 illa
1015 3809 1124 3885 potest
1146 3804 1253 3871 iacere
1273 3805 1336 3869 siin

149 3903 222 3985 plen
244 3901 432 3985 presbyten
453 3907 625 3983 arguentes
648 3920 666 3967 1
687 3903 816 3984 majori,
850 3905 922 3986 quia
945 3924 983 3969 ex
1005 3922 1067 3987 quo
1089 3923 1208 3988 corpus
1229 3906 1337 3973 Christi

150 4002 283 4085 simplex
306 4002 456 4068 sacerdos
479 4008 586 4083 potest
607 4001 772 4083 conficere,
795 4007 896 4088 magis
917 4004 979 4071 ista
1000 4013 1110 4089 potest
1130 4007 1246 4074 tacere
1270 4008 1337 4073 cun

151 4105 211 4169 hoc
232 4105 327 4169 etiam
343 4109 435 4169 extra
455 4103 568 4169 missas
592 4105 822 4170 communicant
836 4106 995 4189 populum,
1018 4106 1225 4175 conficientes
1246 4108 1336 4175 solum

152 4204 245 4269 dictis
268 4202 455 4284 quibusdam
478 4204 683 4269 orationibus

250 4320 289 4385 It.
312 4321 397 4402 quod
418 4323 593 4404 baptismus
617 4330 650 4388 et
672 4324 858 4390 solemnitas
879 4327 994 4393 missae
1017 4334 1050 4394 et
1071 4327 1134 4394 alia
1156 4329 1336 4412 omniapos·

151 4430 226 4487 sunt
248 4422 404 4488 celebrari
420 4430 511 4488 cntra
534 4425 717 4505 ecciesiam;
741 4433 774 4492 et
789 4428 834 4492 sio
856 4426 997 4494 officiant
1019 4429 1050 4493 in
1074 4430 1200 4497 horreis
1222 4437 1255 4496 et
1269 4430 1335 4510 bap

149 4522 248 4588 tisaut
270 4524 302 4589 in
325 4525 455 4606 piscinis
479 4531 512 4589 et
534 4526 751 4592 lisiteiouibus
774 4528 921 4610 (piscium
944 4529 1102 4611 11111111);
1132 4532 1244 4598 dicunt
1263 4524 1336 4611 quod

151 4623 283 4688 ccclesia
306 4623 451 4706 lapidea,
485 4626 516 4690 in
540 4644 603 4707 qua
626 4627 670 4692 illi
693 4628 765 4693 mali
797 4628 954 4695 iubdnciii
976 4630 1175 4713 (concubiui,
1212 4626 1335 4710 moechi)
