2992 5258
153 427 215 493 596
396 419 602 476 Controversiam
619 417 654 473 de
671 418 802 486 religione
819 417 847 472 iu
864 416 1008 472 Bohonria:
1027 416 1101 471 1415.

154 625 355 710 simplicitate
377 627 592 706 perceperunt
621 629 654 687 et
674 620 842 704 percipere
864 624 1165 704 praesumpserunt:
1188 623 1225 684 ut
1245 624 1347 684 autem

153 727 328 809 praemissa
355 728 497 803 cessent,
532 728 565 788 et
592 721 711 788 Christi
743 720 853 787 fideles
882 722 1019 805 amplius
1045 739 1110 788 non
1136 720 1346 804 decipiantur,

154 826 243 892 vobis
259 825 396 893 dominis¹
415 822 559 906 plebanis
577 828 611 887 et
622 821 836 904 vicoplebanis
851 822 1021 889 antedictis
1032 822 1066 887 in
1087 822 1209 889 virtute
1221 827 1347 888 sanctae

155 926 354 993 obedientiae
378 931 411 990 et
432 924 492 990 suh
507 923 840 990 excommunicationis
851 941 955 1006 poena
965 923 1111 990 districte
1121 920 1347 1006 praecipiendo

153 1027 345 1106 mandamus,
375 1032 531 1108 quatenus
553 1025 790 1107 praescriptum
826 1030 980 1091 statutum
999 1024 1096 1106 juxta'
1119 1022 1223 1106 ipsius
1250 1024 1345 1091 conti·

153 1129 293 1194 nentiam
316 1133 349 1192 et
370 1133 514 1192 tenorem
536 1125 569 1190 in
592 1124 707 1190 vestris
730 1124 1009 1191 exhortationibus
1020 1124 1138 1207 populo
1162 1122 1254 1190 robis
1266 1142 1346 1191 oom-

153 1229 250 1294 misso
272 1227 443 1293 insinuetis
465 1234 499 1292 et
520 1225 692 1292 notificetis
724 1245 762 1292 ac
783 1226 947 1292 insinuare
969 1232 1003 1293 et
1022 1223 1190 1292 notificare
1222 1225 1348 1304 curetis,

153 1328 334 1392 inhibentes
355 1327 560 1392 nihilominus
582 1327 660 1409 ipsis
681 1332 715 1392 et
738 1344 848 1393 eorum
869 1325 1009 1406 cuilibet,
1032 1324 1148 1406 quibus
1164 1330 1198 1393 et
1218 1342 1281 1391 nos
1293 1323 1347 1391 sub

154 1428 318 1511 praedicta
340 1446 444 1510 poena
466 1427 797 1494 excommunicationis
819 1426 1013 1508 inhibemus,
1035 1443 1077 1491 ne
1099 1425 1238 1509 amplius
1258 1442 1345 1508 praa·

154 1527 240 1596 dicta
261 1534 460 1595 sacramenta
481 1529 540 1594 sub
563 1535 698 1610 ubsque
721 1528 829 1611 specie
851 1528 1018 1611 percipere
1042 1531 1287 1609 praesumerent
1314 1533 1344 1592 et

153 1629 317 1710 auderent
347 1635 444 1712 prout
471 1630 603 1695 eandem
633 1629 825 1696 sententiam
853 1627 1187 1695 excommunicationis
1220 1634 1254 1693 et
1274 1627 1345 1693 alias

153 1747 272 1811 poenas
294 1729 328 1794 iu
349 1729 565 1795 declaratione
587 1728 825 1795 Constantiensi
848 1745 1017 1811 expressas
1038 1728 1200 1794 voluerint
1221 1728 1344 1793 evitare.

153 1827 268 1894 Datum
281 1830 404 1912 Pragae
414 1847 497 1896 anno
509 1830 627 1895 domini
638 1827 887 1895 M⁰GGCC⁰XV⁰
904 1828 957 1894 die
975 1828 1132 1894 Vmeusis
1145 1826 1342 1911 Septembris

720 2208 838 2283 aa·

154 2414 373 2528 Anonymi
404 2417 554 2500 relatio
591 2414 645 2499 de
672 2417 952 2525 professione,
994 2449 1080 2529 qua
1105 2420 1163 2505 M.
1187 2421 1333 2508 Hiero

153 2581 308 2663 nymus
339 2551 568 2665 Progensis
602 2554 647 2635 in
679 2553 859 2636 concilio
893 2549 1214 2640 Constantiensi
1248 2561 1334 2642 arti·

153 2687 271 2770 culos
297 2683 469 2769 Wiclefi
497 2697 540 2769 et
565 2685 675 2769 Husi
704 2689 786 2769 rite
818 2685 1127 2773 condemnatos
1159 2721 1252 2776 esse
1276 2692 1331 2776 de·

658 2821 848 2906 claravit.

535 3036 709 3090 Constantior
728 3053 749 3090 s.
768 3035 794 3089 d.
812 3036 857 3103 (m.
877 3036 961 3105 Sept.)

651 3248 756 3255 ———0
764 3248 776 3253 ..

424 3336 467 3400 (a
484 3335 544 3388 ns.
567 3337 657 3390 Muses
675 3337 790 3390 notem.
811 3338 837 3399 4,
856 3339 894 3393 o.
915 3338 957 3402 ra,
970 3339 995 3408 f.
1013 3339 1077 3404 aa.)

650 3487 816 3496 ms..
831 3489 851 3495 .-

169 3635 423 3697 „aecumaecui
443 3635 612 3708 Hieronymi
633 3640 784 3707 partialis,
807 3641 914 3694 directa
938 3643 1083 3711 praedicto
1100 3644 1141 3700 D.
1158 3645 1265 3701 Jooraao'
1280 3644 1321 3713 (a

649 3721 856 3790 Nooadomo).“

252 3921 383 3989 Decima
394 3921 446 3988 die
468 3923 586 3989 mensis
598 3922 795 4007 Septembris
817 3928 860 3992 Μ.
876 3925 1100 4013 Hieronymus,
1123 3940 1335 4015 speraturnon

152 4023 333 4105 sophistice,
357 4042 530 4090 conversus
553 4031 604 4090 est
624 4044 644 4091 a
664 4025 799 4109 perfidia
819 4047 878 4095 sua
898 4048 980 4096 anno
1002 4030 1123 4098 domini
1136 4031 1335 4101 dccccxv.

152 4123 194 4189 Et
215 4123 365 4205 breviter,
389 4125 496 4191 multis
517 4125 798 4209 disputationibus,
819 4129 1096 4198 informationibus
1119 4138 1153 4200 et
1175 4132 1336 4201 audientiis

152 4223 401 4306 quampluribus
423 4226 544 4292 vicibus
566 4245 674 4292 secum
696 4229 900 4310 praehabitis,
924 4250 1007 4298 nunc
1022 4232 1223 4302 voluitstaro
1244 4236 1337 4300 maur

152 4325 336 4405 pertinacia,
365 4327 508 4392 nuncin
537 4334 605 4393 toto
635 4330 797 4410 converti;
827 4338 860 4396 et
888 4331 934 4397 sic
956 4332 1029 4399 hinc
1056 4332 1131 4398 inde
1160 4335 1335 4412 vacillando,

152 4425 279 4490 tandem
301 4444 359 4507 pro
381 4427 477 4510 plena
499 4446 557 4494 sua
578 4429 800 4496 informatione
823 4432 916 4514 petiit
937 4432 999 4498 sibi
1019 4432 1090 4499 dari
1109 4435 1338 4503 articulosdoo·

152 4531 265 4606 torum,
289 4527 341 4608 qui
365 4546 436 4592 eum
457 4527 675 4610 informarent,
698 4531 798 4597 etita
819 4531 936 4598 factum
959 4541 1018 4600 est.
1040 4535 1198 4602 Finaliter
1210 4536 1271 4617 die,
1286 4552 1340 4619 quo

150 4640 256 4709 supra,
278 4627 418 4692 venitin
441 4627 543 4694 locum
565 4631 718 4698 sessionis
740 4633 882 4715 concilii,
905 4634 1022 4702 ibidem
1034 4635 1115 4718 legit
1136 4655 1232 4705 unam
1254 4637 1337 4705 cedu-
