2992 5258
154 424 216 490 272
361 418 435 473 Petri
453 417 486 472 do
504 417 682 471 Mladenowic
699 416 795 469 relatio
813 414 847 468 de
865 414 904 468 M.
921 416 946 469 J.
965 414 1024 470 Hua
1041 429 1136 470 eausa:

253 624 388 683 Debitanr
416 623 610 681 reverentiam
639 624 710 682 Jesu
733 620 843 680 Christi
874 622 1021 685 ecelesiae
1050 580 1246 694 septemoqne
1280 625 1344 698 ejus

154 725 283 798 pontifici
305 723 497 783 exhibendam
519 737 555 784 rc.
599 720 690 801 (Vide
711 740 804 795 sopra
831 723 910 782 inter
937 724 1093 797 Epictetus
1120 739 1201 783 num.
1226 726 1254 794 9,
1272 741 1346 799 pop.

153 825 301 902 18-20).

253 976 316 1046 Qua
337 979 418 1033 carta
440 973 500 1030 sive
522 972 649 1043 epistola
670 971 712 1031 sic
733 972 863 1031 exhibita
884 980 915 1033 et
936 974 1023 1047 lecta,
1033 971 1183 1045 praelatus
1198 974 1240 1032 Μ.
1252 948 1344 1033 ioan·

154 1092 208 1135 ues
229 1075 333 1146 petiuit
355 1073 476 1131 eandem
499 1087 552 1144 per
574 1088 627 1130 nos
642 1072 773 1130 notarios
796 1074 980 1145 subscriptos
1003 1073 1040 1132 ad
1062 1074 1204 1147 majorem
1226 1075 1346 1134 eviden-

154 1177 224 1233 tiam
246 1180 276 1232 et
297 1173 497 1233 credulitatem
524 1172 681 1231 transsumi
711 1172 791 1230 etin
813 1173 959 1244 publicam
988 1170 1109 1231 iormam
1136 1173 1233 1247 redigi
1255 1180 1286 1233 et
1306 1174 1346 1234 si·

96 1268 100 1275 ’
153 1274 223 1347 gillo
245 1272 442 1332 univcrsitatis
464 1271 632 1345 praedictae
655 1287 709 1342 per
731 1270 893 1343 praelatum
914 1273 1061 1331 dominum
1082 1279 1242 1343 rectorem,
1276 1274 1346 1332 doc-

154 1382 234 1435 tores
265 1381 294 1433 et
320 1375 476 1447 magistros
502 1372 635 1446 sigillari.
679 1372 735 1444 Qui
767 1372 805 1431 D.
828 1373 927 1431 Simon
957 1378 1070 1445 rector,
1099 1372 1199 1432 habito
1222 1374 1347 1432 consilio

154 1482 184 1535 et
205 1475 419 1534 deliberatione
441 1491 504 1532 cum
525 1472 683 1544 magistris,
706 1488 760 1543 per
781 1488 854 1541 cunm,
876 1478 909 1530 nt
929 1471 1106 1543 praefertur,
1130 1474 1275 1551 evocatis,
1296 1490 1347 1532 ao·

60 1584 65 1593 '
153 1577 250 1647 tisque
272 1576 396 1633 oninium
419 1578 450 1631 et
478 1554 657 1647 singulorum
687 1573 824 1632 scrutatis
857 1581 887 1631 et
913 1573 949 1630 de
979 1574 1109 1644 ipsorum
1137 1574 1262 1633 consilio
1293 1592 1347 1634 un·

154 1675 242 1733 animi
254 1681 284 1733 et
295 1690 417 1732 assensu
431 1673 566 1745 petitioni
587 1673 754 1745 praedictae
778 1673 849 1731 dicti
871 1673 911 1730 M.
934 1673 1056 1732 Joannis
1071 1689 1217 1744 annuens,
1243 1691 1346 1746 supra·

154 1775 292 1853 scriptam
303 1780 412 1834 cartam
434 1790 488 1845 per
508 1790 562 1832 nos
574 1772 704 1831 notarios
720 1773 904 1844 subscriptos
918 1774 1076 1832 transsumi
1087 1780 1119 1833 et
1128 1771 1187 1853 (in)
1200 1774 1348 1845 publicam

154 1874 276 1933 formam
304 1875 400 1946 redigi
428 1874 589 1942 mandarit,
622 1878 654 1930 ut
675 1871 761 1932 fidem
792 1871 889 1932 lacere
911 1873 968 1944 ipsi
990 1874 1030 1935 M.
1061 1875 1169 1934 Joanni
1197 1875 1297 1934 valeat
1317 1875 1347 1935 in

154 1976 289 2048 agendis3
312 1981 341 2032 et
362 1974 399 2031 ad
415 1975 555 2046 majorem
578 1973 778 2031 credulitatem
795 1973 923 2045 sigillum
944 1973 1141 2032 univcrsitatis
1164 1974 1253 2033 studii
1273 1975 1346 2034 Pra-

154 2076 254 2149 gensis
275 2074 418 2146 praedicti
447 2072 613 2146 hujusmodi
645 2073 836 2131 instrumento
870 2088 921 2131 sen
943 2074 1060 2146 publico
1086 2080 1265 2133 transsumto
1284 2077 1348 2148 jus·

154 2177 194 2234 sit
214 2175 350 2247 appendi.
394 2174 489 2245 Super
520 2173 623 2246 quibus
653 2174 786 2231 omnibus
809 2179 838 2231 et
868 2173 991 2246 siugulis
1024 2173 1174 2245 praelatus
1197 2174 1237 2232 M.
1261 2175 1346 2237 Joan.

157 2277 221 2336 Has
243 2275 346 2348 petivit
366 2274 424 2333 sibi
445 2290 499 2347 per
525 2291 579 2333 nos
600 2277 731 2332 notarios
754 2273 887 2344 publicos
908 2271 1112 2345 infrascriptos
1139 2272 1203 2334 fieri
1226 2282 1257 2335 et
1279 2290 1347 2335 eon·

154 2374 202 2436 fici
224 2392 312 2434 unum
332 2374 380 2433 uel
402 2374 486 2445 plura
506 2374 624 2447 publiea
639 2375 841 2434 instrumenta.
864 2374 939 2431 Acta
961 2379 1028 2432 sunt
1048 2374 1121 2432 baec
1143 2390 1230 2448 anno,
1251 2374 1346 2435 indie·

154 2477 244 2545 tione,
266 2476 324 2544 die,
345 2488 454 2543 mense,
469 2474 550 2543 hora,
567 2471 735 2544 pontificatu
752 2479 781 2531 et
802 2473 878 2544 loco,
901 2473 1006 2545 quibus
1019 2489 1115 2546 snpra,
1137 2473 1345 2546 praesentibus

153 2575 376 2634 honorabilibus
410 2580 439 2632 et
460 2573 595 2632 diseretis
623 2573 693 2631 viris
721 2573 845 2632 dominis
868 2575 950 2644 Vita,
980 2574 1150 2646 praeposito
1178 2574 1210 2633 in
1237 2574 1345 2633 Mimin

155 2674 355 2734 Olomuseusis
378 2675 521 2743 diocesis,
551 2673 685 2745 professo
714 2673 826 2732 ordinis
856 2676 950 2733 sancti
975 2673 1140 2743 Benedicti,
1172 2674 1287 2735 Jacobo
1309 2675 1345 2734 de

154 2775 316 2847 Tachovia,
337 2777 450 2835 Joanno
473 2775 510 2832 de
533 2774 637 2846 Tema,
661 2773 859 2847 presbyteris,
881 2774 996 2833 Mathia
1017 2774 1054 2833 de
1078 2774 1265 2845 Chlomaron,
1287 2774 1346 2835 ole-

154 2877 215 2935 rico
238 2875 366 2948 publico,
387 2876 559 2933 anctoritate
572 2874 718 2945 imperiali
741 2875 864 2943 notario,
886 2876 1002 2934 Joanne
1024 2875 1103 2933 dicto
1118 2873 1277 2949 Zapasuik‚
1298 2890 1344 2933 ur·
1368 2894 1373 2909 ·

79 3044 82 3053 ι
154 2958 264 3048 migcr'o
286 2974 444 3047 Pragensis
468 2974 609 3043 diocesis,
639 2975 768 3032 Antonio
792 2974 827 3032 de
850 2975 966 3048 Roycze
989 2981 1018 3034 et
1041 2974 1168 3047 Georgia
1190 2973 1345 3033 Michaelis

155 3076 192 3134 de
214 3075 335 3134 Drenov
357 3075 472 3134 clericis
495 3066 701 3147 Zagrabiensis
718 3074 856 3148 diocesis,
880 3081 910 3133 et
930 3075 997 3132 aliis
1019 3076 1116 3133 miultis
1139 3074 1266 3134 testibus
1287 3072 1344 3133 lide

155 3175 250 3249 dignis
273 3176 351 3235 circa
372 3176 541 3245 praemissa,
565 3191 601 3231 ac
623 3174 734 3232 uocatis
756 3174 794 3232 ad
815 3176 987 3246 praemissa.

352 3274 392 3333 Et
415 3289 470 3346 ego
491 3273 633 3343 Michaol‚
667 3279 753 3332 natus
783 3274 928 3346 qnondam
957 3273 1073 3333 Nicolai
1105 3274 1142 3334 de
1171 3274 1346 3334 Pracbatiez

433 3373 591 3446 Pragonsis
614 3373 760 3444 diocesis,
786 3374 921 3445 publicus
944 3377 1117 3434 auctoritate
1140 3374 1289 3446 imperiali
1311 3390 1346 3434 aa

435 3475 615 3533 dominorum
637 3474 842 3545 magistrorum
863 3473 1013 3533 doctorum
1042 3472 1207 3533 scholarum
1228 3474 1345 3535 unirer·

434 3574 528 3632 sitatis
551 3573 640 3632 studii
662 3573 818 3644 Pragonsis
838 3575 955 3645 juratus
977 3573 1108 3632 notarius
1129 3590 1166 3633 oc.

350 3674 390 3732 Et
411 3689 467 3746 ego
490 3672 632 3731 Nicolaus
656 3674 803 3745 (ponendam
825 3673 956 3732 Mathioe
974 3674 1010 3732 de
1026 3674 1126 3732 Bruno
1138 3673 1344 3734 olomucensis

432 3773 560 3831 diocesis
582 3772 716 3844 publicus
746 3773 911 3844 apostolica
942 3780 973 3832 et
1000 3773 1150 3846 imperiali
1171 3773 1345 3834 auctoritate

432 3874 564 3931 notarius
587 3889 625 3935 ot.

250 4020 487 4103 Recognitionis
508 4020 604 4085 litera
625 4019 766 4102 episcopi
788 4019 1023 4099 Nazaretensis‚
1048 4020 1250 4102 inquisitoris
1270 4021 1344 4085 bae·

149 4123 272 4189 reticae
299 4120 466 4204 pravitatis
495 4120 633 4184 civitatis
661 4139 698 4184 ao
720 4119 856 4184 diocesis
877 4121 1089 4200 Progensisa
1118 4120 1194 4186 sede
1217 4127 1345 4203 aposto·

150 4222 212 4287 lica
242 4221 424 4303 specialiter
456 4220 614 4301 deputati,
650 4239 744 4301 quiam
772 4218 861 4284 dedit
895 4220 937 4284 M.
966 4221 1081 4284 Joanni
1104 4221 1173 4285 Hus
1196 4240 1267 4286 cum
1288 4238 1354 4285 sue.

151 4320 303 4403 pendenti
335 4320 452 4402 sigillo,
486 4337 641 4400 quareque
674 4327 800 4399 egomet
820 4341 890 4386 curn
913 4322 997 4386 dicto
1020 4321 1124 4402 sigillo
1145 4321 1179 4385 in
1200 4321 1345 4386 manibus

151 4421 295 4499 crebrius
316 4422 405 4486 tenui
428 4427 460 4485 et
481 4420 552 4500 legi,
577 4419 616 4483 de
639 4421 735 4484 verbo
751 4421 792 4484 ad
814 4423 946 4486 verbum
967 4422 1111 4503 sequitur
1133 4428 1167 4486 et
1188 4427 1240 4487 est
1259 4420 1345 4495 talis:

250 4540 312 4598 Nos
335 4540 473 4600 Nicolaus
496 4539 542 4599 dei
564 4541 658 4611 gratia
680 4540 837 4611 episcopus
856 4541 1065 4600 Nazarotensis
1087 4557 1122 4600 rc.
1145 4538 1239 4621 (Vide
1254 4556 1345 4612 aspre

149 4654 221 4711 pap.
243 4634 328 4717 243).
