2992 5258
511 419 597 476 Notae
618 420 750 490 quaedam
768 421 982 489 chronologicae.
1284 426 1340 490 731

149 623 278 698 pellifex,
307 625 453 685 Abraham
476 620 728 700 etSigismuudus,¹
755 633 785 688 et
805 628 902 700 plures
915 628 973 697 alii,
996 629 1044 701 qui
1062 627 1178 701 justitia
1199 628 1345 688 mediante

150 724 267 785 fuerunt
287 725 385 786 soluti.
413 723 536 807 (Idem.)

702 897 792 960 1408.

249 1081 284 1139 Δ.
305 1079 342 1139 Ι).
363 1076 574 1149 mccccvnl,
597 1079 654 1140 XII
682 1080 728 1139 dia
751 1079 832 1153 Maji,
863 1080 1027 1142 cardinales
1053 1081 1204 1155 utriusque
1228 1077 1344 1153 collegii

148 1186 337 1240 recesserunt
358 1181 395 1240 ab
417 1179 585 1240 obedientia
606 1181 713 1253 papali.

249 1281 334 1339 Anno
357 1280 460 1340 eoderu
483 1282 664 1340 examinatus
687 1288 734 1340 est
755 1282 796 1342 M.
820 1282 909 1341 Pater
931 1282 979 1355 (de
995 1282 1086 1359 Knin)
1107 1282 1144 1340 ad
1168 1280 1344 1340 delationem

148 1382 272 1442 loannis
294 1381 380 1440 Eliae
403 1387 432 1440 et
453 1379 551 1441 Oilrae
574 1383 706 1441 canonici
728 1382 896 1456 Pragensis.
920 1383 975 1455 Qui
998 1390 1029 1441 et
1050 1381 1195 1456 abjuravit
1216 1380 1273 1442 sibi
1291 1382 1343 1440 im·

149 1481 254 1552 posite,
277 1481 340 1541 scil.
363 1481 399 1540 dc
426 1483 606 1541 remanentia
635 1483 719 1554 panis
748 1489 822 1563 post
843 1483 1106 1553 consecrationem
1138 1487 1168 1540 et
1197 1485 1267 1553 post
1287 1496 1344 1539 uon

148 1580 238 1654 longo
257 1587 389 1655 tempora
415 1583 495 1642 vixit

247 1682 395 1742 Iteodem
402 1700 487 1752 anno,
503 1681 647 1757 Gregorio
655 1683 711 1743 XII
719 1680 917 1755 pontificatum
933 1683 1069 1756 papalem
1076 1689 1207 1758 regente,
1220 1681 1342 1756 Zbynlro

148 1782 386 1856 archiepiscopus
398 1784 560 1844 transmisit
570 1800 727 1855 processus
738 1782 1024 1845 conmaWiclelistas
1040 1785 1077 1843 ad
1093 1785 1202 1845 curiam
1220 1798 1284 1842 cnm
1297 1781 1341 1840 in-

149 1880 372 1943 formationibus
386 1884 494 1944 utiuam
509 1885 597 1958 veris,
620 1884 798 1958 supplicans,
820 1893 852 1944 ut
863 1900 1021 1957 processus
1035 1887 1098 1956 ejus
1111 1885 1147 1944 de
1162 1883 1346 1958 repositione

149 1981 288 2042 librorum
300 1982 411 2043 Wiclei
426 1990 456 2044 et
467 1984 668 2044 combustione
691 1982 919 2047 confirmaretur.
942 1981 1064 2066 (Glires.
1077 1982 1345 2059 sabaothes.)

248 2089 333 2145 Anno
350 2085 460 2156 eodem,
483 2085 627 2146 dominico
643 2087 691 2145 dia
712 2088 742 2146 iu
765 2088 812 2146 die
836 2087 865 2147 S.
887 2086 1033 2146 Dominici
1056 2084 1345 2167 (anagnosticus

149 2185 313 2258 applicatae
344 2193 411 2246 sunt
437 2186 536 2258 plures
563 2187 667 2245 literae
700 2185 911 2247 dillamatoriae
943 2187 1060 2246 nimium
1090 2201 1212 2261 grossae
1243 2188 1346 2244 conus

150 2285 186 2348 D.
216 2286 404 2360 Zbyulronem
431 2287 609 2361 Prageusem
639 2287 891 2361 arehiepiscopum
915 2294 944 2348 et
962 2289 1118 2347 canonicos
1147 2295 1177 2347 et
1205 2285 1345 2360 quosdam

149 2386 294 2448 Bohemos
316 2388 479 2461 magistros.
502 2384 625 2462 (Obrue.
651 2387 770 2449 Bobcm.
795 2385 972 2462 Lipaiease.)

249 2488 334 2546 Anno
351 2488 462 2560 eodem,
478 2496 546 2560 post
568 2488 653 2559 Galli,
669 2487 832 2549 Stauislaus
848 2489 884 2548 de
900 2489 1030 2562 Znoyrna
1052 2489 1155 2548 doctor
1177 2487 1344 2559 theologiae

150 2593 180 2646 et
203 2585 370 2660 Stephanus
399 2588 505 2648 Palecz
528 2590 667 2665 magister
695 2591 809 2667 artium,
831 2596 935 2649 euntes
957 2590 995 2648 ad
1022 2590 1160 2649 Pisanum
1181 2588 1344 2656 concilium,

148 2686 268 2747 luerunt
288 2689 318 2747 in
347 2689 521 2748 Bononiae
546 2689 704 2749 Balthasar
718 2690 860 2750 cardinali
886 2691 963 2763 capti
987 2696 1016 2749 et
1044 2689 1212 2750 carceribus
1234 2687 1342 2747 manci·

148 2789 224 2862 pati3
253 2806 326 2863 quos
347 2791 478 2851 loannes
501 2790 573 2863 Hos,
595 2791 733 2851 Jesenicr
762 2798 792 2851 et
814 2790 1005 2851 Christannus
1029 2791 1161 2865 magistri
1182 2805 1236 2870 per
1257 2790 1345 2848 iuter-

149 2891 261 2963 positas
284 2906 427 2962 personas
456 2890 628 2951 liberarunt.
661 2892 717 2963 Qui
739 2897 807 2963 post
828 2907 976 2950 recessum
999 2892 1034 2950 de
1051 2891 1147 2966 Praga
1169 2890 1345 2951 studentium

149 2991 223 3051 salvi
245 2991 369 3064 Pragam
391 2999 594 3062 pervenerunt
617 2989 741 3068 (Claros.
763 2989 916 3050 univerit.
940 2989 1051 3069 Prap.)

247 3092 283 3152 It.
307 3090 410 3150 eodem
432 3108 518 3162 anno,
539 3095 568 3151 in
590 3098 740 3152 rectoratu
763 3093 803 3152 M.
826 3093 953 3166 Heningi
985 3092 1194 3166 Baltenbagen,
1214 3088 1245 3168 *l
1268 3089 1345 3150 lacta

149 3199 196 3252 est
217 3193 362 3251 dissensio
384 3194 463 3252 inter
484 3195 630 3253 nationem
647 3194 833 3254 Bohemicam
856 3201 886 3252 ct
908 3194 981 3252 alias
1002 3200 1063 3252 tres
1086 3193 1228 3261 nationes,
1258 3190 1346 3250 videl.

150 3291 337 3361 Baverorum
367 3293 544 3352 Polonorum
574 3300 604 3353 et
630 3292 785 3364 Saxonum,
812 3301 935 3368 propter
971 3293 1149 3353 desiderium
1176 3293 1263 3366 rogis,
1297 3293 1345 3365 qui

151 3391 279 3465 optabat,
305 3397 337 3452 ut
357 3393 413 3452 sibi
435 3399 465 3452 et
486 3393 682 3453 cardinalibus
703 3395 741 3454 ad
764 3394 990 3455 abstractionem
1018 3393 1202 3453 obedientiae
1226 3391 1340 3466 papalis

151 3493 335 3556 assisterent.
369 3493 470 3566 Itaque
501 3493 636 3554 Bobsmis
667 3495 927 3566 consentientibus,
956 3500 986 3553 et
1014 3493 1080 3552 aliis
1102 3492 1269 3553 redonibus
1286 3491 1344 3551 dis-

152 3593 358 3667 sentientibus,
386 3601 508 3666 propter
537 3609 635 3653 eorum
658 3596 853 3668 pluralitatem
882 3612 982 3653 vocum
1005 3600 1103 3654 rector
1131 3610 1189 3653 non
1219 3592 1346 3653 audebat

152 3700 255 3753 contra
276 3694 452 3753 desiderium
474 3691 582 3774 (regis)
604 3696 788 3755 concludere.
811 3691 933 3773 (Idem)

609 3933 614 3943 ·
704 3913 791 3976 1409.

250 4091 350 4175 (Anno
372 4092 562 4176 dcccclx)
584 4097 664 4155 veuit
686 4097 823 4157 solemnis
846 4098 1008 4157 ambasiata
1037 4116 1054 4159 a
1076 4115 1145 4172 rege
1169 4105 1199 4157 et
1229 4098 1342 4156 univer·

140 4195 238 4254 ritate
260 4193 423 4254 Parisiensi
448 4196 485 4254 ad
507 4213 606 4272 regem
628 4203 758 4256 nostrum
787 4199 1001 4269 wenceslaum,
1024 4209 1148 4273 protunc
1176 4201 1207 4259 iu
1235 4196 1343 4260 Monti-

150 4292 205 4353 bus
228 4293 350 4354 Cbutnis
372 4282 562 4356 existentem.¹
578 4298 633 4370 Qui
655 4298 807 4358 accersitis
829 4307 946 4359 rectore
971 4299 1168 4361 universitatis
1191 4316 1253 4360 cum
1275 4299 1344 4358 doc·

150 4393 263 4452 toribus
285 4399 316 4452 et
336 4395 492 4467 magistris,
519 4393 570 4476 (dc
594 4413 714 4493 quorum
736 4415 857 4458 nurnero
880 4398 934 4458 luit
960 4401 1089 4460 ,loannes
1113 4401 1205 4470 Elias,
1237 4400 1342 4472 Broda,

202 4624 234 4710 ἶ)
251 4645 357 4695 Rectoris
366 4662 462 4696 munera
471 4643 641 4710 fungebatura
654 4664 732 4698 mense
749 4649 848 4700 Octobri
867 4653 929 4700 tloe
939 4665 1014 4714 usqua
1026 4654 1056 4699 ad
1068 4666 1171 4702 mensem
1180 4655 1260 4715 April.
1273 4655 1343 4703 itta.
