2992 5258
370 426 397 482 11
423 427 463 482 Do
481 428 519 482 bf.
532 429 555 483 J.
569 428 628 482 llus
647 428 818 482 Constantine
836 430 863 483 iu
881 446 1016 485 carcerem
1034 432 1165 500 conjecto.
1302 436 1361 499 261

173 646 208 688 co
224 631 348 690 lastras
371 633 501 690 oculatas
524 632 719 690 Paternitates
742 633 851 691 vellent
872 652 1004 707 arguere,
1030 637 1083 694 secl
1106 643 1137 694 ut
1159 636 1282 695 Vestrae
1304 636 1362 695 Pa-

174 732 328 790 tcruitatcs
350 731 577 811 ipsorumrotis
600 739 745 806 tamquam
772 734 866 791 altera
888 743 971 806 parte
999 737 1142 808 pensatis,
1173 736 1208 794 cle
1232 736 1364 809 subjecta

175 833 294 891 materia
316 832 482 890 distinctius
505 839 535 889 et
556 831 704 891 efficacius
728 833 898 893 discernere
920 842 1042 905 possent
1063 843 1093 894 et
1112 836 1256 908 judicare.

269 932 310 991 Et
331 933 439 1004 primo,
462 933 530 1006 qnia
551 916 676 1005 domnus
698 934 886 1004 ponentibus,
917 935 1043 1008 qualiter
1075 935 1116 993 M.
1144 936 1275 994 loannes
1298 936 1360 994 Hus

176 1032 228 1090 bue
251 1032 290 1091 ad
313 1032 513 1090 Constantiam
525 1032 579 1089 seb
601 1032 683 1089 salvo
706 1031 849 1091 conductu
877 1035 913 1091 D.
935 1033 1026 1108 Regis
1053 1040 1082 1093 et
1104 1035 1157 1093 sub
1180 1035 1364 1106 protectione

177 1133 356 1190 sacrosancti
377 1132 491 1202 imperii
514 1138 618 1203 sponte
640 1132 771 1191 venisset
792 1139 822 1190 et
843 1134 950 1204 libere,
973 1150 1026 1207 pro
1049 1141 1131 1205 parte
1154 1134 1294 1192 dictarum
1306 1135 1364 1192 Ve-

178 1238 301 1290 strarnm
326 1232 537 1290 Paternitatum
565 1246 739 1301 responsum
762 1240 821 1302 est,
851 1233 928 1305 quod
950 1233 1060 1292 domini
1082 1233 1156 1292 male
1184 1239 1251 1292 suut
1271 1232 1362 1291 infor-

175 1332 241 1389 mati
264 1332 303 1390 de
325 1331 403 1389 dicto
427 1331 506 1388 salvo
519 1331 675 1399 conductu,
699 1332 767 1404 quia
789 1332 863 1390 sieut
883 1349 901 1390 a
923 1330 980 1392 fide
1004 1333 1098 1405 dignis
1111 1333 1236 1390 Vestrae
1257 1332 1362 1392 Pater·

172 1432 279 1489 uitatcs
302 1448 335 1489 so
357 1430 495 1490 dicebant
515 1431 675 1501 accepisse,
698 1431 775 1503 quod
796 1438 866 1502 post
887 1432 1084 1504 captivitatem
1106 1431 1175 1492 dicti
1197 1432 1238 1489 M.
1260 1433 1288 1491 J.
1299 1432 1363 1491 Hus

170 1546 202 1588 su
232 1529 378 1588 ifautores
408 1536 438 1589 ct
459 1530 543 1588 amici
565 1530 622 1588 sibi
644 1530 753 1589 salvum
784 1532 956 1590 conductum
979 1532 1027 1591 die
1057 1531 1128 1590 XV·
1159 1539 1362 1603 procurarunt.

273 1629 468 1702 Respondent
500 1629 623 1698 domini,
656 1637 686 1687 et
716 1632 883 1701 specialiter
914 1632 950 1690 D.
980 1634 1110 1692 loannes
1138 1631 1185 1690 hic
1213 1648 1364 1704 praesens,

167 1747 259 1804 quem
282 1733 339 1789 hoe
360 1729 635 1801 faetumpraeeipne
658 1731 967 1804 tangit,quodnednm
990 1732 1036 1789 die
1059 1730 1138 1800 ΧΨ,
1155 1731 1207 1789 sed
1230 1731 1295 1802 ipso
1318 1732 1364 1791 die

158 1831 349 1904 captivitatis
385 1831 455 1889 dicti
492 1830 532 1887 bl.
565 1831 687 1889 Joannis
720 1830 798 1899 Hus,
829 1850 891 1890 curn
928 1831 964 1889 D.
997 1832 1080 1901 Papa
1114 1829 1209 1901 ipsum
1246 1830 1281 1887 D.
1311 1833 1363 1890 Jo-

155 1945 276 1989 anuem
309 1932 521 2001 interrogaret,
555 1931 761 2001 praesentibus
784 1929 846 1989 fero
868 1932 1001 1989 omnibus
1017 1931 1141 1988 dominis
1157 1930 1364 2001 cardinalibus,

155 2033 210 2104 „si
236 2031 333 2088 dietus
364 2031 404 2087 M.
434 2029 496 2087 Hos
524 2030 649 2088 baberet
675 2030 784 2086 salvum
813 2031 986 2089 conductum
1014 2031 1092 2103 regis
1122 2028 1174 2087 filii
1204 2030 1279 2101 sui“,
1315 2047 1363 2091 ra·

152 2132 306 2203 spondit:
328 2130 417 2187 Pater
439 2130 637 2187 sanctissime!
661 2130 776 2199 sciatiS,
799 2132 867 2203 qnia
888 2131 985 2189 babet.
1021 2132 1060 2190 Et
1083 2149 1145 2191 cunr
1168 2131 1245 2188 inter
1266 2137 1366 2190 cetera

148 2231 301 2290 seeundo
323 2229 562 2301 interrogaretur,
587 2229 631 2300 „si
654 2228 864 2287 babetsalrum
887 2222 1087 2299 conductum“,
1109 2231 1270 2300 respondit,
1287 2230 1366 2303 quod

148 2329 270 2401 liabet3
300 2328 397 2387 nullus
420 2334 516 2387 tamen
538 2327 662 2385 eundem
684 2329 795 2386 salvum
818 2330 989 2388 conductum
1013 2336 1081 2388 tune
1109 2330 1264 2387 monstrari
1286 2330 1363 2402 peti·

145 2432 212 2489 vit.
259 2430 301 2488 Et
321 2428 418 2486 statim
448 2428 495 2484 die
519 2428 652 2499 sequenti
679 2435 710 2486 et
741 2430 828 2486 tertia
857 2438 887 2486 et
919 2435 1132 2502 enrrscqoentcr
1162 2428 1197 2485 l).
1230 2430 1361 2488 Joannes

148 2536 347 2603 conquestus
379 2535 424 2585 est
453 2543 543 2597 super
572 2526 688 2584 domino
720 2544 811 2598 papa,
844 2530 988 2601 qnomoclo
1011 2529 1091 2586 blrum
1113 2529 1176 2586 llus
1206 2527 1363 2586 subsalsa

153 2631 319 2689 conductu
340 2629 376 2685 D.
399 2628 489 2699 Regis
512 2633 627 2698 captum
651 2627 813 2696 detineret,
836 2629 943 2687 (lictant
966 2630 1076 2686 salvum
1099 2629 1269 2687 eondrmtum
1292 2627 1365 2697 mul-

155 2733 207 2789 tis
232 2728 427 2787 ostendendo.
470 2727 510 2784 Et
532 2743 585 2797 pro
608 2726 687 2785 illius
709 2725 923 2797 verificatione,
946 2729 1024 2801 (procl
1047 2729 1134 2804 dicit,
1156 2727 1248 2786 refert
1269 2744 1301 2786 se
1324 2727 1361 2785 ad

154 2830 402 2903 recognitionem
425 2834 455 2885 et
476 2827 645 2885 testimonia
674 2827 823 2897 condano,
852 2829 1069 2899 episcoporum,
1098 2828 1228 2897 militnm,
1257 2828 1363 2886 utilita-

158 2933 246 2988 rium
269 2934 300 2986 et
320 2927 526 2986 notabiliorum
550 2927 651 2984 cisium
676 2928 761 2997 liujus
777 2929 1013 2986 Constantiensis
1036 2927 1170 2994 civitatis,
1193 2927 1241 2999 qui
1263 2942 1363 2985 ornnes

153 3028 249 3088 illurn
272 3029 382 3087 salsum
405 3029 576 3085 conductum
600 3034 667 3085 tuno
690 3027 824 3084 viderunt
846 3034 876 3085 et
898 3029 992 3098 ipsum
1015 3027 1073 3099 legi
1096 3027 1263 3103 audieruut;
1285 3026 1362 3084 unde

155 3126 203 3187 D.
236 3131 367 3188 loannes
401 3128 585 3201 supradictus
607 3134 727 3198 paratus
749 3134 795 3185 cst
824 3145 886 3186 curn
910 3143 1087 3200 quocumque
1118 3130 1285 3199 oppositum
1317 3128 1361 3185 di-

159 3238 253 3290 cente
276 3230 330 3289 sub
357 3230 548 3303 qualicunque
573 3247 604 3287 se
626 3246 722 3302 poena
743 3231 920 3303 astringere,
942 3233 1018 3304 (qnod
1041 3232 1079 3298 id,
1101 3235 1134 3287 ut
1154 3227 1362 3298 praemittitur,

163 3332 374 3400 patentissime
396 3331 459 3389 vult
480 3331 625 3389 deducere
648 3337 678 3389 et
699 3332 834 3402 probare.
864 3332 960 3390 Etiam
983 3330 1091 3388 domini
1114 3326 1247 3386 referiunt
1268 3343 1300 3384 se
1323 3328 1361 3386 ad

162 3432 401 3504 recognitionem
425 3438 569 3488 certorum
592 3432 754 3502 principum
777 3431 936 3490 electorum
960 3438 988 3489 et
1004 3430 1126 3487 eliorum
1148 3427 1311 3498 principum
1334 3432 1364 3485 et

161 3536 375 3605 episcoporum
400 3548 433 3589 ac
456 3532 580 3589 aliorum
602 3533 756 3590 multorum
777 3532 931 3601 nobilium,
955 3533 1002 3604 qui
1025 3547 1061 3588 eo
1083 3536 1216 3598 temporo
1240 3527 1361 3586 assiste·

164 3629 241 3692 bant
264 3648 362 3691 coram
383 3631 465 3703 regia
492 3633 662 3704 maJestate,
692 3632 741 3689 nbi
765 3638 794 3689 et
820 3633 934 3705 quando
965 3632 1058 3690 dictus
1082 3628 1179 3688 salvus
1203 3626 1361 3683 conductus

165 3730 254 3791 uatus
264 3737 311 3789 est
321 3731 465 3802 praedicti
477 3730 513 3791 D.
525 3731 615 3804 Regis
627 3731 664 3788 cle
683 3731 818 3789 nrandato
828 3732 958 3803 speciali.
970 3732 1016 3790 Ex
1027 3730 1079 3788 illo
1090 3726 1288 3787 Paternitates
1305 3726 1363 3783 Ve-

173 3840 255 3890 strae
278 3832 388 3890 elicere
411 3837 441 3889 et
462 3830 627 3903 intelligere
658 3838 793 3902 possunt,
807 3832 884 3904 quod
906 3848 964 3890 non
986 3831 1045 3902 ipsi
1066 3828 1176 3887 domini
1198 3825 1272 3883 male
1296 3830 1363 3882 snut

169 3932 206 3990 de
231 3932 309 3990 (licto
332 3932 412 3988 salvo
434 3931 578 3989 conductu
600 3929 759 3999 informati,
782 3931 834 3989 sed
858 3932 956 4002 potius
978 3931 1068 4000 taleS,
1092 3931 1140 4003 qni
1163 3933 1360 3991 Pateroitates

170 4029 294 4089 Vestras
322 4031 430 4089 talibus
452 4029 684 4089 infundabilibus
711 4030 852 4089 relatibus
874 4032 1082 4090 informarunt:
1112 4033 1205 4103 primo
1228 4032 1263 4089 D.
1288 4030 1361 4102 ltegi

172 4142 201 4190 et
220 4133 315 4207 ipsius
346 4131 530 4189 cancellariis
552 4130 726 4203 injuriantur
748 4137 779 4188 et
800 4132 967 4200 detrahunt,
997 4133 1091 4202 ipsum
1113 4131 1149 4189 D.
1172 4132 1281 4203 Regem
1302 4145 1362 4187 una

172 4249 232 4290 cum
266 4231 451 4291 cancellariis
478 4237 508 4290 et
534 4231 656 4289 notariis
687 4232 746 4289 suis
776 4231 873 4288 (latam
906 4231 974 4288 dieti
1003 4232 1074 4288 salvi
1107 4231 1267 4289 oorrductns
1297 4228 1360 4287 fere

171 4331 268 4391 decem
290 4334 518 4403 septimanarum
548 4331 643 4403 spatio
666 4332 844 4402 anticipasse
873 4333 1117 4402 praetendentes3
1150 4338 1179 4388 et
1201 4330 1285 4387 etiarn
1310 4329 1360 4386 do.

171 4434 251 4491 minis
272 4432 413 4491 militibus
435 4432 571 4505 injuriam
592 4430 714 4500 faciunt,
737 4448 770 4488 ae
793 4432 819 4490 si
839 4433 897 4503 ipsi
921 4431 1029 4490 salvum
1053 4431 1225 4489 cnrrcluctum
1240 4446 1358 4502 surrep-

170 4534 226 4590 titie
247 4535 464 4604 impetrassent.
487 4531 570 4591 Unde
592 4539 696 4605 petunt
724 4533 832 4590 (fontini
855 4532 1029 4604 supradicti,
1060 4538 1201 4604 ‹qtrutenus
1230 4530 1353 4589 Vestrae

169 4630 365 4693 Patamitates
388 4651 447 4692 nou
469 4640 527 4692 tam
550 4635 587 4692 ue
609 4631 687 4693 facili
709 4633 816 4693 talibus
842 4633 952 4693 uocatis
985 4630 1042 4691 tide
1066 4631 1160 4704 dignis
1192 4631 1284 4689 velient
1298 4646 1360 4690 ere-
