2992 5258
292 421 333 473 Ab
356 416 465 488 Zbynco
483 419 596 490 ajunqrm
613 420 703 476 clerus
719 418 904 475 Alexandrum
922 434 1020 490 papam
1037 427 1193 490 agnoscunt.
1277 423 1338 492 373

140 630 173 692 et
194 624 348 690 exhibent
362 641 432 689 cum
448 621 578 689 effectu:
595 622 666 688 ideo
682 641 740 689 nos
757 629 945 705 reputantes
960 642 1133 705 congruum
1149 634 1183 693 et
1198 627 1336 710 dignum,

140 731 176 790 ut
190 725 276 807 quod
290 742 349 806 per
359 725 511 808 majorem
526 729 648 807 partem
663 722 780 791 factum
808 724 926 803 existit,
948 726 1051 791 minor
1073 725 1206 794 firmiter
1222 728 1337 796 debeat

139 832 253 891 tenere
286 832 319 891 et
351 825 539 903 observare,
576 823 756 907 habitisque
784 825 974 890 tractatibus
1001 833 1034 892 et
1057 828 1187 895 consitio
1208 832 1337 913 majoris

139 925 214 1010 (aie)
236 945 307 993 cum
329 927 468 1010 capitulo
490 933 524 990 at
539 925 657 991 nostris
679 925 870 1007 suffraganis
896 944 933 991 ac
955 929 1114 994 nonnullis
1136 932 1288 1013 praelatis
1304 939 1338 998 et

138 1027 404 1097 universitatibus
438 1025 615 1092 studiorum
649 1032 682 1091 et
702 1025 741 1090 N.
763 1027 973 1108 plebanorum
995 1030 1134 1096 civitatis
1156 1033 1336 1117 Pragensis

139 1130 318 1214 praefatum
349 1129 388 1193 D.
421 1125 635 1192 Alexandrum
668 1131 799 1192 nostrae
833 1126 987 1194 ecclesiae
1021 1131 1336 1213 P1·agensis,nostri

138 1231 281 1315 capituli,
295 1228 557 1312 suffraganorum,
578 1227 802 1311 praelatorum,
824 1229 1068 1297 universitatum
1080 1241 1114 1299 et
1128 1233 1337 1318 plebanorum

137 1353 176 1401 ac
197 1332 379 1417 provinciae
401 1328 510 1415 populi
533 1330 659 1395 nomine
682 1335 714 1394 et
736 1348 806 1395 curn
828 1329 922 1396 dietis
944 1331 1081 1399 dominis
1104 1334 1221 1400 ibidem
1243 1355 1334 1420 prae·

139 1434 285 1501 sentibus
313 1432 506 1499 unanimiter
532 1430 565 1495 in
587 1448 700 1514 papam
723 1435 756 1495 et
778 1449 931 1496 summurn
955 1432 1136 1515 pontificem
1158 1438 1337 1520 recepturis

140 1535 213 1621 (aie)
236 1542 268 1602 at
290 1534 469 1617 recepimus
492 1551 551 1616 per
566 1539 768 1615 praesentet,
792 1534 1031 1616 praemissoque
1054 1537 1156 1619 pulsu,
1178 1539 1223 1603 Te
1235 1539 1336 1603 Deum

139 1637 303 1703 laudamus
336 1654 406 1702 cum
427 1634 524 1701 missa
545 1633 585 1698 do
614 1639 725 1700 sancta
747 1633 892 1699 trinitate
915 1635 956 1700 ad
978 1634 1103 1702 laudem
1127 1637 1179 1704 dei
1195 1641 1336 1724 omnipo·

139 1739 235 1804 tentis
258 1737 443 1803 solemniter
464 1754 523 1818 per
538 1734 703 1800 universas
730 1735 881 1800 eeclesias
904 1743 937 1801 et
952 1738 1147 1803 monasteria
1161 1739 1193 1804 in
1207 1741 1336 1808 civitate

141 1840 292 1922 Pragensi
327 1843 417 1904 certa
448 1837 527 1902 hora
560 1842 593 1900 et
626 1834 677 1900 die
704 1835 875 1902 decantare
902 1835 1033 1902 fecimus
1055 1847 1088 1903 et
1109 1839 1334 1907 mandavimus.

142 1941 293 2007 Veientes
326 1945 362 2005 ut
393 1956 450 2003 vos
472 1937 589 2003 domini
612 1936 788 2019 supradicti
816 1957 850 2003 se
873 1942 1123 2022 praenominatis
1146 1942 1281 2009 dominis
1303 1944 1335 2010 in

140 2042 267 2107 civitate
282 2040 436 2121 Pragensi
457 2038 701 2117 conformantes
724 2056 797 2103 mox
819 2046 893 2121 post
914 2040 1161 2108 insinuationem
1185 2063 1336 2127 praesen·

140 2143 216 2208 bom
237 2141 283 2208 Ta
310 2141 412 2207 Deum
434 2138 599 2205 laudamus
615 2145 648 2204 et
670 2139 854 2222 supradicta
876 2141 973 2208 missa
995 2141 1036 2207 de
1057 2151 1168 2210 sancta
1190 2146 1336 2212 trinitate
1414 2134 1418 2147 '

141 2243 232 2310 modo
265 2244 441 2326 praemisso
473 2239 664 2320 decantatis
699 2259 756 2323 pro
790 2242 874 2309 dicto
907 2243 946 2307 D.
968 2243 1148 2310 Alexandro
1171 2245 1200 2311 V
1222 2253 1255 2312 et
1276 2266 1335 2331 pro

140 2364 226 2411 sermo
247 2346 285 2410 Ι).
319 2343 357 2408 Ν.
390 2343 603 2407 Romanorum
636 2360 673 2406 ac
701 2341 870 2408 Bohemiae
893 2362 970 2424 rege
992 2344 1200 2420 Wenceslao,
1223 2366 1333 2431 supra·

140 2446 255 2513 dictum
287 2445 326 2509 D.
360 2443 573 2518 Alexandrum
601 2460 660 2524 pro
686 2461 769 2525 papa
791 2450 824 2508 et
846 2462 967 2509 summo
991 2445 1140 2528 pontifice
1163 2446 1202 2513 de
1225 2454 1334 2515 cetero

141 2553 170 2612 et
203 2547 333 2612 inantea
354 2543 500 2610 habeatis
523 2549 556 2608 et
577 2543 732 2621 teneatis,
764 2561 802 2609 ac
824 2563 882 2626 per
904 2551 1028 2610 vestros
1051 2545 1196 2613 subditos
1219 2550 1334 2615 vestris

139 2647 167 2712 in
182 2645 460 2713 exhortationibus
472 2644 591 2709 habere
614 2649 646 2708 et
667 2649 780 2709 tenere
795 2645 973 2712 omnimode
989 2646 1122 2728 faciatis,
1145 2654 1242 2731 prout
1257 2667 1336 2733 poe·

140 2746 239 2832 na(m)
256 2744 589 2812 excommunicationis
606 2749 639 2808 et
664 2743 743 2809 alias
765 2750 877 2811 contra
899 2746 1036 2813 rebelles
1059 2753 1092 2812 et
1113 2748 1334 2818 inobedientes

138 2847 166 2914 in
189 2849 277 2914 dioto
299 2847 432 2914 concilio
456 2845 672 2929 promulgatas
692 2846 857 2913 volueritis
879 2849 1010 2916 evitare.
1033 2850 1187 2916 Volumus
1217 2859 1333 2935 autem,

136 2949 220 3030 quod
246 2966 304 3015 vos
326 2947 444 3014 domini
466 2945 681 3012 archidiaconi
703 2946 936 3029 Bechinenses‚
970 2950 1150 3032 hujusmodi
1173 2950 1270 3018 litera
1283 2972 1333 3020 re-

135 3057 243 3134 cepta,
270 3050 371 3132 ipsam
393 3067 453 3130 per
474 3048 611 3113 decanos
633 3047 732 3111 vestri
755 3049 1030 3116 arclridiaconatus
1051 3049 1230 3129 abbatibus,
1248 3053 1333 3135 prio·

129 3151 242 3231 ribus,
274 3149 467 3233 praepositis
501 3155 534 3213 et
556 3146 700 3230 plebanis
727 3149 872 3214 omnibns
894 3150 1036 3232 ejusdem
1057 3151 1332 3217 archidiaconatus

126 3251 255 3334 absque
283 3267 373 3316 mora
395 3257 428 3315 et
449 3248 601 3314 dilatione
622 3246 707 3314 iacta
728 3250 954 3317 convocatione
975 3250 1139 3317 insinnare
1161 3269 1231 3317 com
1258 3269 1331 3317 con·

124 3351 233 3418 tentis
266 3351 300 3417 in
332 3350 443 3417 eadem
475 3349 599 3414 faciatis
632 3354 665 3415 et
697 3351 874 3418 omnimode
901 3351 1087 3434 disponatis.
1116 3349 1188 3417 Dat.
1210 3353 1332 3435 Pragae

119 3464 217 3517 anno
239 3449 322 3516 dom.
344 3447 555 3528 Mccomx‘),
581 3447 634 3514 die
657 3451 797 3518 secunda
819 3453 938 3519 mensis
960 3451 1166 3535 Septembris.
