2992 5258
148 396 211 457 344
391 390 595 444 controversiae
614 388 648 443 de
665 388 797 456 religione
815 387 843 441 io
860 386 1009 441 Bohemia:
1030 386 1110 441 lrou:

149 599 239 669 tore,
273 592 388 658 devoto
421 598 532 657 nostro
556 591 690 672 dilecto,
723 591 840 657 vestris
870 597 934 656 tam
956 591 1059 656 literis
1081 608 1175 672 quam
1198 589 1356 655 relatibus

150 694 294 773 curiosis,
317 692 485 758 confestim
501 693 643 758 illustres
659 698 817 758 terrarum
834 699 1016 757 nostrarum
1042 692 1164 757 Slesiae
1179 691 1353 774 principes,

149 793 402 874 consanguineos
425 800 570 872 nostros,
605 801 794 875 ceterosque
817 793 907 874 regni
929 793 1100 859 Bohemiae
1123 793 1293 876 episcopos
1321 799 1355 857 et

149 895 310 976 praelatos
343 892 383 957 ad
416 911 473 957 nos
506 894 744 970 accersivimus,
780 912 850 957 cum
874 893 991 957 eisdem
1019 893 1059 959 de
1082 894 1199 959 unione
1221 899 1354 960 sauctae

148 995 258 1059 matris
293 994 446 1059 ccclesiae
481 994 645 1060 salutifera
678 994 811 1058 consilia
843 994 962 1058 lnitnri.
997 994 1085 1059 Freti
1107 994 1215 1074 itaque
1238 1010 1353 1059 eorum

148 1102 272 1161 mature
295 1094 428 1175 digestis
451 1094 600 1172 consiliis,
624 1099 720 1175 prout
744 1094 885 1175 ipsorum
907 1094 1028 1175 scripta
1050 1093 1233 1171 dilucidant
1257 1094 1353 1176 juxta

150 1196 333 1260 suasionum
356 1201 534 1260 vestrarum
557 1195 775 1274 hortamenta,
799 1194 838 1259 ad
859 1195 1003 1275 generale
1025 1193 1191 1257 concilium
1214 1213 1272 1278 per
1297 1213 1354 1260 vos

149 1315 246 1378 super
260 1296 342 1361 festo
355 1296 615 1361 AnnuntIationiS
627 1296 787 1376 gloriosae
799 1296 931 1377 vlrginis
946 1296 1067 1361 Mariae
1081 1295 1187 1376 (1409,
1194 1299 1235 1361 25
1242 1296 1355 1376 Mart.)

149 1398 181 1461 ln
203 1397 328 1459 deitate
349 1396 478 1459 Picano
500 1397 643 1478 proxime
666 1402 800 1461 venturo
824 1396 981 1461 celebrari
1001 1395 1166 1475 iudictum,
1188 1395 1354 1462 solemnes

149 1497 399 1564 ambasciatores
414 1497 455 1561 de
469 1494 625 1576 sanguine
642 1494 713 1578 (sic)
730 1503 842 1562 nostro
858 1496 1059 1562 decernimus
1075 1497 1356 1563 transmittendos.

250 1597 313 1681 (ltu
336 1606 457 1677 tamen,
493 1593 577 1677 quod
613 1597 883 1663 eminentissimae
912 1599 1005 1662 Patten
1029 1598 1097 1662 V¹⁸e
1123 1597 1357 1665 celsitudinem

149 1699 299 1764 Nostrum
321 1698 380 1777 sub
402 1698 587 1780 patentibus
611 1699 722 1778 literis,
746 1699 859 1782 sigIIIIs
882 1700 1019 1764 omnium
1042 1699 1111 1764 DI).
1136 1698 1356 1766 cardinalium

150 1799 189 1865 de
205 1799 453 1880 congregatione
469 1807 578 1863 vestra
593 1800 678 1865 circa
699 1819 754 1865 eas
769 1801 929 1882 appensis,
951 1806 1025 1865 ante
1048 1801 1152 1866 omnia
1164 1817 1360 1866 assecurare

150 1900 287 1966 debeant
310 1899 411 1965 solida
432 1898 596 1979 firmitate,
632 1902 716 1983 quod
739 1901 867 1967 eosdem
890 1902 1137 1967 ambasciatores
1160 1908 1292 1968 nostros
1314 1900 1357 1967 ad

149 2000 316 2067 concilium
355 2001 505 2082 generale
545 2000 744 2082 praedictum
777 2004 943 2067 venientes
973 2002 1125 2068 decenter
1159 2001 1358 2084 suscipietis,

149 2101 315 2167 caritativo
338 2100 586 2182 pertractabitis
609 2120 645 2166 ac
667 2103 745 2183 ipsis
769 2112 927 2183 tamqnam
950 2103 1016 2167 veri
1040 2110 1072 2168 et
1091 2104 1170 2185 justi
1193 2103 1358 2168 llomano·

151 2219 220 2265 rum
253 2207 286 2266 et
319 2200 490 2265 Bohemiae
524 2202 609 2281 regis
632 2203 914 2268 ambasciatoribus
937 2204 1039 2268 locum
1063 2203 1272 2284 deputabitis,
1295 2222 1358 2269 nec

150 2319 214 2369 nou
239 2318 309 2364 cum
334 2299 466 2366 consilio
490 2307 522 2365 et
544 2301 679 2367 scientia
694 2303 835 2384 ipsorum
858 2303 983 2384 SIngula
1005 2311 1069 2368 tam
1092 2309 1222 2368 eunome
1238 2303 1358 2370 Roma·

152 2420 211 2467 nae
229 2401 393 2482 ecclesiae,
416 2420 508 2482 quam
532 2407 643 2467 nostra
658 2408 691 2467 et
713 2403 837 2485 imperii
860 2404 941 2469 sacri
964 2403 1094 2483 negotia
1115 2401 1256 2468 fideliter
1271 2411 1358 2471 truc·

151 2501 270 2582 tabitis
293 2506 494 2585 tractataque
517 2503 737 2586 concludetis.)

250 2602 316 2667 Nos
339 2603 422 2667 enim
444 2605 536 2668 Pattes
559 2603 625 2667 pm
646 2605 678 2668 in
701 2605 761 2671 hoc
775 2605 879 2670 fausto
902 2606 1066 2687 proposito
1086 2604 1179 2687 juxta
1201 2604 1358 2672 desiderii

150 2702 251 2766 vestri
273 2708 356 2781 vota
379 2708 538 2784 tamquam
561 2705 773 2771 Romanorum
797 2712 830 2770 et
851 2704 1023 2770 Bohemiae
1045 2723 1111 2785 rex,
1134 2707 1221 2771 omni
1241 2714 1358 2773 nostru

151 2802 334 2868 obedientia
349 2809 382 2868 et
400 2805 544 2884 potentia
559 2807 722 2887 reciproce
738 2806 891 2871 assistere
906 2806 1051 2871 volumus
1067 2807 1136 2871 sine
1158 2806 1241 2887 dolo,
1258 2816 1358 2890 prout

151 2921 248 2985 super
275 2903 325 2968 his
354 2904 548 2970 honorabilis
578 2907 731 2987 magister
751 2907 893 2973 Ioannes
916 2906 1092 2972 Cardinalis
1114 2906 1154 2973 de
1176 2907 1356 2985 Reinsteim

151 3003 316 3069 familiaris
344 3004 479 3070 devotus
507 3005 609 3072 fidelis
637 3007 787 3087 dilectus
816 3009 911 3073 Pattel
940 3009 1006 3073 V¹⁸⁸
1034 3009 1129 3073 latius
1156 3008 1355 3075 informabit:

152 3105 202 3171 cni
225 3104 257 3169 in
280 3105 458 3171 referendis
473 3107 653 3189 hujusmodi
669 3106 762 3173 fidem
785 3116 896 3173 nostro
918 3110 1045 3173 nomme
1068 3107 1175 3175 velius
1191 3109 1356 3176 credulum

151 3205 320 3285 adhibere,
348 3207 541 3287 singularem
563 3209 656 3273 nobis
678 3209 710 3273 in
733 3229 770 3274 eo
798 3209 1060 3290 complacentiam
1083 3211 1256 3275 ostensuri.

250 3306 323 3373 Dat
348 3307 578 3388 Wratislaviae,
603 3309 654 3374 die
677 3309 782 3374 XXIV
806 3310 1003 3390 Novembris,
1031 3329 1204 3392 regnorum
1225 3320 1354 3378 nostro·

151 3426 222 3472 rum
244 3427 327 3473 anno
350 3408 523 3474 Bohemiae
546 3410 657 3490 XLVI,
683 3410 896 3475 Romanorum
923 3429 998 3477 vero
1022 3411 1169 3477 XXXIII.

352 3509 560 3576 wenceslaus
582 3510 633 3574 dei
656 3512 760 3590 gratIa
785 3512 997 3577 Romanorum
1022 3530 1080 3577 ren
1102 3529 1230 3594 semper
1246 3515 1353 3594 Augu·

435 3614 504 3674 stus
527 3615 560 3675 et
581 3610 752 3676 Bohemiae
775 3630 840 3676 rex.

777 3712 825 3776 Ad
847 3712 1029 3778 mandatum
1052 3712 1088 3776 D.
1112 3713 1225 3794 Regis:

693 3812 866 3879 Jacobinus
894 3813 1103 3880 cancellarius
1126 3815 1308 3896 Prugensis.
