2992 5258
413 416 469 467 114,
493 413 600 468 Relatio
618 413 651 467 de
669 427 755 482 papae
773 414 881 467 Mardoi
902 415 925 464 v
943 413 1082 466 electione.
1282 410 1345 474 667

151 623 261 700 posset
278 617 400 683 bebere
421 633 603 698 regressum
624 622 658 681 et
680 616 720 681 dc
741 633 823 685 noso
845 616 976 698 eligere,
999 622 1032 680 et
1047 614 1163 680 electio
1180 611 1344 695 praedicta

149 735 214 783 non
235 716 369 783 deberet
389 716 558 798 suffragari
580 717 674 783 elicui
697 718 881 796 electorum,
904 717 965 780 nisi
987 715 1027 780 de
1049 732 1131 780 novo
1154 714 1338 794 eligeretur.

150 818 193 885 lit
214 819 261 884 sic
281 826 375 884 nocte
397 818 642 900 superveniente
665 816 744 882 abiit
765 818 898 899 quisquc
919 818 952 881 in
974 815 1171 885 commodum
1193 832 1294 878 suem.

248 918 344 985 Mane
365 926 471 985 autem
492 919 576 985 iacto
588 919 640 998 (ll
656 917 748 998 Noni
776 918 977 985 innovarunt
987 918 1140 1000 capellam
1166 914 1340 990 electionis,

148 1019 350 1086 celebrantes
371 1021 493 1100 missas,
514 1020 629 1102 quibus
647 1018 777 1084 devotio
799 1017 904 1098 adcit3
931 1019 989 1083 sed
1010 1017 1193 1101 specialiter
1215 1015 1341 1080 nomine

149 1120 363 1186 solemnitatis
385 1120 422 1186 D.
445 1120 632 1187 Patrimche
652 1120 868 1185 Antiochanus
887 1120 995 1185 tenuit
1016 1137 1110 1183 ursam
1124 1118 1251 1183 missam
1274 1133 1345 1197 spe·

149 1221 263 1287 cialem
284 1240 344 1304 pro
366 1238 487 1287 summa
507 1222 613 1301 missa,
636 1221 822 1302 quaeriritis
842 1238 905 1286 uon
926 1219 1115 1299 initaudita,
1140 1217 1196 1282 sed
1222 1216 1343 1281 directe

152 1321 322 1389 conformis
348 1330 382 1388 et
407 1323 615 1405 appropriata
640 1338 698 1404 pra
725 1322 928 1388 invocatione
958 1321 1009 1386 dei
1043 1317 1279 1401 omnipotentis,
1312 1320 1348 1378 ut

147 1429 316 1490 «certaret
341 1423 591 1506 indignationem
619 1440 708 1489 suam
732 1429 771 1489 et
801 1441 958 1506 praesens
993 1421 1180 1506 pestiferum
1208 1417 1344 1484 schisma

151 1529 187 1590 et
196 1524 412 1589 inveteratum
434 1525 566 1590 anobis
587 1525 727 1605 tolleret,
749 1527 875 1591 unicum
896 1532 1059 1608 pastorem
1080 1541 1157 1589 suae
1185 1517 1344 1601 majestati

151 1624 402 1706 complacibilem
423 1630 456 1689 et
476 1625 506 1691 d
529 1625 619 1690 Rom.
636 1626 792 1695 ecclesiae
813 1627 965 1692 actubus
987 1623 1177 1709 uniuersalis
1190 1618 1343 1686 ecclesiae

151 1724 309 1790 umentem
330 1725 576 1804 gubernatorem
598 1743 656 1791 seu
685 1733 843 1792 rectorem
874 1744 932 1792 sara
955 1725 1099 1808 piissima
1128 1716 1345 1786 misericordia

151 1825 374 1891 demonstrmu
395 1825 553 1906 dignetur,
576 1845 613 1890 ac
642 1827 740 1892 corda
768 1827 924 1905 indurata,
946 1844 1005 1891 sau
1034 1826 1200 1909 proprium
1228 1822 1345 1886 bonum

151 1926 364 2007 respicientia,
377 1932 510 2009 propter
519 1927 743 2009 naufragantes
756 1947 832 1993 suae
844 1929 962 1993 lumine
970 1928 1126 1993 claritatis
1140 1924 1342 1991 illuminaret.

150 2026 231 2091 Nam
252 2031 337 2104 tnnc,
360 2028 388 2091 si
410 2027 544 2108 quilibet
566 2028 712 2094 stetisset
731 2029 764 2093 in
786 2045 844 2093 suo
865 2035 940 2093 voto
961 2046 1019 2093 seu
1035 2027 1209 2109 proposito,
1232 2023 1345 2089 lamuel

149 2125 304 2191 mirabilis
327 2127 436 2194 dilatio
456 2127 549 2198 iacta
571 2128 725 2195 Dominus
748 2135 854 2194 autam
868 2128 964 2193 lesura
978 2127 1137 2207 Christus,
1153 2126 1266 2191 videns
1288 2142 1342 2189 nn·

152 2229 286 2293 viculum
308 2230 396 2294 Petri
410 2228 616 2297 fluctuantem
639 2237 673 2296 et
688 2232 841 2297 clamores
855 2231 1026 2296 multorum
1047 2227 1188 2295 cordium
1208 2227 1342 2291 claman-

150 2327 231 2393 tium
253 2329 286 2392 in
308 2330 450 2396 summis:
474 2331 510 2409 0,
533 2349 561 2411 o,
584 2337 619 2397 ut
641 2332 717 2413 quid
738 2349 796 2397 nos
815 2331 1041 2412 dereliquisti?
1062 2330 1141 2394 Nam
1162 2329 1213 2393 his
1244 2325 1346 2391 tribus
1463 2320 1467 2327 ’

154 2427 268 2494 diebus
290 2430 566 2512 praecedentibus,
590 2439 624 2498 et
645 2432 707 2499 isto
730 2433 929 2500 sanctissimo
951 2432 1003 2498 die
1026 2432 1055 2498 S.
1077 2430 1216 2507 Martini,
1244 2427 1346 2493 laeua

152 2529 284 2596 luerunt
305 2532 526 2613 processiones
547 2533 663 2599 aolero
678 2533 915 2603 comesione
929 2532 1039 2615 eisque
1058 2529 1233 2608 associatis,
1256 2525 1345 2608 quasi

148 2630 326 2697 omvasali
347 2632 433 2698 clero
455 2635 650 2701 sacrosancti
671 2635 806 2714 concilii,
828 2637 1012 2702 invocantes
1034 2633 1180 2716 spiritum
1202 2632 1345 2694 sanctum

153 2750 214 2816 pro
236 2734 405 2800 concordia
426 2740 459 2801 et
474 2735 621 2801 uniformi
636 2735 792 2802 electione
816 2738 928 2802 summi
951 2735 1118 2819 pontificis.
1133 2730 1273 2798 Tandem
1295 2729 1346 2793 die

154 2832 454 2901 mauronianus
480 2853 581 2918 prope
611 2837 760 2903 conclave
789 2856 858 2903 cum
888 2836 1030 2919 reliquiis
1056 2840 1238 2901 sanctorum
1260 2837 1294 2896 et
1314 2830 1347 2895 in

154 2937 359 3018 processione
391 2944 559 3002 cantantes
596 2938 676 3004 Veni
711 2946 821 3005 sancto
853 2939 994 3021 spirituc,
1028 2936 1144 3003 domini
1191 2934 1346 2998 electores

154 3038 331 3103 ambientes
360 3036 392 3100 in
422 3037 562 3102 conclavi
591 3037 680 3105 denis
703 3040 836 3120 genibus
858 3039 1060 3122 procidentes
1085 3041 1257 3103 oraverunt
1278 3052 1349 3098 cum

154 3154 269 3217 magna
299 3137 469 3204 &rodone
491 3144 524 3202 et
544 3138 683 3203 veridice
705 3139 794 3220 quasi
816 3137 1007 3203 lacrimando
1036 3136 1223 3217 sinceroque
1251 3130 1346 3200 corde

153 3237 341 3303 invocantes
363 3240 498 3319 gratiam
520 3239 581 3319 dei,
604 3239 792 3321 demumque
814 3239 916 3304 sancti
938 3238 1077 3321 spiritus,
1100 3236 1244 3302 dicentes
1266 3233 1348 3299 Veni

155 3343 283 3403 creator
304 3339 435 3424 spiritus
458 3358 528 3405 cum
550 3359 644 3407 versu
662 3339 701 3405 ¹at
723 3340 863 3407 collecta
888 3341 1065 3407 Voluerunt
1087 3346 1193 3403 autem
1220 3338 1347 3421 quidum

155 3456 195 3503 ex
217 3438 388 3520 praedictis
411 3441 612 3520 electoribus,
634 3449 670 3504 ut
685 3440 749 3506 ulta
770 3458 847 3506 voce
863 3446 1054 3520 cantassent,
1070 3439 1126 3506 sed
1141 3439 1194 3507 alii
1216 3440 1248 3503 in
1273 3456 1348 3504 con·

156 3539 289 3604 tranium
312 3556 350 3603 ex
373 3559 421 3620 eo,
444 3541 528 3622 quod
549 3542 589 3607 ab
612 3550 702 3607 extra
724 3542 898 3608 existentes
922 3541 1134 3608 credidissent
1157 3541 1345 3605 electionem

155 3640 278 3719 iactam,
302 3641 402 3707 etsie
423 3641 535 3708 luisset
549 3641 651 3708 lactus
666 3643 810 3725 aliqualis
826 3661 941 3722 rumor,
966 3662 1005 3709 ex
1028 3661 1064 3708 eo
1091 3640 1249 3707 submisse
1270 3659 1348 3706 voce

155 3746 336 3808 oraverunt.
353 3743 473 3820 Quibus
495 3749 531 3807 ut
552 3744 598 3808 sic
620 3742 734 3808 devote
749 3744 781 3808 in
806 3745 945 3810 conclavi
961 3745 1124 3809 orantibus
1147 3750 1180 3808 et
1202 3743 1287 3807 clero
1309 3740 1348 3805 ab

158 3850 249 3908 extra
271 3847 428 3921 cantante,
444 3841 552 3909 audita
566 3843 627 3908 luit
641 3860 700 3925 vor
723 3844 807 3909 inter
823 3845 979 3910 electores
1000 3846 1032 3909 in
1049 3843 1178 3925 capella,
1201 3860 1238 3908 ac
1265 3842 1293 3906 si
1314 3841 1348 3906 in

157 3941 261 4008 medio
282 3961 392 4007 eorum
408 3951 516 4009 essent
527 3944 660 4026 juvenes
676 3950 840 4010 cantantes
856 3946 1039 4011 dulcissimo
1055 3963 1132 4010 sono
1152 3961 1189 4009 ac
1204 3942 1347 4019 melodia,
1433 4010 1446 4021 ,

157 4043 202 4108 sic
225 4051 260 4108 ut
282 4043 416 4123 quilibet
437 4045 777 4110 existensinoratione
800 4046 1027 4128 retrospiciens
1048 4051 1177 4128 putaret
1198 4061 1253 4109 ecs
1275 4060 1347 4109 esse

155 4149 364 4225 praesentes;
387 4143 443 4208 sed
465 4147 623 4210 neminem
652 4144 808 4217 viderunt.
833 4153 865 4211 et
895 4164 953 4228 per
975 4146 1033 4211 boc
1064 4153 1098 4211 ut
1121 4145 1290 4227 plurimum
1313 4146 1346 4210 in

155 4261 299 4324 magnam
321 4243 522 4310 devotionem
544 4244 638 4309 ducti.

256 4344 426 4409 Orationes
448 4363 525 4409 vcro
547 4345 743 4427 complentes
764 4353 982 4427 surrexerunt,
1005 4348 1150 4412 volentes
1172 4347 1347 4429 procedere

154 4443 188 4509 in
205 4443 401 4510 electionem.
427 4445 612 4512 Praedictus
629 4446 667 4509 D.
680 4447 819 4512 lacobus
834 4447 874 4512 dc
889 4447 1028 4528 Camplo,
1043 4448 1096 4529 qui
1111 4447 1233 4529 aliquas
1256 4464 1348 4513 uoces

154 4542 274 4625 babuit,
300 4551 469 4627 antequam
492 4552 600 4611 essent
613 4547 708 4612 locati
730 4547 762 4611 in
777 4547 847 4613 loeo
862 4548 1002 4630 ipsorum
1021 4547 1112 4629 juxta
1126 4547 1257 4613 formam
1273 4567 1347 4614 con·

156 4649 289 4725 suetam,
319 4644 417 4712 dixit:
441 4647 558 4715 Omnes
587 4665 690 4722 voces,
713 4665 791 4729 quas
814 4666 873 4732 ego
895 4648 1006 4729 habeo,
1038 4648 1078 4714 do
1102 4649 1138 4713 D.
1162 4648 1285 4717 Oddoni
1308 4650 1347 4719 de
