2992 5258
361 403 402 457 74.
420 400 529 455 Litcrae
546 401 603 455 bar.
622 402 690 458 Boh.
708 409 736 457 et
754 402 823 456 Mor.
841 400 876 456 de
892 401 969 457 lluso
986 398 1135 456 liberando.
1281 403 1343 466 553

149 599 221 655 luter
247 616 383 672 pauperes
409 598 449 656 et'
462 601 559 657 divites
585 602 685 658 multus
712 609 755 656 est
780 618 886 671 sermo,
916 616 1014 670 papam
1040 608 1133 655 contm
1159 615 1222 655 suas
1249 601 1343 655 literas

150 685 303 754 bullasque,
330 693 423 740 contra
447 686 493 755 jus
519 686 667 755 legemque,
696 692 790 741 contra
815 685 896 739 iidem
922 685 1056 753 publicam
1082 700 1099 738 a
1121 684 1180 738 Tua
1197 685 1343 753 Majestatc

148 770 337 838 interpositam
360 771 446 839 egisse
471 777 498 825 et
514 771 552 824 M.
570 772 702 825 ,loannem
719 771 787 839 Hns,
812 770 905 837 virum,
929 770 950 823 si
975 768 1026 822 deo
1040 768 1138 836 placet,
1154 768 1267 835 justum,
1286 767 1344 822 sine

149 853 208 908 ulla
225 854 286 922 ejus
303 853 393 922 culpa,
411 868 493 908 caum
510 854 610 908 indicta
628 855 653 908 in
679 869 814 908 carcerem
831 853 996 922 conjecisse:
1016 869 1049 905 ex
1067 868 1121 920 quo
1138 867 1188 905 nos
1205 858 1343 919 totumque

149 952 264 1004 regnum
281 937 426 992 Bolremiae
444 952 476 991 ac
493 938 567 993 natio
584 938 730 993 Bohcmica
747 937 879 992 dedecore
897 942 978 1005 atquc
996 935 1142 1004 ignominia
1158 934 1298 989 allicimur.

250 1021 428 1089 Quamobrem
451 1022 525 1076 Tuae
543 1022 691 1090 MaJcstati,
717 1027 811 1090 utpote
833 1022 898 1089 regi,
922 1021 1071 1076 successori
1092 1019 1239 1088 heredique
1267 1018 1345 1086 regui

150 1105 307 1172 Bohemiac,
324 1104 431 1173 placeat
453 1122 523 1160 nuuc
539 1105 634 1159 saltem
652 1120 762 1174 operam
780 1104 854 1173 dare,
873 1106 1008 1174 (quoniam
1025 1104 1155 1158 haeretici
1172 1103 1256 1158 notati
1275 1103 1343 1157 Con-

151 1190 280 1245 stantiam
302 1205 319 1243 a
343 1190 471 1258 Gregorio
495 1195 522 1244 et
539 1188 685 1243 Benedicto
711 1190 785 1244 citati
804 1191 894 1258 quiete
917 1195 945 1244 et
962 1189 1107 1243 securitate
1124 1188 1166 1242 usi
1185 1193 1247 1242 suut
1263 1192 1345 1254 atque

152 1273 243 1329 adhuc
259 1280 381 1342 utuntur,
398 1289 470 1343 papa
487 1280 577 1328 autem
594 1273 688 1329 relicto
705 1274 742 1328 ibi
755 1274 883 1342 magistro
894 1274 999 1329 Joanne
1012 1272 1072 1327 Hus
1090 1272 1215 1326 discessit
1232 1275 1345 1339 eumque

151 1359 180 1413 iu
197 1357 256 1413 Tua
273 1363 409 1427 potestate
425 1358 553 1427 reliquit),
571 1365 601 1413 ut
618 1357 656 1412 Μ.
674 1358 700 1414 J.
718 1359 785 1427 Hus,
804 1358 849 1427 qni
868 1359 944 1414 nulla
961 1360 1041 1428 culpa
1058 1357 1200 1413 commissa
1209 1356 1267 1425 J‘am
1279 1355 1346 1410 satis

151 1443 237 1499 multa
262 1456 407 1512 perpessus
430 1450 513 1510 este
536 1457 645 1499 earcere
667 1444 808 1498 emittatur
829 1450 857 1498 et
880 1444 907 1497 in
932 1443 1084 1498 libertatern
1101 1442 1260 1509 vindicetur,
1279 1454 1346 1494 neve

152 1528 269 1598 amplius
297 1528 322 1581 vi
351 1529 503 1596 injuriaque
545 1535 687 1584 accusetur
720 1528 756 1582 ad
791 1528 979 1584 contumeliam
1008 1528 1232 1595 ignominiamque
1264 1524 1346 1579 totius

152 1613 272 1667 nationis
289 1612 458 1680 Bohemicae,
476 1612 575 1680 quippe
593 1628 673 1681 quem
690 1613 751 1667 Tua
767 1612 900 1681 Maiestas
917 1613 1039 1666 citaverit
1060 1611 1194 1678 fidemque
1212 1609 1346 1678 publicam

152 1697 178 1752 ei
196 1695 310 1750 dederit.
345 1694 422 1763 Quod
447 1696 497 1749 nisi
521 1695 576 1764 liet,
594 1698 669 1752 Tuae
687 1697 826 1765 Majestati
845 1703 873 1750 et
890 1698 939 1751 toti
957 1712 1040 1765 regno
1058 1696 1204 1751 Bohcmiae
1221 1709 1347 1762 magnum

152 1779 280 1834 damnum
298 1785 424 1833 nascetur
441 1794 475 1832 ex
493 1779 584 1847 iniqua
601 1786 629 1834 et
646 1780 747 1849 injusta
765 1780 888 1835 custodia
905 1780 953 1834 uiri
970 1779 1046 1848 justi,
1065 1795 1144 1848 quem
1157 1779 1213 1846 jam
1224 1778 1347 1832 audimus

150 1864 211 1918 Tua
235 1869 370 1932 potestate
396 1869 424 1917 et
447 1864 474 1917 in
490 1863 550 1917 Tua
576 1864 641 1918 urbe
668 1865 907 1933 comprehensum,
934 1879 1096 1933 quamquam
1122 1864 1148 1918 ei
1174 1863 1346 1919 securitatem

151 1947 323 2017 promisisses
345 1948 479 2016 iidemque
503 1948 638 2016 publicam
660 1948 795 2015 dedisses;
819 1932 963 2017 multisque
987 1963 1020 2002 ea
1042 1948 1095 2002 erit
1116 1961 1206 2013 causa
1225 1952 1255 1999 ut
1272 1945 1347 2000 Tuae

150 2031 307 2100 Majestatis
324 2030 387 2085 fidei
405 2031 529 2100 publicae
548 2032 681 2102 diffidant,
699 2033 769 2087 sicut
783 2033 840 2101 jam
859 2033 936 2087 multi
954 2032 987 2086 de
1005 2032 1103 2086 haere
1121 2038 1184 2086 suut
1200 2045 1347 2097 sermones,

151 2131 221 2184 quos
243 2115 277 2170 de
294 2117 353 2170 Tua
370 2115 515 2184 Maiestate
538 2133 634 2185 magno
657 2132 718 2172 curu
744 2117 836 2172 dolore
860 2124 951 2171 nostro
980 2116 1112 2171 andimus.
1163 2114 1239 2169 Haec
1256 2119 1347 2167 antem

151 2200 244 2255 omnia
260 2201 318 2254 Tua
335 2200 469 2268 Majestas
496 2200 576 2255 facile
600 2207 690 2269 potest
713 2200 857 2269 prohibere
880 2208 961 2270 atque
987 2200 1106 2266 efficere,
1130 2207 1160 2252 ut
1181 2198 1219 2253 M.
1236 2198 1261 2252 J.
1280 2196 1348 2263 ilus,

150 2285 198 2353 qui
216 2284 301 2340 libere
319 2299 352 2338 ex
370 2284 510 2339 voluntate
519 2286 579 2339 Tua
595 2286 665 2340 istuc
676 2285 839 2353 pervenerit,
852 2284 934 2339 etism
947 2285 1031 2339 libere
1044 2283 1079 2337 ad
1091 2298 1140 2336 nos
1151 2283 1178 2336 in
1191 2282 1348 2336 Bohemiam

151 2373 312 2436 revertatur,
329 2367 401 2436 quod
419 2368 597 2425 faceredecet
613 2369 756 2437 benignum
775 2375 803 2423 et
817 2368 923 2436 justum
940 2382 1031 2436 regem
1043 2382 1075 2421 ac
1086 2366 1230 2432 dominum,
1243 2366 1347 2419 ratione

150 2453 247 2508 habita
269 2453 384 2521 primum
407 2452 506 2506 domini
530 2454 574 2507 dei
598 2454 683 2508 nostri
705 2453 818 2521 ejusque
840 2453 960 2507 veritatis
983 2450 1133 2519 augendae,
1158 2448 1257 2504 deinde
1273 2450 1349 2503 Tuae

154 2533 245 2591 hmac
268 2537 398 2590 honestae
421 2543 449 2590 et
472 2537 547 2605 pacis
570 2537 732 2606 honorisque
750 2537 904 2604 Bohemiae,
927 2543 1009 2603 atque
1026 2535 1112 2590 nostri
1129 2549 1193 2601 erga
1210 2535 1249 2588 Te
1267 2532 1348 2587 studii

152 2636 261 2689 semper
278 2620 367 2675 fidelis
385 2627 413 2674 et
429 2621 580 2689 singularis.
615 2621 703 2676 Datne
721 2627 785 2675 sunt
801 2620 897 2675 literae
914 2620 1027 2689 Pragae,
1046 2635 1116 2673 anno
1133 2625 1197 2688 post
1214 2616 1348 2670 Christum

151 2711 247 2760 uatum
264 2705 407 2760 millesimo
425 2705 688 2773 quadringentesimo
712 2704 804 2774 quinto
831 2705 942 2771 decimo,
961 2704 1004 2758 die
1023 2703 1155 2759 dominico
1173 2701 1296 2772 proximo
1315 2699 1349 2753 ab

152 2788 313 2844 ascensione
329 2788 397 2843 Jesu
415 2788 527 2856 Christi3
547 2789 677 2857 signaque
695 2794 788 2843 nostra
805 2788 877 2842 infra
894 2786 1053 2842 addidimus.
