2992 5258
429 410 475 468 1v.
509 413 552 469 De
570 413 608 468 ld.
626 414 651 468 J.
669 414 728 469 llus
747 414 886 470 audientia
904 416 949 472 die
968 420 986 472 8
1003 419 1092 473 danii.
1294 420 1356 488 287

158 623 354 691 congregaret
374 617 404 676 in
432 634 519 676 unum
541 635 577 678 rc.
609 617 683 677 Item
705 619 744 677 de
770 621 961 697 poenitentia,
991 621 1178 682 distinetione
1208 624 1234 691 4,
1265 634 1355 693 qnae-

158 720 256 776 stione
282 717 356 791 ,hoc
378 721 477 790 erga,u
503 722 535 775 ut
555 720 587 776 in
608 716 692 787 libro,
714 735 806 791 usquc
829 721 860 777 in
883 718 971 778 finem
992 722 1122 794 capituli.

260 884 288 945 3.
303 879 401 942 Nulla
410 900 485 956 pars
499 885 638 943 ecclcsiae
652 886 689 942 eb
703 902 739 942 ee
751 885 882 957 finaliter
905 887 1023 957 cecidet,
1039 905 1071 946 co
1094 888 1172 962 quod
1187 886 1354 958 praedesti·

152 984 293 1042 nationis
312 983 431 1051 cordae,
454 1001 529 1056 quae
550 985 646 1056 absum
667 985 752 1058 liqut,
775 1003 835 1045 aon
860 988 977 1046 cecidit.
1001 984 1106 1067 (Οιη).0
1134 982 1198 1049 111⁰
1225 984 1279 1049 iol.
1302 1001 1355 1049 se·

155 1080 321 1160 cundum.)

260 1179 344 1245 Ecce
365 1180 412 1245 sic
433 1180 494 1245 isto
517 1181 609 1246 modo
632 1183 764 1263 ponitur
784 1183 817 1247 in
839 1184 964 1249 libello:

260 1282 309 1342 Sic
330 1290 521 1357 purgamenta
542 1285 699 1354 ecclesiae,
736 1286 850 1345 scilicet
878 1288 1032 1361 praesciti,
1064 1288 1228 1360 procedunt
1253 1304 1290 1346 ex
1312 1303 1357 1357 ea,

154 1398 221 1441 non
243 1388 343 1441 tamen
365 1389 450 1441 erant
473 1399 509 1441 ea
531 1400 567 1441 ea
588 1390 621 1442 ut
641 1391 757 1456 partes,
784 1402 848 1444 cam
869 1387 949 1445 nulla
970 1404 1039 1459 pars
1061 1390 1125 1461 ejrrs
1147 1387 1185 1446 ab
1206 1404 1242 1446 ea
1263 1386 1356 1445 finali·

153 1488 208 1541 ter
244 1483 374 1552 excidet,
406 1498 442 1539 eo
471 1484 547 1555 quod
573 1484 851 1555 praedestinationis
891 1487 1014 1557 caritas,
1047 1503 1121 1559 qnae
1158 1487 1253 1560 ipsum
1275 1487 1357 1561 ligat,

153 1600 219 1642 non
242 1582 364 1654 excidit,
397 1584 567 1657 (secundum
589 1586 755 1658 apostolum
775 1586 790 1645 I
812 1586 877 1644 Cor.
902 1578 978 1660 13⁰).
1020 1588 1061 1645 Et
1081 1586 1137 1645 hoc
1158 1586 1265 1658 probat
1284 1601 1356 1658 apo·

155 1684 255 1742 stolus
267 1682 463 1741 Romanorum
479 1685 497 1741 8
511 1684 625 1742 dicens:
650 1685 762 1743 Scimus
777 1691 881 1755 autern,
904 1687 1037 1759 quoniam
1060 1685 1248 1758 diligentibus
1269 1678 1361 1745 deuhi

155 1783 262 1841 omnis
291 1791 487 1855 cooperantur
517 1785 547 1841 in
580 1785 686 1842 bonum
708 1785 769 1859 his,
797 1786 846 1858 qui
886 1786 1045 1844 secundum
1067 1784 1264 1857 propositum,
1292 1783 1354 1846 scil

155 1882 453 1954 praedestinationis,
480 1885 577 1943 vocati
599 1892 665 1943 sunt
688 1886 781 1944 sancti
802 1901 838 1946 oe.
883 1886 962 1958 Quos
985 1885 1227 1958 praedestinavit,
1248 1884 1303 1943 hos
1324 1890 1356 1943 at

152 1985 283 2053 vocavit,
305 1999 377 2056 qnos
399 1985 520 2055 vocavit,
542 1984 597 2043 hos
624 1989 654 2042 ct
674 1982 858 2058 justificavit,
887 1991 917 2045 ct
938 1986 1085 2045 concludit
1110 2000 1164 2059 pro
1193 1983 1356 2057 praedesti·

155 2084 240 2142 natis
270 2099 306 2141 ex
339 2083 427 2156 longa
460 2084 635 2156 probatione
669 2083 781 2143 dicens:
814 2085 919 2143 Certus
942 2102 1019 2155 sum,
1053 2085 1129 2158 quod
1153 2099 1247 2157 nequa
1268 2100 1356 2154 mors,
1466 2150 1469 2155 ,

167 2199 263 2256 neque
286 2185 358 2252 sita,
387 2199 483 2256 neque
505 2183 614 2258 angeli,
635 2199 730 2256 neque
742 2185 938 2257 principatus,
961 2201 1015 2242 nec
1036 2185 1172 2258 virtutes,
1194 2200 1289 2257 neque
1310 2185 1354 2242 in·

161 2284 289 2354 stantia,
310 2282 528 2355 nequeiutura,
549 2283 795 2356 nequciormido,
818 2301 912 2358 neque
934 2283 1124 2357 profundum,
1152 2300 1247 2357 neque
1269 2300 1351 2342 crea·

155 2390 229 2440 tura
249 2383 309 2440 alia
340 2384 450 2456 poterit
478 2400 532 2442 nos
567 2400 705 2455 separare
727 2401 745 2442 a
767 2387 888 2443 caritate
916 2385 979 2454 dei,
1014 2400 1087 2458 (luae
1117 2390 1163 2442 est
1183 2385 1214 2441 iu
1236 2383 1352 2443 Christo

152 2485 234 2543 -lcsn
255 2483 372 2543 domino
394 2491 505 2543 nostro.
529 2484 608 2558 (Alia
629 2486 781 2556 potentin
803 2485 895 2556 libra,
925 2486 993 2558 quia
1013 2485 1059 2543 hic
1074 2484 1104 2543 in
1127 2482 1223 2541 multis
1250 2499 1351 2541 accur-

154 2585 223 2641 1ari
242 2588 366 2656 propter
387 2583 582 2660 brevitatem.)

261 2750 290 2809 4.
313 2748 572 2828 Procdcstinotos,
594 2768 654 2810 non
675 2751 800 2811 existens
820 2751 853 2810 in
872 2752 975 2825 pratia
994 2751 1155 2810 secundum
1169 2751 1355 2821 praesentem

131 2848 320 2924 justitiam,
344 2866 456 2922 seraper
486 2854 529 2908 est
548 2853 704 2909 rnenrbrum
725 2840 845 2909 astrictae
871 2852 1050 2910 universalia
1070 2850 1217 2910 ccclesiae.
1248 2849 1355 2920 Error,

162 2950 355 3024 inlellipcndo
377 2950 412 3009 de
434 2951 513 3009 omni
527 2952 758 3024 praedestinato.

262 3046 333 3111 Non
356 3047 402 3111 sic
422 3048 553 3128 ponitur
574 3048 607 3111 in
628 3049 720 3124 libro,
743 3047 800 3112 sed
822 3049 867 3113 sie
890 3052 976 3130 cap.⁰
996 3051 1016 3111 5
1046 3049 1130 3112 circa
1151 3045 1353 3129 principium,

154 3146 217 3211 ubi
237 3146 441 3211 declarantur
462 3147 596 3212 diversis
618 3148 719 3212 modis
741 3147 860 3212 diversi
883 3166 954 3211 esse
975 3148 1009 3211 in
1032 3146 1182 3211 ecclesia:

263 3249 364 3322 Aliqui
387 3255 454 3308 sunt
474 3252 504 3309 iu
527 3250 654 3310 ccclesia
676 3251 834 3309 secuudum
855 3247 942 3308 fidem
964 3248 1116 3308 informem
1143 3255 1174 3307 et
1194 3248 1353 3307 secundum

148 3350 474 3419 praedestinationem,
503 3355 535 3408 ut
556 3351 714 3411 Christiani
730 3350 1028 3424 praedestinatianae
1049 3350 1078 3407 in
1101 3347 1276 3418 criminibus,
1299 3347 1353 3407 sed

155 3449 200 3506 ad
221 3449 345 3522 gratiam
366 3451 514 3509 reversuri
534 3467 572 3510 oc.

262 3600 289 3658 5.
312 3597 425 3658 Nullus
444 3600 526 3659 locus
546 3600 700 3673 diynllatia
720 3601 765 3659 vel
785 3601 915 3660 irremote
929 3600 1027 3659 electio
1042 3599 1088 3659 ecl
1103 3599 1225 3673 aliquod
1238 3599 1354 3672 slpnum

155 3700 299 3758 ossibile
320 3700 398 3771 fucit
418 3701 574 3759 nrcmbrum
600 3703 720 3760 accolae
741 3702 879 3759 ccclesiae
905 3700 1065 3759 catholicae
1095 3694 1151 3780 (0⁰
1174 3698 1193 3761 5
1215 3695 1246 3760 ff.
1269 3697 1354 3762 circu

161 3795 280 3881 tinem).

262 3897 315 3964 Sic
337 3906 402 3964 stat
423 3900 456 3963 in
477 3899 575 3964 libro:

262 4001 303 4060 Et
323 4003 456 4076 argutiae
477 4003 643 4077 hujusmodi
664 4006 879 4076 cognoscentur
893 4000 1053 4075 pensando,
1075 3999 1144 4073 quid
1166 4006 1301 4059 estesse
1322 3995 1353 4057 in

122 4166 126 4171 ,
165 4101 288 4160 ecclesia
310 4103 430 4174 etquid
452 4119 519 4162 esse
541 4103 701 4162 membrum
721 4103 768 4161 vel
789 4109 903 4175 partem
924 4102 1084 4170 ecclesiae,
1118 4106 1148 4158 ct
1170 4098 1247 4172 ‹puod
1261 4114 1352 4156 mem·

160 4198 242 4259 brem
262 4201 410 4260 ecclesiae
425 4210 544 4262 sanctae
567 4203 729 4263 catholicae
753 4202 823 4261 iacit
843 4201 1085 4275 praedestinatio,
1108 4214 1183 4272 quae
1204 4204 1252 4257 est
1264 4213 1353 4272 prae·

165 4302 275 4372 paratio
296 4304 410 4375 gratiae
431 4306 461 4363 in
489 4307 640 4378 praesenti
672 4312 703 4366 et
729 4306 844 4380 gloriae
865 4305 896 4362 in
917 4302 1031 4373 futuro,
1062 4318 1122 4359 non
1153 4304 1251 4357 autem
1270 4299 1355 4359 locus

166 4399 314 4474 dignitatis
335 4404 383 4464 vel
404 4406 530 4465 humana
551 4406 667 4484 electio,
690 4406 736 4465 vel
758 4406 877 4479 aliquod
899 4406 1010 4477 signum
1031 4400 1182 4471 sensibile,
1204 4416 1268 4459 cum
1290 4400 1353 4459 dia·

166 4498 246 4562 bolus
268 4503 433 4577 scharioth,
455 4522 514 4565 non
537 4505 672 4567 obstante
702 4506 811 4566 Christi
833 4505 976 4565 electione
999 4508 1031 4561 et
1052 4499 1257 4560 carismatibus
1279 4507 1352 4560 tem·

169 4604 300 4670 poraueis
322 4606 359 4667 ad
381 4606 578 4679 apostolatum
599 4607 660 4669 sire
682 4607 883 4681 episcopatum
904 4605 962 4665 sibi
990 4602 1081 4674 datis,
1109 4599 1198 4662 etiam
1219 4618 1284 4662 cum
1303 4616 1355 4661 re-
