2992 5258
460 415 517 475 mo.
534 415 724 487 Magistrorom
741 418 812 475 univ.
830 417 907 489 l'rag.
926 418 1035 476 1111113.
1282 421 1344 487 655

149 618 183 685 11
212 619 366 700 decretis,
399 626 508 687 rector
543 629 716 703 coetusque
745 622 969 704 magistrorum
998 622 1126 687 adhoc
1156 622 1344 704 praesertim

151 727 335 786 vocatorum
363 721 582 789 uniuersitatis
611 723 709 788 studii
734 724 905 804 Pragensis
935 723 1106 789 unanimis:
1134 723 1281 802 salntem,
1313 731 1346 789 et

148 821 182 886 11
216 822 353 887 veritate
381 842 417 888 ac
446 821 507 888 fide
536 824 614 889 ι13311
644 823 778 904 Christi,
812 824 944 906 ejusque
974 830 1144 906 augmento
1177 831 1211 890 et
1242 825 1345 889 incre·

149 928 257 989 mento
282 923 411 988 uberius
433 925 625 1006 prosperari.

251 1024 332 1102 Quia
352 1025 501 1106 andquus
530 1026 585 1090 ille
619 1033 651 1092 et
681 1026 813 1091 callidus
836 1024 964 1091 humani
985 1025 1111 1108 generis
1134 1026 1251 1105 hostis,
1285 1026 1346 1091 etsi

150 1122 263 1190 fideles
283 1125 489 1192 Christicolas
511 1126 552 1193 ab
575 1127 642 1209 ejus
665 1129 773 1209 agnita
795 1126 931 1192 veritate
954 1127 1076 1209 patenti
1100 1126 1224 1204 legibus
1245 1126 1346 1208 ipsius

150 1226 383 1307 repugnatione
423 1245 486 1292 non
514 1228 600 1292 valet
627 1227 804 1308 abducere,
838 1226 878 1292 ad
913 1227 972 1292 hoc
1002 1233 1106 1292 tamen
1140 1227 1243 1310 ipsum
1272 1246 1347 1310 ope-

151 1344 219 1391 ram
249 1327 406 1409 impendit
434 1328 637 1410 peruigilem.
663 1335 706 1394 ut
732 1328 782 1392 vel
811 1328 870 1392 sub
901 1334 1071 1410 praetextu
1094 1328 1224 1409 pietatis
1253 1346 1347 1408 quos-

152 1424 223 1491 dam
252 1427 293 1491 ad
331 1435 524 1494 contemtum
561 1437 595 1495 et
622 1428 828 1512 vilipendium
858 1426 963 1492 forsan
992 1445 1101 1492 eorum
1131 1428 1234 1510 possit
1255 1428 1347 1492 indu·

154 1544 258 1607 cere,
277 1546 315 1592 ex
349 1529 463 1610 quibus
497 1531 640 1595 caritatis
674 1529 834 1595 iratemae
863 1528 1029 1593 dissidium
1058 1535 1092 1593 et
1118 1528 1243 1592 demum
1266 1529 1346 1611 legis

152 1626 253 1711 ipsius
276 1634 471 1695 contemtum
504 1631 609 1696 valeat
631 1648 813 1712 procurare.
855 1630 947 1709 Sane,
981 1629 1065 1710 quod
1087 1629 1180 1694 nimis
1202 1629 1349 1696 dolenter

152 1727 339 1809 referimus,
367 1730 407 1795 ad
429 1730 623 1799 audientiam
649 1732 750 1797 nostri
781 1731 902 1797 crebris
925 1730 1080 1796 relatibus
1104 1737 1136 1795 et
1158 1732 1347 1798 clamoribus

153 1828 278 1895 iteratis
310 1838 360 1895 est
388 1830 574 1913 deductum,
604 1831 761 1914 quomodo
790 1831 934 1896 nonnulli
955 1831 1154 1896 diversarum
1175 1831 1346 1896 communi-

153 1935 255 1996 tatum
284 1947 323 1994 en
351 1948 486 1998 erronea
515 1939 549 1999 et
581 1933 737 1999 diabolica
769 1932 915 1999 doctrina
943 1933 976 1996 in
999 1932 1250 1999 destructionem
1271 1929 1345 1997 fidei

152 2047 191 2096 ac
215 2029 378 2112 religionis
411 2029 612 2097 Christianae
649 2037 771 2097 temere
806 2038 918 2100 tenent
946 2038 979 2096 31
1007 2038 1153 2099 astruere
1183 2039 1347 2112 conantur,

151 2147 216 2197 non
242 2149 314 2196 esse
339 2132 570 2214 purgatorium,
604 2137 638 2198 et
663 2138 898 2214 consequenter
930 2132 1015 2215 quod
1044 2152 1107 2198 non
1130 2135 1173 2199 sit
1194 2132 1348 2198 orandum

152 2229 204 2295 uel
226 2232 505 2315 elemosynandum
526 2253 584 2315 pro
607 2232 775 2308 defunctis,
798 2233 945 2316 quodque
972 2253 1036 2300 non
1058 2234 1123 2300 sint
1143 2233 1300 2300 tenendae
1315 2233 1348 2298 in

153 2332 289 2397 ecclesia
310 2334 480 2415 imagines,
503 2335 565 2400 imo
588 2342 624 2399 ut
645 2341 810 2412 asserunt,
833 2335 974 2415 quamuis
997 2334 1092 2416 false,
1124 2333 1207 2417 quod
1229 2336 1347 2400 habere

154 2431 273 2499 Christi
297 2440 330 2499 et
352 2444 535 2501 sanctorum
557 2436 711 2517 imagines
726 2436 789 2515 legi
812 2435 862 2500 dei
887 2443 1095 2518 repugnaret;
1119 2436 1250 2518 insuper
1266 2434 1349 2517 quod

152 2533 394 2602 benedictiones
411 2537 487 2602 salis
509 2544 543 2602 et
558 2556 667 2618 aquae,
691 2536 788 2601 loutis
804 2536 985 2618 baptisterii
1010 2543 1042 2601 et
1057 2536 1169 2601 diebus
1184 2536 1349 2601 dominicis

153 2631 272 2699 dudum
294 2641 402 2703 tentae
426 2642 459 2701 et
479 2638 512 2702 in
535 2643 603 2703 toto
635 2636 885 2702 Christianitatis
908 2637 986 2702 orbe
1010 2655 1079 2701 cum
1101 2637 1172 2703 aliis
1195 2636 1349 2702 eeclesiae

152 2733 428 2801 benedictionibus
457 2757 516 2818 per
549 2746 676 2802 sauctus
710 2744 819 2820 patres
853 2745 886 2802 et
918 2739 1103 2819 religionem
1135 2738 1345 2803 Christianam

154 2835 314 2901 roboratis
336 2841 370 2904 et
391 2838 585 2920 approbatis,
608 2856 751 2903 errorem
766 2845 919 2919 superent
938 2838 1030 2920 juxta
1051 2839 1194 2920 ipsorum
1216 2839 1345 2917 somnia,

154 2936 297 3016 quamvis
325 2937 420 3018 laiss,
451 2938 563 3004 exhinc
591 2938 662 3003 illas
694 2957 764 3003 cum
792 2938 863 3002 aliis
896 2938 1108 3003 laudabilibus
1142 2939 1348 3003 ecelesiarum

155 3036 336 3102 cerimoniis
358 3037 499 3104 funditus
527 3039 664 3104 evellere
680 3045 712 3103 31
734 3038 901 3103 destruere
917 3038 1066 3105 nituntur
1088 3045 1121 3105 et
1143 3039 1350 3105 contendunt.

255 3138 303 3203 Ne
331 3138 430 3220 igitur
458 3139 622 3205 videamur
650 3158 714 3205 non
741 3158 853 3221 gerere
876 3158 974 3221 super
1003 3145 1067 3205 tam
1089 3141 1238 3222 gravibus
1260 3158 1349 3205 erro·

155 3240 244 3306 ribus
265 3240 403 3306 animum
425 3243 664 3325 compassivum,
686 3258 727 3304 13
744 3242 840 3306 ctiam
863 3241 932 3323 quis
955 3260 1013 3307 nos
1035 3242 1210 3307 arbitretur
1232 3241 1349 3306 talibus

155 3341 320 3407 erroribus
342 3341 539 3420 consentire,
562 3341 619 3404 sed
642 3346 736 3405 3113
759 3341 920 3405 tribuatur
941 3359 1000 3422 per
1022 3346 1163 3405 nostram
1185 3339 1349 3406 taciturni·

157 3447 256 3509 tatem
278 3442 423 3524 cuiquam
439 3440 572 3507 facultas
587 3441 688 3505 libera
702 3440 889 3506 aberrandi:
914 3436 1111 3524 quapropter
1132 3432 1181 3505 his
1204 3441 1347 3523 plurimis

155 3548 190 3609 et
221 3542 293 3627 aliis
320 3538 554 3609 temeritatibus
590 3539 837 3605 iniundabilibus
874 3558 933 3606 nos
963 3541 1155 3606 unanimiter
1184 3541 1348 3623 cupientes

156 3661 344 3724 occurrere,
377 3662 433 3709 vos
455 3643 655 3726 supradictos
681 3643 905 3708 universaliter
926 3640 1068 3724 singulos
1091 3649 1124 3708 et
1145 3640 1351 3722 singulariter

155 3744 323 3810 uniuersos
345 3745 510 3810 hortamur
524 3763 582 3827 per
604 3746 729 3809 viscera
744 3742 981 3809 misericordiae
1002 3744 1082 3809 Jesu
1105 3742 1223 3808 Christi
1246 3749 1279 3806 et
1301 3759 1351 3806 sa·

156 3845 256 3912 111311
287 3851 426 3912 vestram
454 3853 488 3912 ct
518 3846 740 3929 praesentibus
763 3843 967 3911 obsecramus
989 3845 1161 3923 attentius,
1195 3849 1350 3924 quatenus

157 3965 229 4014 cum
251 3955 362 4013 sancta
382 3955 484 4014 matre
507 3946 657 4026 ccclesia,
692 3946 855 4012 nobiscum
879 3954 911 4011 et
933 3964 1003 4010 cum
1026 3946 1146 4011 sanctis
1168 3942 1351 4010 doctoribus

156 4047 296 4116 teneatis
319 4053 352 4114 et
373 4046 599 4129 confiteamini,
629 4055 703 4129 post
724 4048 805 4112 hanc
827 4048 923 4112 vitam
946 4048 1052 4129 ignem
1074 4045 1294 4128 purgatorium
1317 4048 1351 4106 et

157 4165 259 4232 usque
281 4149 322 4217 ad
343 4156 518 4216 extremum
541 4149 624 4215 diem
637 4149 748 4230 judicii
771 4150 969 4228 duraturum,
993 4147 1152 4228 suffragia,
1177 4153 1212 4210 nt
1235 4145 1353 4210 oratio·

157 4270 225 4332 133,
251 4251 382 4335 jejunia,
412 4252 611 4333 elemosynas
641 4256 673 4316 31
695 4250 807 4315 missas
831 4268 889 4331 pro
912 4249 1045 4314 mortuis
1068 4255 1101 4314 ct
1122 4254 1231 4313 331313
1253 4265 1351 4329 opera

158 4352 289 4436 pietatis
319 4371 389 4419 esso
411 4353 556 4419 iacienda
585 4351 718 4417 firmiter
744 4351 912 4431 astruatis3
935 4349 1089 4431 imagines
1112 4368 1189 4415 vero
1211 4346 1352 4414 crucifixi

159 4460 194 4519 et
214 4459 397 4520 sanctorum
419 4455 497 4537 ejus,
519 4453 758 4519 henedictiones
773 4453 855 4518 sacri
871 4451 977 4531 fontis,
1000 4451 1075 4517 salis
1097 4458 1131 4517 31
1152 4468 1262 4532 aquae,
1285 4448 1351 4530 pal-

157 4570 297 4632 marum,
320 4554 453 4636 ignium,
476 4571 659 4634 cereorum,
683 4570 827 4631 ovormn,
850 4570 1014 4619 caseorum
1036 4557 1070 4616 31
1091 4551 1223 4616 abarum
1244 4568 1352 4613 rerum

156 4654 361 4740 paschalium,
384 4652 644 4735 thurificationes,
666 4653 887 4736 aspersiones,
910 4670 1131 4735 campanarum
1146 4652 1351 4734 pulsationes,
