2992 5258
147 423 210 485 230
387 416 579 471 sanationes
595 415 633 467 M.
651 414 676 467 J.
693 402 753 467 Has
771 412 885 481 ejusque
902 425 1041 481 respousa.
1062 416 1101 467 10.

149 638 202 700 epo
216 637 281 680 aon
294 617 427 699 cepeoii.
450 617 540 679 Illud
553 617 711 678 educarat
726 615 926 677 communiter
935 613 1045 676 Surccli
1060 613 1241 696 Grepairra,
1258 615 1344 676 Ber-

148 717 273 780 nartius
299 733 335 782 tt.

644 855 845 864 —..---—-

726 996 759 1063 B.

247 1167 316 1231 Hic
333 1168 407 1251 jam
427 1172 552 1247 portarat
580 1163 729 1228 articulos
757 1169 912 1226 cctrcctoo
934 1163 972 1225 dc
994 1182 1144 1244 processu
1164 1184 1294 1245 cauam
1316 1171 1345 1231 ct

150 1269 206 1331 aot
232 1268 392 1348 scripturo
418 1265 569 1329 deiratio
589 1266 625 1328 ia
647 1266 842 1328 contrariam
857 1266 982 1345 posita,
1010 1263 1067 1327 aed
1082 1265 1189 1345 polias
1206 1264 1297 1341 feisa
1317 1272 1346 1329 et

151 1367 284 1451 injusta,
312 1367 373 1429 ciii
393 1366 555 1429 cauabant
576 1371 673 1444 testea,
696 1364 830 1427 dicentes
844 1365 919 1446 sore
939 1363 1000 1435 tide
1021 1363 1143 1446 dipaos,
1166 1366 1218 1445 qut
1240 1373 1347 1430 tomen

144 1467 277 1549 famant
298 1466 364 1549 aare
383 1465 520 1543 inimici,
542 1455 608 1528 aad
628 1464 701 1548 (cic)
723 1471 751 1528 et
772 1464 832 1526 eibi
853 1463 993 1545 suspecti.
1015 1462 1044 1541 ²¹⁵)

253 1615 413 1696 „Articuli
433 1615 566 1678 carcaa
592 1633 630 1677 ac
653 1632 800 1695 processu
820 1633 932 1676 causac
957 1619 1068 1676 contre
1088 1612 1246 1676 Jouaacm
1266 1614 1347 1677 Has

149 1715 339 1798 aelffioicntor
361 1715 485 1778 deducti
506 1722 535 1777 ct
550 1715 681 1795 probati
696 1734 758 1794 per
779 1720 868 1775 testes
881 1713 950 1794 fide
970 1713 1111 1793 dipnoo.“

248 1816 291 1881 Et
311 1817 414 1898 primo
426 1815 588 1880 articulus
609 1819 630 1879 4
652 1820 685 1879 et
706 1813 801 1879 etiam
815 1816 845 1894 8,
867 1812 1029 1894 inquibus
1051 1813 1242 1893 continetur,
1257 1813 1345 1896 quod

148 1917 288 1983 loannes
321 1916 392 1981 Hus
426 1915 634 1997 pertinaciter
660 1914 811 1979 articulos
845 1931 997 1978 erroneos
1018 1912 1133 1978 Wiclet
1151 1914 1185 1978 in
1215 1915 1348 1981 civitate

150 2016 302 2097 Pragensi
333 2017 366 2081 in
398 2016 514 2082 scholis
547 2022 580 2080 et
612 2014 901 2096 praedicationibus
934 2013 1069 2095 publicis
1091 2013 1290 2095 praedicavit
1312 2021 1347 2081 et

155 2116 307 2182 defendit.

248 2218 324 2279 Non
344 2223 389 2278 cot
409 2234 529 2296 concon,
558 2215 640 2296 prod
659 2234 809 2296 temptam
830 2216 910 2277 tolio
928 2234 1165 2295 prouoraaacm,
1196 2235 1268 2279 acm
1287 2219 1346 2279 aa

149 2316 374 2397 protestatione
396 2315 492 2395 poetri
519 2322 708 2398 arparmeato
732 2335 791 2397 pro
817 2316 972 2396 aliquibus
1000 2313 1157 2390 articulis,
1185 2317 1239 2396 pai
1258 2315 1345 2380 oido-

153 2418 268 2477 beatur
288 2416 367 2478 mihi
386 2414 460 2478 ucri.

250 2516 332 2580 Item
360 2516 512 2580 articulus
537 2518 574 2595 9,
607 2515 639 2580 in
654 2533 715 2595 qno
747 2514 944 2594 continetur,
977 2515 1062 2596 quod
1090 2522 1226 2598 propter
1250 2534 1346 2598 prae·

152 2615 250 2681 missa
270 2615 303 2679 in
325 2615 454 2682 civitate
477 2616 630 2697 Pragensi
652 2620 762 2680 secuta
784 2621 833 2679 est
859 2614 973 2680 seditio
996 2614 1141 2697 panda,
1164 2615 1248 2681 lacta
1269 2615 1345 2683 dole

152 2720 185 2780 et
217 2715 310 2797 culpa
340 2714 472 2780 Joaunis
494 2714 572 2795 Hus,
594 2715 628 2779 in
649 2720 787 2794 tanturn,
810 2714 895 2795 quod
915 2715 1074 2781 notabiles
1095 2716 1155 2780 viri
1177 2722 1211 2795 et
1232 2716 1343 2782 catho-

150 2813 204 2879 lici
238 2814 332 2879 deurn
365 2814 515 2881 timentes
548 2814 650 2880 eoacti
682 2821 757 2879 sunt
779 2815 865 2880 exire
888 2821 921 2882 et
942 2815 1045 2881 latere
1068 2820 1158 2881 extra
1179 2816 1344 2882 civitatem

150 2913 365 2997 praedictam,
396 2921 600 2997 stragesque,
633 2912 865 2995 damnationes,
889 2916 1056 2996 sacrilegia
1083 2916 1209 2997 aliaque
1237 2916 1343 2981 horri-

149 3013 226 3080 bilia
237 3002 457 3081 'exsecrabilia
472 3021 542 3080 orta
558 3025 591 3080 et
612 3020 722 3080 secuta
736 3008 819 3095 sunt,
842 3032 971 3096 operam
993 3016 1089 3080 dante
1101 3021 1134 3080 et
1148 3022 1344 3096 procurante

151 3116 293 3196 praelato
314 3117 438 3183 Joanue
461 3118 529 3183 Ilus
549 3135 619 3180 cunr
641 3114 707 3179 suis
730 3114 944 3196 eomplicibus

248 3217 322 3279 Non
343 3225 388 3279 eat
408 3236 523 3288 coam,
546 3216 627 3296 qaod
647 3234 796 3296 amquam
818 3213 899 3277 tolio
916 3233 1145 3295 procreatricem.

250 3317 331 3382 Item
359 3318 511 3383 articulus
535 3323 587 3396 lb,
620 3318 653 3381 in
680 3335 743 3397 quo
776 3316 971 3396 continetur,
1006 3315 1090 3396 quod
1110 3316 1252 3381 ioannes
1274 3315 1345 3381 Hus

151 3418 299 3484 continue
320 3417 354 3481 in
390 3416 476 3481 dicta
497 3417 624 3483 civitate
646 3417 799 3499 Pragensi
823 3417 883 3481 tuit
905 3424 938 3482 et
960 3422 1030 3482 erat
1051 3423 1205 3496 sectator,
1239 3417 1347 3485 butor

151 3524 184 3584 et
209 3516 353 3582 eruditor
378 3534 416 3581 uc
436 3514 584 3581 defensor
605 3535 747 3582 errorum
769 3517 925 3596 quondam
935 3516 1068 3582 loannis
1090 3515 1207 3582 Wiclei
1224 3517 1340 3583 haere·

153 3617 312 3695 siarchae,
335 3621 367 3679 et
391 3621 426 3680 ut
447 3616 521 3680 talis
550 3622 582 3680 et
603 3635 661 3698 pro
684 3617 739 3682 tali
762 3623 883 3696 tentus,
913 3617 1093 3681 nominatus
1122 3623 1155 3682 et
1177 3623 1347 3699 reputatus

152 3716 185 3781 in
207 3715 293 3780 dicta
314 3715 443 3781 civitate
466 3716 552 3780 etin
574 3717 717 3799 partibus
739 3717 860 3781 vicinis.

248 3815 324 3876 Noa
344 3823 389 3877 est
410 3836 523 3897 sacrm,
546 3818 687 3896 procantis
708 3815 809 3896 aliqui
830 3817 952 3878 inimici
973 3812 1068 3877 talem
1088 3837 1136 3877 mc
1149 3822 1347 3898 reputamini.

251 3914 332 3980 Itern
360 3915 512 3981 articulus
537 3919 574 3981 15
597 3921 629 3982 et
653 3916 748 3981 etiam
772 3919 824 3997 16,
847 3917 879 3981 in
902 3916 1016 3998 quibus
1039 3916 1238 3997 continetur,
1261 3914 1349 3997 quod

155 4016 301 4081 dominus
338 4016 595 4099 archiepiscopus
628 4018 797 4099 l’ragensis
834 4017 1035 4098 exsequendo
1071 4016 1255 4081 mandatum
1291 4016 1348 4081 do·

152 4117 227 4180 ruini
262 4117 452 4195 hltrxundri,
485 4116 585 4181 felicis
617 4117 847 4183 reeordationis
883 4136 984 4199 papae
1026 4117 1144 4199 quinti,
1184 4135 1246 4197 quo
1283 4116 1346 4181 sibi

153 4216 312 4281 mandavit
345 4219 378 4280 et
410 4218 578 4295 commisit,
607 4236 647 4281 ne
680 4224 815 4282 extunc
848 4218 880 4281 in
902 4224 997 4282 antea
1019 4217 1132 4297 aliquis
1153 4215 1289 4282 auderet
1311 4216 1346 4281 in

153 4314 231 4380 loeis
252 4316 387 4397 privatis
409 4316 512 4381 dictae
527 4316 673 4396 civitatis,
695 4317 757 4381 nisi
774 4318 807 4381 in
823 4317 965 4382 eeclesiis
988 4315 1234 4395 cathedralibus,
1250 4317 1351 4382 colle·

155 4414 266 4497 piatio,
288 4417 530 4497 parochialibus,
551 4417 754 4483 monasteriis
769 4421 802 4481 et
823 4436 933 4483 eorunr
954 4417 1117 4484 cimiteriis
1139 4416 1180 4481 ad
1194 4417 1354 4500 populum

156 4568 353 4579 m*

221 4633 244 4695 Ι·“)
262 4633 435 4694 Superscriptio
452 4637 511 4685 haee
528 4637 595 4685 deest
612 4637 636 4685 iu
654 4635 705 4685 MS.
723 4636 781 4684 cod.
799 4636 936 4683 Viennensi.
