2992 5258
225 396 286 460 734
672 389 893 445 Additamentum
910 391 956 445 IV.

225 614 306 657 suam
336 593 513 657 definitivam
539 610 615 655 anuo
646 594 816 665 MGCCOX,
846 595 979 669 sequenti
1001 596 1049 654 die
1076 604 1145 669 post
1165 596 1227 657 Viti
1256 597 1310 671 (16
1330 594 1415 677 lun),

224 698 347 759 cremari
368 696 550 771 synodaliter
571 695 727 754 mandavit.
750 694 809 753 Sed
832 696 870 754 ad
891 696 1059 754 instantiam
1081 695 1116 754 Ι).
1140 696 1311 758 wenceslai
1332 697 1412 758 Rom.

161 867 163 871 μ
224 805 254 858 et
274 799 347 858 Boh.
377 799 456 872 regis
478 796 593 857 distulit
616 813 696 856 suam
725 812 862 855 vesanam
884 796 1058 856 sententiam
1086 812 1177 871 usque
1205 797 1244 857 ad
1265 797 1416 857 meantum

223 898 262 958 Ι).
277 891 383 958 Jodoci
404 899 516 971 antiqui
541 897 692 957 Moraviae
715 896 899 956 marchionis.
928 896 969 955 Et
998 896 1166 957 marchione
1187 897 1317 959 nondum
1338 898 1415 957 veni·

224 1005 299 1070 ente,
321 997 470 1071 praefatus
493 998 732 1071 archiepiscopus
754 997 825 1056 XVI
847 998 895 1057 die
918 997 1027 1057 mensis
1049 997 1120 1058 Julii
1152 999 1302 1072 repositos
1328 998 1417 1058 libros

223 1098 332 1161 Wiclel
350 1100 380 1157 in
403 1099 499 1159 medio
531 1098 791 1172 archiepiscopalis
813 1100 911 1158 curiae
933 1099 963 1157 in
985 1098 1154 1172 praesentia
1182 1098 1343 1173 Pragensis
1365 1115 1415 1158 ca·

222 1200 317 1275 pituli,
339 1199 535 1272 praelatorum
557 1216 590 1259 ac
612 1199 795 1260 multitudine
827 1199 907 1270 cleri,
930 1200 1052 1258 cremari
1074 1201 1233 1274 praecepit
1257 1200 1351 1260 Etsie
1364 1200 1415 1258 ibi-

223 1302 288 1362 dem
303 1300 435 1373 pluribus
451 1301 609 1361 combustis
625 1300 719 1370 libris,
736 1296 929 1381 (melioribus,
947 1299 1131 1375 accreditus,
1147 1301 1316 1371 reservetis,
1331 1316 1415 1359 mem-

223 1401 329 1462 branas
345 1407 375 1460 et
388 1403 516 1474 registra
530 1400 567 1460 ab
583 1401 701 1474 antiquo
725 1406 876 1460 reservata
889 1401 949 1475 igni
965 1402 1175 1479 subjecerunt)
1199 1400 1363 1474 psallentes
1387 1410 1414 1458 et

222 1503 375 1562 laudantes
404 1501 531 1561 clamore
554 1501 649 1560 valido
681 1502 723 1559 Te
752 1502 836 1560 deum
865 1502 1024 1572 laudamus,
1056 1501 1238 1576 pulsatisque
1269 1503 1414 1574 campanis

223 1604 305 1677 quasi
334 1618 387 1674 pro
413 1603 542 1670 mortuis,
572 1608 725 1673 sperantes
755 1604 866 1675 sejam
895 1602 1004 1661 habere
1035 1604 1161 1662 omnium
1191 1602 1410 1662 tribulationum

221 1702 315 1774 linem,
344 1720 408 1761 cum
430 1709 526 1761 tamen
549 1702 642 1775 primo
663 1702 784 1772 initium,
813 1702 868 1762 deo
888 1705 969 1776 jnsto
988 1702 1089 1776 jndice
1112 1702 1311 1779 permittente,
1340 1720 1412 1762 sum·

222 1810 330 1863 serunt.
352 1798 643 1883 (coruscaverat.
665 1800 777 1880 Prap.)
1202 1838 1205 1842 »

320 1907 404 1964 Auno
428 1904 502 1962 dom.
515 1902 683 1973 MOGOOX,
700 1903 913 1978 quintadecima
925 1904 973 1963 die
990 1905 1099 1965 mensis
1121 1904 1209 1975 lunii,
1231 1904 1308 1963 hore
1322 1903 1414 1970 XVII,

221 2006 252 2063 in
274 2010 422 2067 rectoratu
444 2004 485 2066 M.
516 2005 641 2064 Joannis
670 2005 806 2065 Andreae
829 2005 861 2063 in
891 2005 1036 2065 medicina
1057 2005 1197 2075 doctoris,
1227 2003 1308 2064 iacta
1329 2005 1413 2076 plena

220 2105 428 2167 convocatione
457 2105 547 2165 totius
576 2106 773 2165 universitatis
795 2105 849 2165 suh
872 2121 968 2177 poena
997 2107 1133 2180 praestiti
1160 2105 1321 2180 juramenti
1343 2120 1409 2164 con·

130 2206 138 2229 ‘
222 2207 331 2268 clusum
354 2213 407 2276 est
437 2207 514 2279 qnod
536 2206 710 2265 universitas
732 2205 901 2266 nullomodo
929 2205 1075 2266 consentit
1095 2205 1320 2279 archiepiscopo
1343 2205 1412 2264 Pra-

221 2309 305 2381 gensi
327 2307 479 2382 Zbynkoni
501 2324 564 2366 eum
588 2308 648 2366 suis
671 2306 809 2379 praelatis
831 2309 862 2366 in
885 2307 1114 2367 combustionem
1136 2306 1279 2366 librorum
1300 2306 1343 2367 hh
1360 2306 1412 2366 Jo-

222 2408 306 2468 annis
329 2406 442 2477 wiclefi
472 2407 524 2467 sed
548 2407 625 2480 quod
647 2414 709 2467 tota
738 2408 912 2468 universitas
941 2408 1041 2468 visitet
1063 2407 1099 2466 Ι).
1128 2408 1240 2482 Regem
1261 2409 1411 2482 ipsumque

222 2517 309 2581 petat
331 2514 363 2567 ut
385 2509 474 2567 talem
489 2508 884 2580 impediatcombustionem,
906 2525 943 2567 ne
958 2508 1062 2567 exinde
1086 2506 1219 2569 confusio
1242 2510 1298 2570 toti
1312 2523 1409 2583 regno,

222 2608 257 2667 D.
280 2610 354 2682 Regi
370 2615 400 2668 et
412 2608 594 2668 universitati
608 2607 759 2671 inferatur.
782 2605 915 2690 (Elibro
929 2611 1104 2668 emmeram
1124 2610 1278 2671 meivereit.
1301 2606 1411 2686 Prae.)

321 2711 354 2770 It
377 2710 417 2769 Μ.
447 2711 576 2770 Joannes
599 2710 662 2770 Hus
685 2717 715 2768 et
737 2709 771 2771 D.
794 2709 929 2768 Zdislaus
953 2709 989 2768 de
1016 2709 1168 2769 Zvieietic
1190 2726 1254 2770 cum
1287 2709 1344 2770 sihi
1364 2709 1411 2768 ad·

221 2810 409 2870 haerentibus
433 2811 663 2883 appellaverunt.
692 2812 820 2884 Quomm
847 2810 1038 2884 appellationi
1060 2826 1119 2869 non
1142 2809 1291 2882 deierans,
1316 2828 1411 2871 omnes

221 2913 406 2985 appellantes
429 2930 492 2971 curn
514 2912 741 2972 adhaerentibus
753 2912 874 2986 Zbynko
897 2913 1138 2983 archiepiscopus
1154 2912 1411 2972 excommunicavit

222 3030 284 3073 eum
307 3013 449 3087 omnibus,
472 3014 520 3086 qui
544 3013 635 3072 libros
659 3030 717 3072 non
738 3019 943 3086 reposueruut.
980 3008 1103 3089 (Oleros.
1127 3013 1280 3072 aaieeret't
1302 3009 1410 3092 Prap.)

320 3114 354 3172 lt.
377 3120 499 3186 propter
521 3114 698 3184 praedictam
721 3113 950 3173 combustionem
973 3120 1003 3172 et
1024 3114 1064 3172 Μ.
1080 3114 1203 3173 loannis
1226 3113 1293 3173 Hus
1315 3120 1346 3174 et
1366 3130 1408 3172 ce·

221 3221 349 3272 tenorum
377 3216 703 3274 excommunicationem
731 3213 857 3274 schisma
880 3230 1013 3287 magnum
1040 3221 1087 3274 est
1108 3213 1266 3274 iactumin
1295 3216 1410 3287 populo.

221 3314 345 3387 Quidam
367 3315 442 3373 enim
464 3316 635 3388 gravissime
649 3324 825 3388 receperunt
847 3316 1173 3376 excommunicationem
1195 3316 1410 3390 archiepiscopi

221 3421 407 3488 praetactam,
433 3415 476 3475 ite
497 3416 575 3490 qnod
603 3432 702 3475 rumor
730 3417 823 3477 iactus
856 3416 918 3477 suit.
949 3416 1021 3477 Post
1048 3417 1156 3476 hocin
1180 3417 1316 3485 ¹ecclesia
1342 3416 1410 3477 Pra-

220 3518 304 3591 geusi
326 3517 356 3575 in
378 3516 426 3576 die
454 3515 566 3577 Mariae
588 3518 782 3591 Magdalenae
809 3514 864 3599 (22
887 3517 957 3591 Jul.)
981 3517 1121 3578 efficienti
1151 3515 1221 3597 (sic)
1243 3519 1298 3578 snb
1320 3515 1411 3578 ininla

222 3635 284 3678 cum
314 3619 420 3677 ceteris
444 3616 505 3676 fere
529 3618 583 3677 XL
610 3616 808 3678 officiantibus
835 3617 872 3676 ab
903 3618 1043 3678 altaribus
1073 3617 1181 3677 divinis
1210 3625 1414 3685 recessernut;

222 3719 364 3778 eteodem
386 3718 434 3777 die
456 3719 485 3777 in
508 3720 634 3778 ecclesia
656 3720 684 3780 S.
707 3719 849 3792 Stephani
871 3720 900 3779 in
924 3719 1008 3778 Nova
1030 3720 1146 3780 civitate
1170 3735 1222 3779 sex
1246 3720 1407 3793 evaginatis

220 3819 326 3892 gladiis
347 3820 579 3893 praedicatorem
602 3803 852 3895 blasphemantem
874 3819 1039 3880 interficere
1062 3821 1224 3879 voluerunt
1247 3820 1306 3881 Hic
1328 3821 1414 3879 timor

222 3921 380 3992 prostravit
408 3938 509 3981 omnes
538 3923 689 3995 plebanos,
717 3929 749 3982 ut
778 3923 955 3995 peramplius
984 3923 1021 3982 ab
1059 3923 1357 3982 excommunicatione
1387 3921 1414 3978 iu

220 4021 286 4096 lege
309 4022 358 4080 dei
379 4038 438 4081 non
461 4022 582 4082 lundata
605 4031 801 4086 cessaverunt.

320 4122 354 4182 lt.
377 4123 450 4183 Post
478 4124 629 4196 praedicta
655 4125 847 4195 appellantes,
870 4141 924 4197 per
946 4125 1101 4186 citationes
1124 4132 1154 4184 et
1180 4128 1415 4185 exeommunica-

220 4223 316 4282 tiones
339 4223 554 4296 archiepiscopi
584 4225 689 4298 vexati,
719 4225 770 4283 alii
801 4232 832 4284 ut
853 4225 973 4285 Piibiho
1001 4226 1037 4285 de
1065 4226 1167 4286 anna
1189 4232 1220 4286 et
1240 4226 1357 4297 Hroch,
1379 4227 1414 4284 ab

221 4323 419 4396 appellatione
435 4332 630 4396 recesserunt
653 4332 682 4384 et
704 4326 740 4384 ab
757 4326 1054 4388 excommunicatione
1076 4344 1130 4387 sua
1144 4324 1261 4386 inerunt
1276 4328 1411 4387 absoluti.

221 4421 343 4501 (Otreos.
364 4425 516 4487 univcrsit.
540 4424 650 4504 Prop.)

319 4559 361 4571 -
382 4525 438 4584 Die
455 4526 484 4587 S.
500 4527 624 4600 Remigii
647 4527 677 4601 (1
703 4524 781 4607 Oet.)
802 4562 844 4573 —-
865 4529 971 4589 citatus
993 4535 1040 4588 est
1053 4529 1094 4588 Μ.
1115 4530 1247 4592 loannes
1270 4531 1334 4592 Hns
1349 4546 1413 4603 per·

221 4625 363 4685 sonaliter
385 4628 421 4686 cd
444 4628 553 4687 curiam
575 4628 743 4688 Romanam.
766 4626 885 4706 (coron.
909 4629 987 4691 Βοὴ.
1010 4627 1196 4711 hetaeriae.)
