2992 5258
417 416 473 468 114.
491 414 597 470 Relatio
614 413 648 468 da
666 430 752 483 papae
770 413 879 468 Martini
897 415 921 468 V
938 414 1079 470 electione.
1279 417 1341 482 665

149 635 213 699 661,
246 616 364 683 meruit
395 617 549 684 obtinere.
592 617 710 683 Datum
738 617 876 698 Pragae,
909 634 992 684 anno
1025 616 1143 683 domini
1174 615 1339 682 millesimo

150 717 463 818 quadringentesimo
484 719 584 801 XVII,
617 719 669 785 die
697 725 788 784 sexta
816 718 935 784 mensis
960 717 1166 800 Septembris,
1187 717 1220 783 in
1246 717 1340 800 plena

149 820 395 902 congregatione
416 820 640 902 magistrorum
661 818 879 886 universitatis
901 820 960 886 sub
982 818 1095 900 sigillo.

148 1439 318 1526 Relatio
347 1441 400 1525 de
427 1470 569 1552 papae
595 1439 767 1524 Martini
794 1438 835 1524 V
872 1440 1079 1526 electione
1105 1452 1236 1553 atque
1269 1472 1340 1526 co·
1462 1448 1465 1453 ’

313 1579 536 1661 conatione
561 1579 606 1660 in
634 1576 813 1661 concilio
843 1573 1172 1661 constanciensi.

542 1823 725 1893 Constantine,
744 1827 817 1893 1417,
834 1839 869 1878 m.
887 1823 956 1880 Nor.

377 2126 420 2192 (E
437 2125 497 2180 MS.
516 2126 609 2180 Musei
626 2126 741 2181 Belem.
760 2126 787 2188 4,
804 2128 843 2181 D.
863 2127 906 2189 12.
919 2129 972 2198 fol.
992 2125 1119 2194 12-13.)

292 2429 441 2496 ..Qualiter
452 2431 593 2500 jactaret
611 2432 705 2486 electio
720 2433 820 2485 cummi
836 2415 974 2502 pouIIficc’a
992 2432 1197 2487 comtauuaor‘

251 2633 343 2699 Nota.
367 2633 442 2698 VIII
468 2631 519 2698 die
546 2633 664 2698 mensis
685 2633 884 2715 Novembris,
913 2653 993 2717 quae
1020 2634 1081 2701 11111
1101 2636 1133 2702 11
1158 2635 1341 2701 ieria‘ante

150 2733 266 2800 testum
288 2735 427 2816 Martini,
449 2740 524 2800 ante
546 2751 692 2801 occasum
714 2735 799 2816 solis,
821 2738 1022 2802 intraverunt
1043 2735 1160 2802 domini
1183 2734 1340 2800 electores

105 2884 107 2889 -
150 2836 324 2919 subscripti
345 2836 386 2901 ad
407 2835 563 2915 conclave,
579 2854 637 2918 pro
653 2836 810 2901 6166116116
825 2837 971 2902 habenda
992 2838 1104 2902 summi
1119 2835 1252 2903 Romani
1262 2850 1341 2916 pon·

151 2936 255 3017 tiliois,
279 2937 371 3019 juxta
392 2936 523 3002 formam
544 2937 591 3002 eis
619 2936 777 3017 traditam,
808 2942 843 3002 ut
873 2936 955 3004 infra
977 2938 1165 3020 exprimitur
1185 2937 1217 3002 in
1246 2933 1343 3000 tertia

150 3037 248 3104 litera
267 3045 342 3121 post
362 3038 422 3104 boc
443 3039 552 3105 statim
573 3044 736 3121 sequente.

253 3142 374 3221 Quibus
406 3141 453 3206 sic
474 3131 675 3220 intrantibus,
708 3140 817 3222 eisque
839 3139 1067 3207 administratis
1091 3142 1182 3224 juxta
1212 3138 1342 3220 erigen-

151 3241 229 3306 tiam
244 3240 441 3321 utensilibus,
457 3241 494 3305 D.
506 3242 574 3306 Rex
590 3240 817 3323 sigismundus,
839 3248 1008 3324 antequam
1022 3240 1247 3308 clauderentur
1268 3255 1342 3305 con-

151 3341 249 3422 clave,
277 3344 426 3409 assumtis
452 3360 560 3408 secum
581 3342 777 3425 quibusdam,
800 3343 1027 3409 exhortabatur
1047 3360 1156 3409 omnes
1179 3347 1212 3408 et
1234 3341 1342 3421 singu·

151 3443 264 3509 1611161
285 3444 426 3526 singulos
449 3443 629 3523 osculando,
657 3450 693 3510 ut
714 3443 807 3511 deum
829 3462 906 3527 prae
928 3445 1027 3510 oculis
1054 3444 1208 3511 babentes
1230 3439 1342 3507 deifice

151 3546 371 3629 procederent,
393 3561 456 3609 noo
478 3545 683 3610 advertentes
704 3545 891 3627 quempiam
915 3546 993 3611 1111111
1015 3542 1248 3628 complacendo.
1290 3541 1342 3608 Sic

150 3647 201 3712 bis
222 3646 361 3729 peractis
373 3647 483 3712 exiens
499 3646 657 3726 conclave,
673 3645 798 3712 demum
813 3647 929 3712 reclusi
944 3647 1095 3726 existunt,
1118 3653 1154 3712 ut
1169 3650 1220 3710 est
1233 3645 1341 3709 moris.

250 3747 325 3812 Mox
347 3747 495 3813 custodes
516 3755 629 3814 assunt
650 3749 765 3814 adhoc
786 3748 939 3831 deputati,
962 3748 1101 3814 marchio
1117 3745 1341 3825 Branburgen·

140 3848 195 3913 -616
218 3854 252 3915 61
272 3848 382 3927 661611,
409 3849 462 3930 qui
484 3848 606 3916 adhoc
627 3850 771 3932 deputati
793 3855 893 3915 erant.
916 3849 978 3927 Qui
999 3851 1242 3931 circumquaque
1263 3845 1342 3928 vigi·

149 3949 254 4015 lantes
277 3955 311 4015 et
331 3949 541 4031 respicientes
563 3951 602 4016 ab
618 3958 718 4030 61116,
741 3969 781 4015 66
802 3950 908 4032 aliqua
929 3950 1097 4033 impressio
1119 3966 1176 4014 6611
1191 3945 1342 4013 violentia

138 4055 207 4115 aut
225 4050 380 4132 strepitus
405 4048 528 4130 fierent,
554 4070 613 4135 per
638 4070 718 4134 quae
741 4051 938 4118 occasionem
961 4057 1124 4118 sumerent
1144 4067 1208 4115 non
1230 4065 1342 4130 proce·
1454 4054 1458 4063 '

151 4149 247 4216 dendi
269 4149 310 4215 ad
331 4157 449 4234 optata,
472 4157 565 4217 nocte
587 4170 713 4235 quoque
735 4152 982 4234 superveniente
1004 4172 1041 4218 ac
1063 4152 1188 4218 demum
1208 4149 1242 4214 in
1257 4148 1340 4215 dies·

152 4258 244 4319 cente
267 4251 328 4332 dic,
351 4270 432 4333 quae
447 4252 506 4318 fuit
529 4252 614 4336 (161.)
639 4253 735 4320 161116
756 4259 831 4319 ante
845 4253 976 4331 Martini
999 4255 1032 4335 (9
1043 4250 1145 4336 Nou),
1168 4250 1340 4335 proceden-

152 4359 202 4419 tes
224 4369 344 4432 omues,
367 4352 400 4417 in
421 4354 542 4436 capella
563 4355 721 4420 conclavis
744 4354 909 4422 celebrans
930 4355 1057 4420 missam
1078 4353 1116 4418 D.
1140 4350 1341 4419 1166666661-

151 4452 250 4519 1611116
265 4453 370 4519 tenuit
383 4453 523 4520 missam:
539 4455 703 4521 Terribilis
718 4461 768 4521 est
783 4455 870 4522 locus
885 4455 957 4535 iste,
969 4460 1003 4520 61
1016 4454 1141 4535 merito,
1165 4453 1239 4536 quia
1253 4452 1341 4534 prius

151 4553 186 4618 in
208 4552 278 4619 loco
299 4554 362 4620 Isto
383 4572 448 4620 non
469 4555 529 4621 iuit
544 4561 632 4622 tenta
653 4556 760 4639 aliqua
771 4556 882 4635 missa;
906 4553 1055 4633 secundo,
1076 4554 1241 4621 1616166116
1263 4554 1340 4619 mul·

152 4655 195 4724 tis
217 4653 369 4720 terribibs
390 4653 459 4735 fuit,
482 4656 536 4737 qui
550 4655 641 4721 inviti
662 4656 871 4737 intraverunt,
892 4655 1026 4722 maxime
1047 4654 1121 4721 fidei
1142 4653 1341 4722 christidoro
