2992 5258
405 432 547 475 eearoere
564 419 637 488 apud
655 420 755 503 irenes
773 421 902 479 Minores.
936 426 977 479 60.
994 427 1037 480 61.
1054 427 1095 481 62
1287 436 1346 498 103

148 619 212 683 lum
240 624 379 700 anton,
409 621 550 701 quamuis
572 622 693 689 habeas
713 624 803 706 dnos,
825 624 923 692 debes
945 626 1089 694 confiteri
1111 648 1181 696 curn
1203 632 1345 712 coneilio,

148 718 232 799 quod
259 720 307 786 sio
334 721 411 786 est“
457 720 515 787 Cui
537 722 617 788 dixi:
642 724 764 799 „Etiam
793 726 821 790 si
842 731 930 792 totus
958 729 1092 795 mundns
1120 731 1242 798 diceret
1269 733 1346 797 mihi

147 818 216 900 hoo,
240 837 301 901 ego
312 820 432 888 habens
453 821 619 903 rationem,
643 843 801 906 quannno
819 833 901 907 utor,
924 846 987 893 non
1009 847 1135 911 possem
1158 835 1228 899 sine
1250 852 1345 916 repu-

147 920 279 998 gnantia
293 922 507 988 eonscientiae
528 923 606 988 illud
628 925 765 991 dicere.“
790 926 852 992 Sed
873 925 967 993 iactis
990 929 1134 1011 pluribus
1157 935 1272 1015 verbis,
1295 953 1344 999 re-

151 1020 249 1085 cessit
269 1022 310 1088 ab
331 1022 386 1089 ilio
405 1022 490 1089 dicto
508 1031 541 1090 et
552 1023 648 1091 dixit:
674 1027 812 1107 ,Verum
834 1034 893 1108 est,
916 1046 975 1110 ego
998 1046 1061 1095 non
1083 1031 1156 1097 dedi
1177 1035 1270 1101 valde
1292 1036 1346 1100 bo·

149 1139 221 1187 unm
250 1123 460 1205 exemplum.“
1389 1188 1392 1197 Α

246 1222 400 1290 Dominus
422 1231 474 1291 est
495 1243 618 1290 meeum
640 1231 798 1309 tamquam
820 1229 956 1295 bellator
974 1229 1076 1297 fortis.
1098 1232 1252 1298 Dominus
1274 1234 1345 1300 illu·

150 1322 278 1388 minatio
295 1342 367 1390 mea
377 1331 411 1390 et
426 1325 512 1391 salus
529 1343 615 1404 mea;
638 1345 732 1407 quem
754 1328 895 1394 timebo?
917 1330 1062 1396 dominns
1083 1339 1247 1414 protector
1261 1335 1345 1400 vitae

151 1441 250 1502 mese3
271 1442 369 1506 aquo
386 1425 579 1507 trepidabo?
601 1428 650 1492 Ad
665 1428 754 1493 illum
765 1429 835 1493 istis
848 1432 1044 1512 temporibus
1066 1432 1253 1514 trequenter
1274 1433 1345 1500 dico

151 1523 232 1589 illam
254 1524 477 1606 antiphonam:
499 1526 642 1606 Domine,
668 1528 730 1592 vim
752 1529 865 1611 patior,
889 1531 1047 1614 responde
1069 1552 1127 1614 pro
1138 1553 1205 1601 me:
1228 1534 1345 1614 nescio,

153 1624 222 1704 quid
246 1623 348 1697 dicam
370 1626 505 1691 inimicis
527 1628 615 1693 meis.
638 1627 792 1694 Dominus
814 1631 983 1696 vobiscum.

248 1740 279 1793 a
293 1739 358 1794 ors.
377 1740 503 1795 urano.
520 1760 549 1812 p.
569 1740 614 1798 ea.
641 1743 726 1799 uss.
750 1744 847 1811 remo.
866 1745 943 1800 rear
956 1747 982 1816 s.
1001 1747 1047 1801 ae.
1064 1777 1098 1790 -
1115 1748 1192 1804 noer
1204 1751 1229 1820 s.
1248 1748 1310 1806 zea

243 1824 324 1879 note.
345 1827 376 1878 ot
392 1826 447 1896 np.
464 1829 544 1896 aaa.
567 1828 601 1882 n.
619 1829 644 1883 1.
674 1830 745 1900 epp.
764 1831 839 1893 noo,
857 1832 882 1893 1,
902 1829 941 1885 ea
957 1842 983 1885 o
1001 1830 1047 1887 aa.

649 2002 846 2010 *αι-..-

721 2193 780 2268 62.

475 2382 604 2469 Petro
636 2385 690 2468 de
720 2385 1013 2470 Mladenowie.
1127 2432 1128 2436 κ

158 2558 248 2631 Sperat
264 2581 293 2617 ae
311 2582 394 2633 arque
412 2565 451 2618 ad
467 2574 582 2618 monem
599 2567 630 2618 in
646 2568 762 2619 veritate
776 2575 1019 2636 perseveraturum
1031 2568 1220 2635 declaratque,
1238 2575 1344 2635 quanto

380 2649 482 2703 ardent
497 2649 591 2703 amato
608 2648 695 2703 Petro
712 2651 803 2704 amieo
818 2654 943 2719 pretium
959 2651 1105 2720 reserandi.

627 2802 711 2869 (1415,
729 2819 764 2856 m.
782 2802 855 2869 Jnn.)

348 2968 520 3036 „Respondet
536 2968 572 3023 ad
589 2975 692 3024 certam
709 2971 923 3025 exhortationem
941 2987 990 3039 per
1007 2971 1117 3025 Petrum
1129 2985 1207 3024 suum
1219 2970 1270 3025 sibi
1283 2970 1338 3024 iao·

412 3060 468 3106 mm
490 3053 518 3106 in
536 3068 597 3120 spe,
622 3068 650 3107 se
668 3054 757 3122 ipsum
779 3055 807 3107 in
825 3055 963 3122 proposito
987 3060 1080 3108 saneto
1098 3054 1251 3108 conservari
1268 3061 1297 3108 et
1312 3054 1339 3108 in

411 3137 536 3203 veritate,
553 3153 720 3206 proponens;
733 3143 761 3192 et
777 3139 940 3206 regratiatur
952 3139 986 3193 de
998 3138 1179 3193 sollicitudine
1192 3137 1339 3193 laborum.“

245 3273 317 3339 Non
339 3274 440 3340 audeo
463 3281 583 3339 temere
604 3273 712 3339 dicere
734 3293 804 3357 eum
826 3279 936 3339 sancto
954 3276 1059 3353 Petro,
1093 3276 1146 3356 qni
1179 3275 1340 3356 incompa-

156 3376 292 3441 rabiliter
320 3376 474 3442 minorem
499 3375 657 3440 fervorem
685 3381 718 3439 et
746 3373 966 3440 fortitudinem
998 3374 1109 3453 habeo,
1145 3393 1239 3455 quam
1273 3377 1343 3458 ipse

155 3474 277 3555 PetruS,
312 3477 396 3558 quod
424 3493 592 3560 numquam
623 3475 656 3539 in
686 3473 812 3541 Christo
856 3473 1103 3557 scandalizabor,
1140 3476 1201 3540 etsi
1234 3492 1343 3540 omnes

154 3576 352 3644 scandalizati
373 3566 515 3642 inerint.¹
543 3574 596 3640 nie
619 3575 702 3640 enim
725 3576 872 3641 Christus
898 3575 1001 3640 adhuc
1024 3593 1192 3655 numquam
1214 3577 1342 3642 beatum

154 3694 299 3762 expresse
322 3678 411 3757 dixit,
434 3677 516 3743 sient
537 3677 683 3756 Petrum,
713 3695 772 3742 neo
800 3676 877 3741 mihi
900 3680 988 3741 tanta
1010 3675 1093 3741 dona
1113 3678 1276 3758 promisit,
1307 3685 1341 3743 et

152 3776 268 3858 iortior,
289 3777 501 3844 intricabilior
523 3784 589 3842 eta
610 3775 754 3859 pluribus
776 3776 875 3842 instat
896 3775 1101 3858 impugnatio.
1136 3776 1239 3858 Igitur
1260 3776 1341 3858 dico,

152 3880 230 3960 quod
252 3879 396 3962 spemin
419 3878 545 3943 Christo
567 3876 646 3942 Jesn
670 3877 798 3956 habena,
825 3875 899 3940 dum
921 3875 1072 3941 audivero
1094 3876 1235 3956 formam,
1259 3877 1341 3942 veri·

153 3980 206 4044 tati
234 3998 336 4061 usque
365 3985 498 4045 mortem
524 3976 656 4043 intendo
689 3996 760 4042 oum
782 3985 964 4044 sanctorum
987 3983 1020 4042 et
1044 3986 1149 4042 vestro
1182 3977 1341 4058 adjutorio

152 4078 333 4146 adhaerere.
355 4080 388 4145 Si
410 4080 448 4144 D.
470 4080 611 4146 Joannes
633 4079 780 4143 damnum
809 4078 944 4142 incurrit
970 4084 1104 4160 propter
1126 4078 1186 4141 mei
1210 4095 1340 4160 exspec-

153 4181 316 4260 tationem,
347 4180 463 4246 diieete
485 4181 595 4259 Petro,
626 4178 810 4261 provideas,
840 4177 914 4242 dum
937 4177 1224 4257 domnamaria,
1256 4178 1342 4243 cirea

152 4281 331 4361 magistrum
354 4286 500 4346 monetae
523 4286 556 4345 et
578 4279 647 4360 eJus
668 4296 798 4344 uxorem
807 4278 848 4361 *),
872 4280 925 4359 qui
946 4278 1102 4343 audacter
1118 4279 1340 4360 promiserunt,

154 4434 344 4444 ·—-——---—

221 4502 245 4564 ‘)
268 4503 384 4562 Magister
402 4507 511 4547 monetae
530 4503 560 4548 ab
580 4515 640 4548 anno
660 4504 723 4548 1406
740 4503 771 4547 ad
784 4503 846 4547 1419
864 4500 910 4547 fnit
930 4501 1014 4546 Petrus
1032 4501 1061 4545 de
1078 4499 1185 4559 Swojiin,
1203 4500 1341 4560 cognomino

264 4587 376 4642 Zmniik,
399 4587 508 4632 dominns
535 4587 596 4633 areis
619 4585 762 4644 Oriioensis3
790 4599 851 4630 uxor
877 4585 927 4646 ejus
945 4586 1017 4631 Anna
1039 4585 1068 4630 de
1086 4583 1213 4644 Frimburg
1235 4585 1338 4633 muitum

265 4671 361 4722 arietat
379 4672 442 4733 apud
459 4671 565 4733 reginam
583 4669 704 4730 sophiam.
