2992 5258
149 403 213 468 666
400 403 603 459 Γιιιιιιοιοιείιιε
621 403 655 458 de
672 392 803 472 religione
820 405 848 457 in
866 404 1008 458 Bohemio:
1028 405 1102 458 1⁴17.

151 605 320 669 contrariis
343 593 380 670 et'
394 607 642 680 adhaerentibus
656 607 753 673 Petro
775 606 815 672 do
842 607 940 687 lmnu
963 607 1059 672 etsie
1081 606 1121 671 de
1142 605 1214 672 aliis
1230 607 1337 672 tacitis

151 704 273 782 Quibus
293 707 432 787 peractis
447 724 528 771 unus
544 707 713 772 cardinalis
727 707 803 773 iecit
817 726 995 773 samonem
1010 726 1068 772 seu
1090 708 1339 773 exhortationem

152 823 190 870 eo
212 826 304 871 manc
327 815 360 873 et
381 809 645 889 ammonitionem,
676 809 766 874 utin
788 810 844 874 tali
867 809 1024 875 electione
1049 808 1163 873 summi
1186 806 1340 891 pontificis

152 913 247 989 prout
269 909 357 991 prius
380 916 565 975 consuetum
587 910 692 985 fuerat
714 909 936 991 procederent.
959 910 1027 987 Quo
1057 913 1190 991 peracto
1220 916 1340 991 tempus

152 1010 392 1075 comessationis
407 1010 533 1090 aderat3
556 1011 603 1075 sic
617 1010 751 1091 quilibet
763 1010 871 1075 eniens
894 1011 1044 1075 inlocum
1064 1027 1164 1089 suum,
1189 1014 1227 1074 nt
1247 1009 1339 1074 moris

152 1117 211 1190 est,
236 1111 437 1177 comedendo.
544 1102 547 1113 ¹

250 1212 385 1278 Meridie
401 1220 561 1279 transacto
576 1214 735 1278 intrantes
749 1213 782 1276 in
798 1213 951 1295 capellam
966 1213 1059 1278 istius
1075 1211 1245 1292 conclusis,
1260 1229 1338 1292 quae

153 1317 224 1377 erat
246 1313 334 1378 locus
347 1314 520 1394 electionis,
543 1320 762 1379 tractaverunt
776 1314 815 1379 de
837 1314 930 1379 modo
954 1312 1118 1378 electionis
1133 1311 1341 1378 diversimode

155 1412 228 1479 binc
247 1413 365 1481 atinde
374 1416 509 1496 quilibet
519 1416 560 1481 ad
572 1422 683 1480 nutum
699 1432 799 1480 snum.
826 1416 916 1480 Inter
927 1430 1006 1496 quos
1018 1414 1137 1480 domini
1148 1411 1339 1493 cardinales,

152 1515 296 1581 volentes
311 1533 440 1582 servare
456 1518 716 1583 consuetudinem
737 1518 769 1582 in
784 1517 877 1583 modo
892 1516 1058 1582 electionis
1079 1515 1232 1601 ipsorum,
1249 1520 1339 1598 prout

153 1614 231 1680 alius
251 1616 369 1696 eligere
385 1624 627 1697 constraverunt,
644 1617 804 1683 mediante
820 1618 934 1700 quibus
946 1614 1020 1698 (sic)
1034 1616 1148 1681 fuisset
1164 1615 1277 1681 dilatio
1289 1614 1339 1680 ali·

154 1704 418 1797 quoiumdiernn
436 1720 527 1798 facta,
539 1720 595 1785 sed
611 1706 716 1786 minen
729 1727 765 1785 ut
776 1720 835 1784 viri
847 1720 986 1785 timorati
998 1720 1113 1784 timore
1125 1716 1188 1797 dei,
1200 1715 1340 1780 videntes

153 1816 253 1882 uelum
272 1818 385 1884 bonurn
397 1821 530 1885 aliorum
543 1822 764 1901 coelectorum,
788 1838 897 1885 omnes
908 1820 1036 1884 insimul
1048 1819 1129 1883 uuiti
1142 1815 1339 1884 concorditer

154 1919 378 1985 concluserunt
400 1922 525 1987 modum
540 1924 704 1989 electionis
717 1925 777 1988 hoc
792 1923 904 1988 modo:
927 1921 1011 2004 quod
1025 1920 1161 2002 quilibet
1170 1920 1340 2001 juxtacon·

153 2018 316 2086 scientiam
328 2040 415 2086 stram
439 2029 471 2087 et
480 2024 693 2104 juramentum
715 2023 904 2105 praestitum
919 2023 1051 2088 deberet
1067 2021 1211 2086 scribere
1231 2035 1339 2083 nomen

153 2138 243 2185 suum
252 2123 417 2205 proprium
428 2125 460 2187 in
473 2123 584 2189 cedula
594 2124 734 2206 propria:
748 2141 807 2205 ego
816 2123 936 2203 Aeligo
948 2123 1042 2187 talem
1051 2122 1093 2202 Β,
1106 2126 1204 2203 prout
1215 2117 1340 2185 cuilibet

154 2220 287 2314 videtur,
310 2223 363 2304 qui
385 2224 469 2289 valet
491 2225 522 2288 im
545 2244 668 2306 papam,
691 2230 724 2289 ot
745 2224 869 2288 demum
882 2223 1016 2304 quilibet
1036 2240 1126 2288 snam
1137 2220 1283 2287 cedulam
1294 2217 1339 2282 die

154 2324 300 2403 sequenti
316 2332 451 2406 poneret
473 2344 570 2408 super
584 2326 694 2405 altare,
717 2332 751 2391 et
772 2325 856 2406 quod
870 2325 994 2406 publice
1005 2324 1192 2404 legerentur
1203 2318 1338 2395 cedulae,

153 2429 185 2488 et
206 2424 334 2505 publice·
359 2425 450 2491 lieret
479 2427 682 2507 scrutinirnn;
703 2427 883 2507 quinamque
907 2425 1074 2490 videretur
1098 2423 1220 2489 hebere
1248 2435 1337 2485 voces

155 2525 263 2606 plures
275 2527 366 2608 juxta
388 2527 518 2593 sormam
541 2527 691 2593 traditam
712 2547 732 2592 a
754 2527 897 2607 concilio,
920 2527 982 2591 iste
1004 2525 1137 2591 deberet
1160 2541 1233 2588 esse
1255 2537 1339 2603 pepo.

154 2625 275 2702 Quibus
297 2627 342 2692 sic
372 2622 527 2695 conclusis
556 2629 646 2694 affuit
667 2646 738 2709 nox,
762 2634 795 2693 et
817 2626 950 2710 quilibet
976 2627 1036 2692 ivit
1057 2626 1089 2691 in
1116 2626 1224 2690 loenm
1244 2637 1338 2687 snum

254 2726 348 2813 blane
374 2734 480 2794 autem
507 2729 590 2794 iacto
618 2728 739 2793 decimo
762 2728 822 2807 die,
851 2746 932 2809 quae
952 2727 1013 2792 fuit
1040 2725 1150 2805 vigilia
1176 2740 1236 2806 pro
1263 2720 1340 2786 reu

154 2825 184 2891 S.
206 2826 336 2893 Martini
357 2829 414 2911 (lo
424 2829 526 2910 Nom),
542 2831 743 2895 intraverunt
756 2830 790 2894 in
806 2827 1031 2909 praestitutum
1045 2827 1149 2892 locum
1170 2819 1340 2897 electionis,

151 2932 299 2993 tenentes
314 2930 439 2994 missam
455 2930 494 2995 de
516 2936 625 2995 sancto
648 2930 771 3012 spiritu.
795 2930 864 3008 Qua
885 2933 1016 3010 peracta
1029 2923 1339 3010 processerunt'qni·

154 3028 232 3093 libet
252 3031 285 3095 in
308 3031 418 3096 ordine
441 3049 498 3095 suo
520 3031 560 3096 ad
583 3033 685 3097 locum
708 3029 893 3113 praefatum,
916 3029 1049 3111 quilibet
1070 3029 1217 3094 scribens
1230 3029 1339 3092 nomen

154 3145 245 3194 suum
279 3138 312 3196 et
340 3148 454 3196 nornen
483 3132 577 3211 illius,
614 3151 707 3214 quern
735 3132 871 3212 elegerit
897 3132 930 3195 in
967 3148 1122 3195 summum
1154 3125 1339 3210 pontificem.

153 3229 287 3294 Demum
308 3232 442 3312 quilibet
464 3251 586 3315 ponens
608 3233 751 3299 cedulam
773 3250 869 3314 super
891 3233 993 3297 altare
1015 3279 1022 3292 .
1047 3281 1054 3295 .
1077 3281 1085 3295 .
1107 3229 1222 3294 abiens
1244 3243 1338 3310 usqne

154 3331 194 3396 ad
216 3331 359 3397 ultimum
381 3335 412 3397 in
435 3335 538 3399 locum
560 3353 659 3413 suum,
683 3340 758 3398 tunc
779 3333 909 3398 inerunt
929 3333 1032 3398 lectae
1055 3330 1189 3397 cedulae
1210 3335 1245 3395 et
1258 3346 1339 3394 scru-

155 3432 266 3496 tinium
288 3433 404 3498 factum
426 3435 481 3513 sic,
502 3435 586 3516 quod
607 3434 718 3499 inillis
740 3434 1001 3499 cednlisiuerunt
1023 3431 1177 3497 nominati
1193 3435 1271 3508 tres,
1291 3427 1339 3510 qui

154 3532 310 3597 haberent
331 3552 440 3600 voces:
464 3536 651 3617 praesertim
666 3541 777 3600 noster
799 3534 944 3599 dominns
959 3532 1178 3598 sanctissimus
1193 3529 1286 3597 Oddo
1303 3527 1340 3593 de

155 3631 306 3699 Columna
327 3642 535 3716 nuncnpatus
557 3635 595 3700 D.
619 3635 856 3702 Cameracensis
878 3634 1056 3713 cardinalis,
1084 3637 1118 3697 et
1140 3631 1178 3696 D.
1207 3629 1341 3697 lacobus

155 3732 195 3797 de
217 3732 362 3816 campio,
393 3736 512 3802 electus
535 3736 726 3815 Pennensis,
764 3739 811 3800 sio
842 3735 926 3816 quod
948 3751 1006 3816 per
1030 3733 1127 3798 talem
1157 3732 1341 3798 electionem

156 3840 189 3897 et
210 3853 268 3915 per
278 3852 372 3900 voces
388 3837 468 3902 tales
490 3838 594 3902 nullus
615 3837 733 3902 hebere
748 3836 852 3919 potuit
875 3836 927 3917 jus
939 3851 1073 3925 merum,
1088 3851 1148 3898 mee
1163 3850 1238 3899 esse
1252 3849 1340 3896 verns

153 3951 238 4015 popa
255 3934 345 4015 jnxta
371 3934 612 4016 dispositionem
638 3935 833 4001 sacrosancti
854 3933 989 4013 concilii,
1016 3933 1077 3998 nisi
1100 3951 1183 3998 unns
1212 3932 1342 3998 haberet

23 4034 30 4051 ‘
158 4052 250 4100 uoces
277 4034 456 4115 deputatas.
485 4037 650 4116 Abierant,
679 4036 752 4117 quia
792 4043 916 4117 ternpus
945 4041 1016 4100 erat
1038 4041 1071 4101 et
1106 4035 1186 4098 bora
1212 4030 1342 4115 prandii.

156 4139 225 4216 Quo
248 4143 378 4219 peracto
406 4144 440 4201 et
468 4138 546 4201 horn
573 4139 819 4218 superveniente
848 4136 900 4202 die
930 4136 1042 4201 eodem
1067 4143 1142 4218 post
1170 4133 1340 4210 meridiem,

155 4236 381 4303 convenientes
403 4237 435 4301 in
457 4237 559 4302 locum
581 4239 758 4320 pristinum,
781 4243 1000 4303 tractaverunt
1021 4237 1060 4302 de
1076 4236 1170 4302 modo
1186 4233 1339 4311 ulteriori,

156 4337 232 4419 quid
253 4355 336 4401 nunc
357 4345 467 4403 essent
487 4337 610 4403 facturi.
635 4339 686 4404 Sic
706 4338 825 4404 diversi
847 4337 981 4402 diversis
1003 4336 1202 4402 inhaerendo
1223 4334 1339 4419 opinio-

156 4438 257 4517 nibus
279 4437 406 4519 quidam
417 4438 594 4516 voluerunt,
611 4444 647 4503 ut
661 4437 795 4519 quilibet
816 4444 926 4520 posset
940 4437 1060 4502 habere
1076 4454 1260 4516 regressum
1274 4444 1338 4503 tum

156 4556 233 4603 voce
256 4556 321 4616 sua
343 4545 379 4603 ut
398 4544 517 4619 'posset
542 4557 610 4604 eum
637 4538 714 4603 dare
740 4538 842 4618 alteri,
866 4537 992 4618 quidam
1022 4543 1128 4604 antem
1157 4538 1340 4609 noluerunt:

157 4638 256 4706 etsie
277 4638 366 4703 illurn
387 4639 471 4703 diem
492 4639 700 4706 deduxerunt.
723 4638 863 4706 Tandem
891 4638 1124 4719 concluserunt,
1147 4645 1185 4705 ut
1213 4638 1340 4724 quilibet
