2992 5258
154 404 216 467 252
360 399 433 453 Petri
451 397 485 454 de
502 396 679 452 Mladenonic
695 396 792 452 relatio
810 396 844 452 de
861 398 899 452 Μ.
916 399 942 453 J.
960 399 1019 454 Has
1036 412 1132 454 caum:
1210 372 1214 379 ¹

154 599 282 680 fefellit,
314 601 397 665 sicut
418 607 531 683 posteo
551 598 656 681 patuit
677 598 710 664 iu
732 599 919 681 quibusdam
940 599 1100 666 articulis:
1133 600 1281 682 quoniam
1305 600 1351 666 ibi

154 701 239 781 dicit,
262 701 346 783 quod
364 702 429 782 jatur
444 702 529 765 illum
556 699 749 764 haereticum
775 701 887 777 liabeo,
910 718 1003 781 quem
1025 701 1152 766 volebat
1174 707 1349 783 protegere

154 803 215 867 iste
244 820 301 865 rex
322 800 556 881 Sigismuudns3
580 807 612 865 et
634 804 669 863 ut
695 806 773 880 puto
796 799 840 864 ad·
858 818 966 880 regem
987 802 1141 867 Francius
1162 801 1295 883 scripsit
1308 801 1351 865 de

154 900 348 977 Schallhaus
370 901 495 982 qrrando
519 904 665 965 evaserat
686 899 725 963 de
747 899 943 965 Constantia.

253 1000 313 1065 His
342 1000 440 1082 igitur
469 1000 641 1082 praedictis
663 1000 780 1065 auditis
812 1019 951 1081 apapa,
979 1000 1018 1064 Ι).
1039 1001 1180 1066 Ioannes
1203 1000 1351 1079 recessit,

154 1107 188 1165 et
214 1102 366 1181 magister
393 1101 484 1165 Joau.
516 1100 586 1166 Hus
606 1099 723 1165 mansit
743 1100 776 1163 iu
798 1100 917 1181 palatio
939 1120 1057 1183 papae,
1086 1102 1217 1166 armatis
1239 1108 1349 1165 custo-

154 1201 248 1265 ditus.
282 1200 340 1265 Cui
367 1205 441 1282 post
467 1198 576 1264 datum
604 1196 655 1263 est
675 1199 736 1265 sibi
764 1200 925 1280 pellicium
953 1218 1044 1264 sunm
1072 1219 1132 1282 per
1152 1202 1292 1280 Petrum,
1315 1205 1350 1264 et

152 1301 295 1367 viations.
328 1300 370 1364 Et
396 1300 504 1365 statim
534 1300 644 1364 eadem
667 1306 775 1379 nocto,
809 1301 889 1365 hora
910 1306 946 1364 ut
967 1300 1133 1366 dicebatur
1154 1301 1209 1380 lx,
1233 1300 1350 1365 ductus

154 1404 205 1463 est
224 1399 257 1462 in
279 1399 406 1465 domum
426 1400 564 1465 cantoris
579 1399 832 1465 Constantiensis
855 1400 1018 1480 ecclesiae,
1041 1401 1073 1464 in
1096 1418 1159 1481 qua
1179 1399 1273 1465 domo
1288 1398 1353 1464 fnit

152 1518 236 1563 nnus
268 1499 451 1578 cardinalia
485 1506 518 1566 et
549 1499 665 1564 ibidem
698 1518 756 1581 per
788 1508 860 1565 octo
893 1501 961 1565 dies
995 1520 1052 1582 per
1079 1508 1218 1565 armatos
1240 1506 1351 1563 custo·

153 1598 308 1664 diebatnr.
331 1600 408 1665 Post
422 1601 481 1665 hoc
495 1618 570 1665 vero
586 1599 700 1663 ductus
721 1606 772 1663 est
786 1600 825 1665 od
838 1602 1065 1666 monasterium
1081 1600 1352 1679 l’raedicatorum

154 1698 237 1779 quod
262 1699 348 1781 Jacet
372 1700 405 1764 in
433 1700 542 1764 Rheno
572 1717 629 1764 seu
651 1698 735 1763 dicto
762 1709 892 1779 stagno,
926 1707 960 1764 et
981 1698 1097 1763 ibidem
1119 1698 1289 1778 impositus
1310 1696 1354 1762 ad

154 1818 286 1881 opacum
317 1800 367 1865 vel
400 1799 602 1864 tenebrosum
640 1816 816 1874 carcerem,
852 1805 885 1862 et
907 1799 1089 1862 immediate
1121 1798 1259 1861 vicinum
1295 1798 1353 1861 uui

153 1901 292 1979 cloacae,
319 1901 351 1964 in
374 1919 435 1981 quo
458 1917 558 1981 nsque
580 1899 620 1963 ad
642 1899 830 1963 dominicam
852 1898 1029 1963 Palmarnrn
1052 1902 1107 1973 (24
1128 1897 1222 1961 Mart.
1249 1898 1348 1978 1415)

148 2000 251 2082 jacuit
272 2001 321 2065 vel
336 2000 458 2067 resedit
478 2019 496 2064 a
519 1998 603 2063 dicto
619 2007 771 2080 tempore,
794 2018 856 2079 quo
881 1999 997 2063 ibidem
1018 1998 1079 2062 fuit
1100 1997 1202 2075 datus,
1226 1997 1355 2062 seilicet

152 2120 172 2165 a
197 2101 278 2166 festo
308 2101 339 2165 S.
368 2100 488 2165 Nicolai
511 2100 545 2182 (6
567 2100 657 2178 Dec.)
685 2098 886 2162 confessoris.
920 2097 958 2161 ln
981 2115 1042 2179 quo
1064 2115 1193 2162 carcere
1216 2115 1288 2159 cum
1310 2094 1354 2160 ad

152 2201 274 2282 aliquot
294 2201 487 2280 septimanas
504 2199 675 2280 iacuisset,
704 2199 810 2278 gravis
836 2198 935 2262 febris
957 2206 991 2261 et
1012 2197 1132 2261 ventris
1155 2196 1354 2277 constipatio

154 2319 224 2366 eum
256 2300 388 2376 invasit3
420 2299 466 2363 ita
498 2297 581 2380 quod
610 2298 675 2379 jnm
709 2296 749 2360 de
785 2315 843 2361 sua
864 2298 930 2361 vita
949 2296 1179 2378 desperabant,
1213 2302 1248 2360 et
1269 2314 1356 2377 papa

152 2401 293 2466 Ioannes
325 2399 433 2465 XXIII
463 2399 525 2464 sibi
557 2416 631 2464 snos
659 2397 800 2463 medicos
821 2396 1000 2479 deputavit,
1033 2397 1088 2478 qui
1110 2405 1143 2461 et
1165 2396 1353 2478 clysterisa·

151 2506 268 2566 nerunt
289 2518 360 2564 euru
382 2500 415 2565 in
441 2516 579 2564 carcere.

251 2600 383 2665 Interim
410 2598 528 2664 inimici
554 2597 604 2663 sui
625 2595 822 2676 instigabant
842 2595 1064 2678 praesidentes
1086 2594 1220 2674 concilii,
1245 2601 1283 2659 ut
1299 2593 1349 2659 eis

149 2699 273 2783 judices
302 2707 414 2765 contra
441 2704 474 2764 et
502 2697 656 2763 adversus
683 2697 787 2777 ipsum
809 2696 850 2760 Μ.
872 2697 963 2762 Ioan.
987 2695 1056 2759 Hus
1078 2695 1290 2776 deputareut3
1314 2702 1350 2759 et

154 2801 390 2883 deputaverunt
405 2801 451 2864 eis
467 2806 534 2864 tres
556 2796 789 2862 commissarios
811 2815 868 2861 seu
887 2796 1026 2878 judices,
1049 2797 1115 2861 scil.
1137 2796 1353 2877 patriarcham

153 2900 555 2981 constantinopolitanum,
587 2899 771 2980 episcopum
801 2897 958 2962 Castaliae
981 2902 1014 2961 et
1036 2898 1220 2979 episcopum
1241 2896 1351 2961 Lubn-

153 3019 294 3080 censem‚
318 3018 424 3065 coram
445 3000 560 3080 quibus
582 3006 682 3063 testes
705 2998 885 3062 citabantur
906 3005 939 3062 et
961 2998 1232 3076 examinabantur,
1255 2996 1351 3062 etad

151 3101 337 3181 magistrum
365 3099 406 3164 ad
437 3115 583 3164 carceres
610 3097 650 3162 ad
679 3097 847 3162 videndum
865 3098 974 3179 jurare
997 3098 1084 3179 ipsos
1111 3102 1212 3160 testes
1234 3097 1268 3160 in
1282 3114 1350 3160 ma·

151 3201 235 3266 xima
256 3192 324 3283 eju's
356 3198 540 3265 infirmitate
569 3197 776 3263 ducebantur.
807 3204 946 3274 Quorum
972 3198 1100 3261 nonnius
1121 3214 1180 3276 ego
1203 3196 1294 3274 scivi,
1315 3201 1349 3261 et

152 3317 231 3383 quos
263 3300 345 3379 vidi,
378 3307 452 3363 suut
481 3298 550 3362 isti:
584 3299 704 3380 primus
736 3298 984 3378 Monstcrnberg
1018 3297 1129 3363 doctor
1158 3295 1349 3376 theologiae.

149 3401 265 3467 Petrus
277 3398 410 3465 Steurcb
423 3398 455 3478 (l.
465 3397 603 3478 Storcb)‚
616 3399 669 3478 qui
685 3398 840 3477 quorrdam
856 3398 998 3477 magistri
1012 3399 1187 3477 Pragenses
1205 3402 1239 3460 et
1251 3396 1349 3461 colle-

152 3501 231 3581 giati
246 3505 347 3579 eraut
370 3498 427 3563 sed
440 3516 498 3580 pro
515 3516 598 3562 nnnc
612 3499 645 3562 in
661 3499 759 3579 Lipsk
781 3498 814 3561 in
837 3498 956 3576 biisna3
978 3498 1090 3563 Palecz
1114 3498 1218 3574 etianr,
1234 3495 1349 3561 doctor

152 3599 365 3677 Celsmeister‚
389 3599 443 3679 qui
464 3597 621 3679 quondum
642 3597 701 3661 fuit
724 3598 867 3662 officialis
882 3599 1051 3679 l’rageusis
1073 3597 1219 3675 diocesis,
1243 3597 1347 3661 Beru-

151 3717 229 3764 neca
259 3698 444 3779 collegiatus
476 3699 508 3763 in
535 3698 669 3778 collegio
698 3698 819 3775 Caroli,
850 3699 964 3762 Petrus
986 3699 1158 3763 monachus
1180 3717 1199 3761 a
1221 3695 1252 3760 S.
1275 3694 1349 3760 Cle·

150 3804 272 3864 mente:
296 3795 363 3882 (cui
391 3799 543 3878 magister
572 3798 664 3877 dixit,
697 3802 732 3862 ut
753 3799 831 3879 ipsc,
848 3798 959 3862 retulit
985 3798 1117 3876 ibidem,
1147 3797 1250 3878 ipsum
1279 3812 1351 3862 esse

151 3898 359 3982 principalem
384 3903 417 3963 et
438 3917 584 3979 magnum
608 3899 768 3963 inimicum
790 3916 898 3977 suum;
930 3906 963 3962 et
985 3899 1067 3964 sieut
1092 3897 1234 3961 viderem
1255 3896 1290 3961 in
1311 3915 1350 3961 eo

152 4005 184 4065 et
216 3998 430 4078 consideravi,
464 3999 584 4080 placuit
616 3998 691 4077 sibi,
725 4000 799 4078 quia
830 4018 900 4062 crum
928 3999 1043 4079 gaudio
1065 3998 1120 4063 illo
1141 3997 1254 4062 retulit
1274 4004 1352 4062 aute

152 4100 342 4181 carcerem);
380 4098 456 4163 item
488 4098 588 4163 Adam
620 4098 803 4164 licentiatus
829 4099 953 4180 injure
976 4099 1144 4177 canonico,
1178 4097 1232 4177 qui
1254 4096 1345 4175 dixit

150 4206 321 4280 antequam
337 4206 467 4263 vocatus
481 4198 542 4264 fuit
556 4198 596 4263 ad
611 4217 786 4263 carcerem:
803 4199 890 4263 Bene
905 4200 1046 4279 fecisset,
1062 4198 1089 4263 si
1104 4199 1137 4262 in
1148 4196 1350 4276 llormberga

151 4316 259 4378 regem
279 4304 505 4380 exspectasset.
525 4298 606 4362 item
627 4317 708 4363 uuus
728 4299 843 4378 laicus,
866 4300 920 4380 quui
945 4299 1025 4364 dixit
1047 4299 1157 4377 etiam,
1180 4302 1351 4378 autequam

150 4403 283 4463 uocatus
298 4397 366 4479 luit,
388 4399 420 4463 in
435 4398 625 4463 Bohemico:
641 4400 774 4463 l’lIsairu
790 4399 884 4479 boba,
901 4402 937 4463 ie
953 4398 1086 4463 neuuiem
1101 4414 1137 4462 co
1153 4396 1307 4463 subdditi
1317 4394 1352 4481 *l

153 4568 352 4579 ————--.

207 4629 309 4691 ')Juro
327 4650 367 4695 per
385 4637 463 4693 deum,
483 4651 519 4683 inc
539 4637 600 4683 uibii
620 4637 713 4693 hebere,
731 4637 788 4696 quid
807 4636 924 4684 testificer.
