2992 5258
317 400 359 456 to.
396 400 601 456 controversiae
619 399 654 454 ds
672 413 752 454 cruce
769 405 797 452 et
814 396 997 467 indulgentiis.
1197 406 1259 473 449

67 604 202 682 dsistas,
224 604 279 686 qui
302 603 477 670 secundum
494 603 684 685 scripturam
706 621 838 681 sacram,
864 605 1058 669 senteutiam
1075 611 1257 671 sanctorum

67 705 220 770 foetorum
250 711 285 770 et
307 703 484 769 secundum
514 698 607 767 fidem
630 696 784 769 ecclesiae
806 710 961 769 venturus
985 711 1035 769 est
1058 705 1142 770 circa
1164 704 1259 770 finem

67 807 168 881 recoli,
197 804 281 888 quod
308 805 381 870 talis
410 812 497 869 esset
519 805 569 868 his
599 804 711 868 diebus
734 822 888 869 summum
911 804 1044 885 gradum
1067 806 1099 868 in
1122 807 1257 872 eeclesia

67 905 249 983 vossidens‚
285 922 501 987 summamque
534 905 757 970 auctoritatem
798 923 894 987 supra
928 923 1052 970 omnem
1084 923 1255 988 personam

67 1006 235 1072 :lericalcm
259 1011 292 1071 et
314 1006 457 1071 laicalem
480 1005 518 1069 de
542 1005 637 1087 plena
653 1010 814 1086 potestate
837 1005 898 1069 sibi
921 1006 1101 1083 vendicans,
1124 1008 1178 1088 qui
1196 1025 1260 1072 non

67 1117 142 1175 isset
169 1107 251 1174 alius
281 1107 341 1172 nisi
372 1125 465 1189 papa.
496 1105 589 1170 Unde
612 1105 691 1179 sibi,
707 1132 710 1137 ·
725 1106 848 1171 seilicet
869 1124 981 1189 papae,
1004 1126 1067 1171 non
1091 1126 1162 1172 esse
1184 1108 1260 1172 obe·

67 1208 205 1273 tiendum
224 1207 377 1273 schristi
391 1205 548 1284 fidelibus,
564 1205 621 1270 sed
643 1205 857 1270 resistendum
880 1208 963 1271 sicut
985 1208 1114 1290 capitali
1131 1208 1258 1273 inimico

67 1316 87 1375 et
101 1308 291 1375 adversario
305 1310 384 1374 lesu
400 1308 529 1373 Christi.
551 1307 594 1372 Et
610 1326 679 1372 ctum
694 1307 828 1373 facultas
843 1313 877 1374 et
898 1310 1044 1391 magistri
1066 1310 1257 1392 theologiae,

67 1428 138 1476 tunc
161 1427 233 1475 esso
256 1408 348 1475 valde
372 1427 518 1489 magnum
541 1416 574 1472 et
596 1409 741 1473 nocivum
769 1426 921 1490 errorem,
937 1409 1153 1491 judicassent,
1177 1410 1259 1475 lece-

67 1515 129 1574 unt
150 1507 349 1591 diligentiam
371 1527 480 1585 suam,
504 1507 590 1590 quod
612 1507 685 1572 talis
708 1525 799 1572 error
822 1514 985 1590 purgetur.
1009 1508 1073 1574 Sed
1095 1510 1170 1592 quia
1192 1527 1256 1574 non

66 1611 175 1677 nabent
192 1610 417 1678 auctoritatem
433 1611 502 1675 sive
519 1614 713 1690 potestatem
727 1608 888 1689 judicandi
910 1615 944 1674 et
955 1609 1151 1690 judicialiter
1167 1610 1262 1675 talem

67 1729 200 1778 errorem
222 1709 459 1794 compescendi,
483 1709 646 1791 hucusque
663 1711 742 1775 nihil
764 1708 920 1792 proficere
942 1716 1118 1793 potueruut
1137 1726 1177 1776 sc.

157 1861 239 1928 Item
255 1878 358 1944 nuper
385 1861 481 1941 aliqui
507 1865 757 1939 attentaverunt,
781 1861 865 1942 quod
880 1861 1072 1927 universitas
1088 1861 1262 1942 Progensis

67 1971 236 2047 apponeret
267 1980 302 2027 se
325 1960 481 2025 mandatis
504 1960 602 2040 regiis
625 1959 743 2025 domini
764 1961 869 2044 nostri
893 1961 978 2025 serml
1000 1961 1097 2042 regia,
1121 1965 1155 2025 et
1166 1961 1262 2026 bullis

65 2062 178 2130 lomini
199 2063 301 2129 nostri
325 2078 427 2143 papae
444 2060 484 2126 de
507 2079 601 2125 cruce
625 2068 658 2125 et
680 2059 719 2126 de
741 2061 941 2143 indulgentia
962 2061 1206 2142 contradiceret
1229 2069 1263 2128 et

67 2164 100 2230 ie
123 2162 308 2230 mandatum
331 2162 457 2242 regium
478 2160 736 2243 parvipenderet
768 2162 915 2242 Magistri
937 2162 1118 2244 theologiae
1140 2181 1261 2244 omnes,

67 2264 144 2330 tullo
162 2270 307 2346 excepto,
331 2261 477 2327 videntes
492 2263 526 2326 in
548 2263 606 2328 hoc
631 2279 703 2326 esse
724 2281 870 2343 magnam
893 2262 1099 2328 rebellionem
1114 2270 1149 2329 et
1163 2271 1262 2330 teme·

67 2367 186 2433 itatem
220 2364 312 2430 valde
341 2363 503 2443 nocivam,
530 2365 701 2446 protestati
731 2370 806 2430 sunt
834 2364 961 2447 publice
987 2365 1020 2428 in
1042 2364 1261 2445 universitate,

67 2465 141 2547 ruod
171 2464 295 2531 nollent
322 2483 358 2529 se
385 2482 548 2546 opponere
580 2464 737 2530 mandatis
760 2465 872 2546 regim,
902 2464 1019 2530 domini
1043 2465 1144 2531 nostri
1166 2466 1263 2546 serm,

74 2585 113 2634 ec
138 2584 211 2632 esse
234 2570 349 2631 contra
371 2564 531 2629 dominum
558 2565 767 2646 apostolicum
782 2573 838 2632 aut
859 2567 929 2648 ejus
950 2566 1053 2632 bullas
1076 2584 1135 2649 per
1151 2576 1263 2633 sermum

80 2669 231 2751 'incipem
261 2675 294 2733 et
324 2663 486 2730 dominum
515 2665 553 2729 D.
588 2666 808 2733 Wenceslaum
836 2685 946 2747 regem
975 2674 1134 2732 assumtus
1165 2685 1202 2732 ot.
1225 2686 1263 2734 ac
1348 2716 1355 2731 ,

88 2769 333 2851 ehiepiscopum
362 2775 395 2833 et
423 2768 491 2848 ejus
522 2769 693 2848 capitulum
717 2775 876 2850 acceptas
906 2776 961 2833 aut
991 2768 1102 2833 literas
1132 2769 1261 2834 easdem

95 2869 252 2937 ostolicas
278 2870 390 2951 quovis
412 2868 507 2933 modo
523 2866 662 2959 diffinire
685 2867 735 2933 vel
757 2868 998 2933 determinando
1015 2868 1169 2949 judicare,
1192 2888 1262 2934 cum

117 2972 181 3037 hoc
202 2971 320 3034 nullam
342 2969 566 3035 auctoritatem
589 2969 738 3048 habeant,
760 2968 818 3033 scd
840 2966 944 3033 utfilii
957 2968 1159 3034 obedientiae
1174 2989 1261 3035 mau-

110 3073 141 3137 is
168 3070 353 3153 apostolicis
383 3068 517 3134 firmiter
539 3069 670 3133 obedire
693 3074 726 3133 et
746 3069 980 3134 attentantibus
1001 3068 1035 3132 iu
1062 3069 1260 3134 contrarium

113 3174 140 3238 'e
163 3189 223 3254 pro
246 3188 303 3235 suo
326 3187 421 3252 posse
445 3188 636 3251 repugnare.
658 3169 728 3246 vio
744 3169 827 3233 lacto
843 3168 944 3250 major
965 3186 1050 3250 pars,
1073 3175 1106 3234 et
1128 3169 1174 3234 sic
1190 3169 1260 3233 uni-

121 3272 213 3351 vitas,
243 3271 303 3336 hoc
335 3270 419 3337 idem
452 3269 552 3333 voluit
585 3277 618 3334 et
651 3269 683 3332 iu
716 3269 775 3333 hoc
797 3268 931 3333 tirmiter
954 3268 1075 3335 resedit
1097 3289 1134 3336 ac
1157 3269 1260 3339 mdem

127 3371 206 3439 lesit
220 3370 456 3453 protestationi.

159 3521 198 3587 It
228 3539 292 3587 nou
321 3521 470 3585 obstante
504 3520 561 3585 tali
583 3520 666 3585 facto
691 3521 909 3585 universitatis
933 3528 966 3586 et
987 3521 1149 3587 facultatis
1171 3521 1261 3586 theo·

145 3639 184 3687 ae
206 3621 247 3685 M.
269 3622 412 3687 loannes
436 3620 474 3686 de
498 3621 639 3686 Husiuec
668 3639 765 3686 ausus
787 3621 847 3686 fuit
870 3621 996 3704 publice
1011 3624 1043 3688 in
1059 3623 1167 3688 multis
1183 3623 1262 3687 locis

152 3739 224 3800 are,
247 3721 404 3802 quomodo
427 3721 524 3786 vellet
545 3722 578 3786 in
601 3721 718 3786 scholis
741 3727 880 3786 tractare
903 3723 1052 3787 materias
1075 3723 1180 3787 bullae
1204 3723 1260 3787 do·

169 3841 272 3904 papae
305 3822 344 3887 de
379 3841 472 3888 cruce
506 3831 539 3888 et
572 3823 611 3887 de
645 3822 843 3903 indulgentia
864 3829 897 3887 et
918 3823 1030 3888 audire
1054 3828 1261 3906 opponentes.

164 3932 209 3989 ‘as
235 3932 342 3988 autem
359 3930 391 3988 ct
418 3924 562 4003 magistri
585 3923 766 4003 theologiae
782 3923 1032 4003 considerantes,
1056 3925 1114 3989 hoc
1130 3941 1263 4003 vergere

172 4023 343 4089 alluentium
359 4025 396 4087 D.
414 4025 519 4105 Regis,
543 4025 574 4088 in
591 4012 808 4090 contricionem
825 4032 858 4089 et
873 4025 1065 4107 vituperium
1092 4024 1129 4088 D.
1145 4025 1263 4106 Papae,

182 4125 348 4206 multiplex
372 4125 487 4189 malum
512 4132 544 4189 et
567 4125 742 4206 periculum
765 4125 903 4190 civitatis
926 4127 1114 4206 Progensis:
1136 4125 1262 4189 univor-

185 4233 197 4290 t
219 4224 352 4289 facultas
376 4244 414 4289 ac
436 4225 580 4306 magistri
603 4225 792 4305 theologiae,
815 4225 932 4290 talibus
951 4225 1103 4306 periculis
1119 4224 1264 4289 volentes

207 4331 240 4390 ct
255 4325 462 4397 anfractibus,
485 4343 526 4389 ne
541 4328 750 4408 inposterum
766 4344 823 4407 per
839 4325 1018 4407 quempiam
1039 4331 1264 4405 arguerentur,

200 4432 248 4490 mt
271 4426 362 4490 duos
385 4425 424 4491 de
450 4427 819 4507 magistris-theologiae
841 4427 882 4492 ad
904 4426 941 4490 D.
966 4427 1263 4508 archiepiscopum,

206 4525 483 4608 vdisputationem
506 4527 717 4609 interciperet
733 4534 766 4592 et
788 4527 987 4609 prohiberet.
1011 4526 1053 4592 Et
1075 4527 1146 4609 ipsa
1168 4526 1264 4592 etiam

242 4625 388 4691 faciendo
413 4627 610 4706 diligentiam
633 4645 691 4708 pro
714 4644 810 4708 posse
832 4646 890 4692 suro
914 4627 1040 4708 publice
1062 4627 1095 4691 iu
1118 4625 1263 4708 pluribus

1065 4746 1099 4796 ao
