2992 5258
509 399 597 454 Notae
615 398 747 467 quaedam
766 398 979 466 chronologicae.
1282 405 1342 468 737

249 607 333 664 dmm
357 606 432 663 dom.
459 608 545 676 1112,
559 606 682 663 sabbnto
704 607 733 663 iu
756 607 803 663 die
827 604 899 663 Sixti
923 602 955 683 (b
972 608 1058 677 Arrg.)
1074 606 1114 664 M.
1137 606 1266 663 Joaruros
1283 605 1345 663 Hus

150 707 229 765 veuit
250 706 374 778 Pragum
390 723 469 763 eum
499 722 603 779 magna
631 706 766 763 comitiva
795 706 931 764 clientum
954 723 988 765 sc.
1028 707 1060 765 In
1092 706 1243 764 llirisionc
1266 707 1347 778 Apo·

151 807 291 864 stolorum
316 808 367 881 (15
391 803 465 883 Jul.)
487 814 660 865 recesserat.
684 802 767 885 (MS.
789 808 870 865 unio.
893 805 983 880 Prap.
1009 806 1047 875 X,
1071 805 1111 864 H.
1134 805 1197 884 17.)

250 909 335 966 Anno
358 907 433 965 dour.
458 908 546 976 1412,
570 908 645 965 circa
669 905 774 965 festum
791 906 819 965 S.
838 906 923 969 Galli,
947 908 1018 966 solis
1033 906 1174 966 Bolremis
1197 925 1259 966 cum
1277 922 1348 979 pau·

151 1008 193 1066 cis
215 1008 336 1066 Polouis
358 1009 388 1066 in
411 1008 554 1066 electione
570 1007 695 1066 rectoris
712 1007 914 1076 existentibus,
938 1008 1349 1082 t'ueruntdiseordes.1taquc

151 1109 288 1168 doctores
319 1108 484 1182 theologiae
516 1108 553 1166 ab
571 1109 721 1174 ,electione
744 1109 917 1167 recedentes
947 1109 985 1166 M.
1008 1109 1161 1168 Nicolaum
1192 1109 1344 1179 cacabum,

120 1215 124 1222 '
150 1209 200 1266 olii
222 1225 292 1267 vero
322 1216 506 1267 remanentes
529 1209 735 1268 Christauuum
769 1209 805 1267 de
829 1209 997 1267 Prechatiez
1031 1211 1198 1283 magistrum
1232 1210 1346 1283 auium,

150 1315 294 1380 protunc
317 1309 472 1382 plebanum
496 1309 524 1367 S.
547 1308 701 1367 Michaelis
725 1310 845 1381 majoris
868 1310 1174 1383 civitatisPragousis
1197 1311 1226 1368 iu
1251 1317 1347 1369 recto-

151 1426 212 1468 rem
234 1409 392 1481 legitimum
418 1410 577 1482 elegeraut.
601 1410 641 1467 Et
663 1408 738 1467 lacto
762 1417 885 1468 tractatu
907 1411 985 1468 iuter
1000 1417 1107 1481 partes,
1123 1412 1151 1468 in
1176 1410 1349 1470 electionem

152 1511 313 1582 supradicti
335 1512 376 1570 M.
394 1511 560 1572 Christenni
585 1528 686 1570 omnes
703 1511 888 1570 concorditer
903 1519 1124 1572 consenserunt.
1141 1509 1261 1587 (Cicron.
1280 1513 1346 1571 uoi-

150 1612 248 1670 oersit.
272 1609 379 1686 Prop.)

706 1699 795 1760 1413.

248 1812 351 1872 Sermo
363 1814 503 1896 princeps
519 1813 711 1873 Weuceslaus
725 1815 921 1873 Rornanorum
943 1823 972 1874 et
986 1814 1143 1874 Bohemiae
1162 1832 1226 1891 rer,
1245 1817 1346 1875 volens
1377 1850 1380 1855 -

153 1914 354 1973 dissensiones
381 1916 458 1972 iuter
469 1915 626 1988 magistros
649 1922 678 1973 et
691 1916 841 1975 scholares
853 1923 971 1976 exortas
992 1918 1174 1990 extinguere,
1204 1917 1349 1976 mondavit

153 2019 290 2074 oretenus
303 2021 333 2074 et
347 2015 457 2086 scripto
473 2015 587 2085 Albico‚
611 2017 671 2089 (dei
686 2017 781 2090 gratia
797 2034 850 2090 pro
866 2024 933 2076 tuuc
948 2017 1090 2091 Prageusi
1112 2018 1344 2092 archiepiscopo,

152 2115 223 2174 licet
245 2115 380 2174 Conrado
403 2114 557 2195 uon(dam)
572 2115 742 2176 confirmato
769 2115 923 2196 cesserat)
959 2118 1134 2177 Christanno
1158 2119 1193 2177 do
1221 2119 1349 2177 Prachs·

154 2216 208 2275 ticz
231 2232 284 2289 pro
307 2223 375 2276 tunc
398 2218 595 2291 universitatis
618 2219 734 2288 rectori,
756 2225 787 2277 et
801 2219 841 2277 M.
858 2219 1010 2277 Zdenhoui
1033 2221 1159 2278 omnium
1175 2219 1348 2280 Sanctorum

153 2317 332 2388 praeposito,
345 2335 379 2376 ac
393 2317 505 2378 lumbo
528 2319 673 2378 eeclesiae
689 2306 951 2394 Wyssegradensis
972 2321 1092 2390 decano,
1116 2320 1220 2380 ortium
1244 2314 1348 2380 ba'c'ee·

153 2416 265 2488 laureo,
293 2424 325 2476 at
353 2417 461 2479 auditis
490 2421 622 2492 partibus
657 2421 871 2481 concordarent
899 2427 928 2481 et
957 2438 1058 2494 pacem
1086 2430 1284 2494 procurarent
1305 2455 1349 2469 -

153 2514 275 2597 (Onon.
300 2519 450 2578 unioema't
474 2517 583 2601 Prnp.)

253 2619 298 2678 Ex
324 2619 461 2678 mandato
488 2621 578 2694 igitur
606 2623 684 2696 regis
719 2655 756 2666 -
787 2628 911 2695 quatuor
944 2639 961 2680 a
988 2639 1058 2696 rege
1092 2623 1232 2703 nominati
1265 2639 1350 2685 voca·

155 2727 259 2780 verunt
281 2727 310 2778 et
331 2721 429 2778 vocari
451 2730 647 2792 procurarunt
666 2724 784 2782 Petrum
808 2725 843 2781 de
859 2723 995 2796 Zuoyma,
1012 2726 1153 2784 loannem
1170 2724 1264 2794 Elide,
1287 2725 1351 2784 Sta-

156 2820 280 2880 nislaum
304 2820 340 2880 de
364 2821 545 2896 Zuoymuet
566 2822 744 2896 Stephanum
766 2823 879 2891 Palem,
903 2825 1039 2884 doctores
1054 2826 1221 2897 theologiae
1244 2840 1280 2884 ex
1295 2842 1352 2884 urie

156 2928 248 2994 parte,
271 2929 302 2981 et
323 2922 465 2981 Joaunem
487 2923 622 2984 Jescnicz
645 2924 829 2983 decretorum
847 2924 996 2984 doctorem
1011 2932 1041 2984 et
1062 2932 1282 2997 procuratorem
1298 2923 1349 2986 Jo-

154 3023 239 3082 aunis
262 3022 339 3095 Hos,
364 3024 547 3085 Jacobellum
569 3025 604 3084 de
626 3024 712 3095 Miza,
745 3022 891 3085 Simonem
914 3026 950 3084 de
981 3024 1114 3105 Tissuou
1130 3023 1350 3086 baccalaureum

153 3131 184 3190 in
206 3106 354 3203 theologie
368 3126 504 3196 ,cumsibi
515 3127 625 3199 iunctis
641 3133 723 3198 parte
740 3143 775 3184 ex
791 3126 893 3194 altera,
916 3126 953 3194 ad
969 3127 1083 3186 domam
1100 3126 1177 3186 dotis
1199 3127 1241 3187 M.
1264 3128 1348 3189 chri-

155 3232 252 3290 stauui
275 3231 394 3303 plebani
410 3229 553 3288 ccclesiae
577 3227 605 3286 S.
628 3227 791 3296 Michaelis,
814 3232 937 3298 protunc
967 3227 1167 3286 universitatis
1189 3226 1350 3302 Prageusis

153 3332 286 3402 rectoris,
309 3330 533 3390 adaudiendum
548 3334 578 3387 et
600 3329 809 3388 consulendum
824 3342 914 3399 super
935 3328 1107 3403 purgatione
1130 3330 1212 3402 regni
1235 3328 1272 3389 ab
1290 3332 1355 3403 ejus

155 3430 277 3492 infamia
300 3439 330 3493 et
351 3448 424 3505 pace
446 3434 475 3491 in
498 3430 577 3489 clero
600 3429 787 3502 procuranda
808 3437 863 3489 etc.
884 3465 927 3475 -
950 3427 1070 3510 (Idem).
1304 3433 1308 3441 “

254 3526 341 3593 Auno
364 3532 439 3591 dom.
463 3533 542 3589 1413
565 3531 617 3590 fer.
638 3531 666 3589 Il
688 3533 821 3603 proxima
842 3537 911 3604 post
932 3531 1105 3591 divisionem
1134 3531 1345 3606 Apostolorum

153 3632 305 3713 (171u1.)
332 3633 483 3694 conradus
506 3632 627 3691 claudus
656 3631 834 3692 Teutonicos
860 3632 1044 3693 introductus
1066 3639 1113 3692 est
1144 3634 1173 3691 iu
1202 3632 1348 3704 arehiepi-

156 3751 277 3806 scopum
304 3734 498 3807 Progensem3
525 3739 556 3790 et
577 3733 710 3791 exierant
732 3740 834 3792 contra
856 3750 920 3791 eum
949 3734 1061 3806 aliquot
1082 3735 1288 3806 processiones
1311 3733 1349 3792 de

151 3835 270 3894 civitate
293 3835 412 3907 antique
433 3839 501 3905 post
522 3833 676 3892 ecclesiam
697 3833 727 3891 S.
758 3832 913 3892 Michaelis
937 3841 967 3891 et
988 3835 1142 3892 ecclesiam
1166 3833 1195 3895 S.
1224 3831 1349 3891 Nicolai.

154 3933 250 4012 (Nola
271 3935 304 3992 in
325 3932 388 3992 MS.
404 3935 493 3993 'uuio
517 3930 613 4008 Prap.
637 3931 726 4002 XIV,
751 3929 784 3993 O.
808 3930 875 4013 26.)

653 4045 846 4054 -..-.---——-

251 4118 335 4178 Auno
359 4118 434 4177 dom.
462 4120 538 4177 1417
565 4094 723 4190 episcopus
746 4116 962 4191 Nicopolensis‚
992 4116 1192 4191 suffraganeus
1216 4118 1346 4193 Progen-

150 4220 200 4290 sis,
222 4220 338 4278 nornine
359 4218 551 4288 Hermaunus,
575 4218 710 4277 detentus
734 4225 780 4275 est
801 4219 831 4276 in
847 4218 946 4276 Broda
967 4216 1159 4288 Teutonieeli,
1191 4225 1220 4277 et
1242 4218 1345 4278 duetus

148 4321 180 4381 in
202 4327 328 4380 castrum
342 4320 473 4392 Lipnioz,
496 4319 577 4377 etlbl
593 4313 715 4378 'sabbato
733 4320 865 4389 proximo
887 4324 955 4377 ante
968 4317 1169 4378 Remimscere
1193 4320 1224 4395 (6
1248 4316 1351 4398 Mart)

148 4417 218 4480 iecit
241 4416 414 4506 ordiuos'iu
437 4414 633 4507 subdiaconis,
657 4414 790 4505 diaconis
813 4425 869 4503 etc.
892 4411 1154 4504 (Idemibidem.)

789 4716 794 4762 r

1142 4765 1173 4820 il
