2992 5258
316 432 320 436 -
374 418 445 458 anno
463 405 528 456 1414
546 418 579 455 ex
598 403 693 456 itinere
712 403 917 458 Constantiensi.
953 405 994 458 40.
1013 409 1053 458 41.
1072 408 1112 458 42.
1301 407 1341 472 79

150 625 259 687 magna
280 606 323 670 sit
344 606 490 687 victoria,
524 613 558 672 et
579 613 652 690 post
674 608 837 672 victoriam
867 607 967 688 majus
991 607 1165 688 praemium
1187 613 1220 672 et
1241 607 1341 687 major

150 707 288 771 contusio
322 707 592 789 persequentium.
636 709 723 788 Papa
751 725 814 771 non
841 706 909 770 udr
942 707 1055 772 tollere
1087 725 1274 788 processus,
1308 716 1341 772 et

148 806 239 872 dixit:
273 807 350 888 quid
371 825 431 888 ego
454 809 605 889 possum?
638 814 743 873 minen
766 807 865 871 vestri
888 807 1015 872 iaciunt.
1059 807 1122 872 Sed
1144 807 1242 873 locuti
1264 816 1339 873 sunt

149 907 205 973 duo
229 907 373 990 episcopi
402 919 435 974 et
464 925 546 972 unus
574 908 686 973 doctor
713 907 844 972 euml).
867 907 1141 989 loanneKeplra‚
1176 908 1259 989 qirod
1282 927 1340 989 ego

149 1008 202 1073 sub
224 1008 354 1074 silentio
376 1008 610 1073 concordarent.
655 1009 696 1073 Et
718 1009 764 1073 sic
793 1026 964 1089 cognosco,
1000 1009 1083 1090 quod
1106 1010 1219 1074 timent
1241 1029 1341 1075 meam

151 1110 304 1191 publicam
338 1111 577 1192 responsionem
610 1118 649 1174 et·
674 1109 958 1192 praedicationem,
993 1128 1085 1190 quiam
1113 1127 1208 1191 spero
1230 1110 1269 1174 de
1290 1110 1341 1177 dei

151 1211 275 1292 (gratia)
300 1227 484 1291 consequar,
508 1211 581 1275 dum
604 1229 661 1275 rex
683 1210 901 1291 sigismundus
930 1209 1065 1275 affuerit.
1110 1209 1158 1275 De
1181 1228 1242 1291 quo
1265 1211 1340 1275 milri

151 1310 303 1377 nuntiavit
336 1310 374 1374 D.
398 1311 603 1377 Wenceslaus
636 1311 675 1376 de
704 1311 839 1391 Lestna,
874 1309 957 1392 quod
990 1309 1081 1376 valde
1113 1310 1172 1374 fuit
1204 1311 1340 1393 gavisus
1395 1356 1397 1362 -

153 1410 269 1492 quaudo
293 1412 362 1494 ipse
384 1412 500 1476 nobilis
519 1412 557 1475 D.
574 1412 781 1477 Weuceslaus
802 1411 883 1476 dixit
904 1412 974 1490 sibi,
998 1411 1081 1492 qurod
1097 1413 1204 1492 equito
1220 1411 1340 1478 directe

153 1513 184 1575 al
205 1511 425 1578 Constantiam
448 1514 517 1577 sine
540 1514 627 1578 salvo
650 1514 817 1579 conductu.
839 1512 876 1577 In
900 1512 1044 1578 omnibus
1064 1512 1244 1577 civitatibus
1260 1512 1340 1578 bene

154 1613 302 1693 stetimus,
324 1613 472 1679 honorati
495 1631 616 1694 sumus,
651 1622 684 1680 et
704 1614 921 1680 intimationes
943 1614 1146 1695 apposuimus
1169 1612 1284 1679 latinas
1306 1619 1340 1680 et

155 1715 323 1779 teutonicas
348 1715 379 1777 in
403 1714 584 1781 civitatibus
607 1715 834 1797 imperialibus,
857 1715 889 1778 in
912 1714 1027 1796 quibus
1042 1712 1138 1778 habui
1154 1713 1340 1779 collationes

155 1832 213 1878 cum
235 1815 408 1895 magistris.
453 1815 496 1880 Et
518 1816 612 1882 habui
635 1836 732 1881 uuum
754 1833 1004 1906 praecursorem,
1027 1814 1210 1895 episcopum
1233 1814 1339 1879 Lubu·

156 1934 279 1995 oensem,
310 1917 365 1997 qui
388 1935 449 1983 uno
480 1923 635 1983 nocturno
658 1934 716 1981 nos
739 1935 865 1998 semper
886 1915 1074 1997 praecessit,
1098 1921 1130 1980 et
1156 1915 1340 1996 divulgavit,

156 2015 227 2097 quod
247 2034 299 2080 me
333 2016 488 2082 ducerent
517 2023 696 2089 catenatum
726 2017 892 2095 incurro,
927 2020 960 2080 ct
990 2015 1074 2096 quod
1107 2022 1257 2081 caverent
1277 2034 1337 2096 me,

158 2116 218 2197 quia
238 2134 298 2197 ego
321 2135 546 2198 cognoscerem
569 2125 691 2182 mentes
712 2117 883 2182 homiuum.
928 2116 970 2180 Et
991 2117 1046 2195 sic,
1070 2115 1194 2198 quando
1208 2117 1337 2198 propiu-

159 2218 307 2297 quavimus
330 2216 425 2283 alicui
440 2218 570 2296 civitati,
593 2216 804 2283 occurrebant
816 2218 932 2301 turbae⁵
951 2217 1042 2298 quasi
1057 2217 1096 2283 ad
1113 2217 1336 2299 spectaculum.

161 2315 209 2381 Sed
223 2317 373 2383 confusus
389 2325 439 2384 est
453 2318 598 2383 inimicus
613 2318 787 2397 mendacio,
800 2325 833 2384 et
848 2317 984 2399 populus
999 2323 1110 2398 gratus
1124 2317 1192 2396 luit,
1215 2315 1339 2398 quando

162 2418 265 2484 audivit
297 2419 474 2484 veritatem.
518 2416 614 2483 Certe
642 2416 787 2482 Christus
816 2417 913 2481 Jesus
946 2424 996 2483 est
1026 2436 1148 2484 mecum
1184 2424 1341 2500 mmquam

164 2517 281 2584 bedator
317 2519 425 2598 lortis;
458 2517 530 2584 ideo
559 2537 621 2583 uon
651 2518 762 2596 timeo,
796 2517 871 2598 quid
900 2517 995 2583 faciat
1022 2517 1176 2583 inimicus.
1220 2519 1341 2584 Vivatis

165 2629 264 2700 aucte,
286 2620 387 2686 oretis
409 2621 532 2700 devote,
555 2627 591 2685 ut
613 2620 757 2684 domiuus
778 2618 959 2684 misericors
981 2618 1113 2683 assistat
1126 2618 1210 2697 mihi,
1233 2617 1339 2684 defeu-

167 2717 228 2786 deus
258 2723 291 2786 in
326 2740 377 2786 me
408 2714 548 2786 finaliter
580 2719 682 2800 legem
715 2737 813 2783 suam.
856 2719 973 2784 Datum
1006 2719 1039 2782 in
1073 2724 1190 2797 nocte,
1223 2719 1256 2783 in
1288 2718 1339 2784 die

167 2836 184 2880 s.
201 2821 361 2888 leonardi.

246 2922 396 3001 Aestima,
419 2921 504 3002 quod
525 2918 668 2985 deficiam
690 2920 723 2984 in
746 2920 951 2998 necessariis,
974 2919 1000 2983 si
1033 2918 1239 3000 protrahetur
1264 2936 1339 2983 con·

170 3018 261 3086 cilium.
303 3022 379 3088 ldeo
402 3038 481 3103 quos
504 3021 631 3086 sentitis
645 3021 772 3101 amieos
795 3021 912 3101 petatis
934 3018 973 3084 ab
996 3019 1043 3083 eis
1064 3017 1262 3098 suffragium
1285 3018 1341 3083 sed

172 3121 250 3197 primo
270 3120 388 3204 petatis
410 3119 469 3184 sub
491 3120 681 3185 conditione.
719 3120 870 3186 salutetis
893 3136 1001 3184 omnes
1022 3118 1139 3183 amicos
1161 3125 1194 3184 et
1215 3119 1340 3198 amicas,

174 3218 316 3288 incitantes
339 3239 403 3303 eos,
427 3228 463 3287 ut
485 3229 578 3288 orent
599 3222 693 3286 deum
716 3240 774 3303 pro
797 3240 855 3300 me,
880 3220 953 3300 quia
975 3236 1107 3283 necesse
1129 3227 1188 3284 est.

250 3338 277 3392 a
292 3337 352 3393 ars
368 3337 498 3393 meaa.
515 3356 544 3407 p.
562 3337 680 3391 ,or-ea

251 3422 322 3476 aar.
339 3423 372 3475 ra
389 3422 445 3491 up.
462 3440 489 3490 p.
510 3422 537 3474 c.
557 3421 584 3476 a
606 3422 678 3491 epp.
700 3421 773 3484 aaa,
790 3422 816 3483 1,
833 3420 873 3474 oe
890 3429 914 3471 a
934 3417 976 3472 74.
1011 3418 1109 3487 aanor
1127 3418 1152 3481 1,
1174 3417 1229 3471 131.

712 3737 774 3813 42.

335 3927 510 4012 Eisdem
546 3926 620 4038 (M.
655 3926 846 4012 ‚loannes
879 3925 1149 4041 Cardinalis).

522 4127 715 4193 (Constantios,
736 4131 767 4180 10
785 4128 850 4181 Nor.
871 4132 956 4193 1414.)

459 4293 530 4363 „Ista
548 4270 663 4362 epistola
681 4294 788 4349 videtur
805 4293 864 4349 foro
882 4295 920 4349 M.
938 4295 1034 4350 Joaun.
1054 4292 1213 4362 Cardiualis,
1232 4291 1340 4362 plebani

547 4379 581 4432 de
598 4380 757 4433 Janowica.“

258 4514 403 4581 Fautores
431 4524 464 4581 et
492 4515 583 4580 amici
607 4515 776 4579 carissimi!
806 4515 998 4597 Quamquam
1027 4515 1134 4596 plures
1156 4514 1266 4578 literas
1288 4532 1339 4577 ve-

182 4608 402 4697 armamentis,
425 4617 550 4681 itineris
563 4616 664 4681 nostri
687 4636 723 4681 ac
746 4616 891 4681 stationis
915 4635 998 4680 nuuc
1020 4615 1254 4680 inconstantia
1276 4634 1339 4678 uro-
