2992 5258
598 416 653 474 106.
672 415 802 473 Mondetn
819 415 901 486 regia.
1286 418 1348 486 643

149 621 410 706 aliamimpediat
425 639 482 687 scu
496 620 626 687 infamet
642 620 871 704 quoquomodo.
894 619 996 685 Aliter
1017 638 1080 686 non
1102 620 1226 700 facturi,
1249 628 1350 704 prout

151 743 319 808 corporum
342 730 373 788 et
395 740 503 787 rerum
524 728 702 787 vestrarum
718 721 827 803 gravis
841 720 1008 803 dispendia
1028 721 1193 787 volueritis
1215 723 1348 789 evitare.

149 825 270 892 Datum
301 825 439 905 Pragae,
471 822 523 888 die
555 822 663 887 XVIII
684 822 808 901 Martii,
842 839 1012 903 regnorum
1044 829 1227 888 nostrorum
1265 842 1347 889 anno

150 926 280 993 Bobem.
302 944 337 989 oc.
370 925 440 1005 (oie)

439 1041 490 1107 Ad
510 1041 692 1108 mandatum
714 1041 753 1107 D.
777 1040 888 1123 Regis:
910 1041 1052 1107 ioannes
1075 1041 1114 1109 de
1136 1041 1305 1123 Bamberg.

351 1160 515 1243 Magistris
530 1160 656 1242 ciuium,
678 1161 861 1227 consulibus
877 1167 913 1227 ct
929 1160 1044 1242 juratis
1060 1159 1197 1226 civitatis
1212 1159 1347 1226 Tusten·

435 1263 493 1342 sis,
519 1261 666 1328 fidelibus
688 1263 808 1329 nostris
830 1261 964 1328 dilectis.

733 1632 766 1700 B.

403 1813 594 1880 civibus
628 1808 1094 1899 BuddjorIoeosibus.

570 1999 682 2068 Progne,
700 2015 721 2055 s.
739 2016 764 2054 a.
788 2001 831 2070 (29
847 2001 922 2070 Jun.)

380 2301 441 2365 (Ba
457 2301 558 2371 ora'yin.
577 2302 717 2356 tabularii
733 2303 854 2356 ciuitatis
871 2304 1015 2374 ejusdem.)

255 2618 256 2621 ’
352 2604 557 2671 wenceslaus
579 2605 631 2671 dei
652 2606 756 2688 gratia
775 2623 813 2671 sc.
836 2605 1029 2690 (utsupra).

251 2752 377 2819 Fideles
405 2754 527 2821 dilcctii
572 2756 619 2820 Ex
642 2774 703 2837 quo
726 2756 758 2820 in
788 2755 916 2821 civitate
939 2763 1046 2824 vestra
1069 2756 1286 2823 dissensiones
1311 2763 1343 2821 et

151 2853 309 2919 disturbio
336 2872 401 2920 non
423 2860 513 2937 sunt,
551 2862 583 2921 et
611 2856 793 2921 sacerdotes
823 2862 856 2922 ct
885 2857 1066 2940 presbyteri
1096 2857 1213 2924 ibidem
1241 2857 1346 2922 divina

151 2960 309 3038 peragunt
335 2955 423 3035 juxta
444 2956 714 3021 cousuetudinem
749 2955 904 3022 hactenus
945 2957 1163 3023 observatam:
1191 2957 1344 3035 volumus

151 3060 185 3122 et
206 3055 296 3120 vobis
325 3057 547 3139 praesentibus
581 3056 702 3122 seriose
732 3056 955 3141 praecipiendo
984 3057 1184 3137 mandamus
1218 3057 1344 3121 omnino

149 3158 304 3235 uolentes,
328 3163 484 3237 quatenus
500 3155 620 3221 eisdem
635 3156 855 3223 sacerdotibus
870 3163 904 3224 ct
918 3159 1115 3242 presbyteris
1142 3157 1181 3222 de
1197 3158 1344 3224 censibus

150 3276 260 3325 eorum
282 3257 351 3323 sine
372 3259 484 3339 quovis
499 3276 606 3324 morae
628 3258 795 3341 dispendio
818 3259 1014 3343 respondere
1036 3258 1180 3325 debeatis
1202 3259 1343 3339 integro·

149 3359 226 3426 liter
247 3359 342 3425 etad
364 3359 507 3442 plenum,
536 3359 652 3424 nullam
673 3361 707 3424 in
728 3362 788 3427 hoc
810 3362 1013 3427 renitentium
1035 3361 1204 3442 facientes,
1228 3359 1344 3442 regalis

149 3461 273 3544 gratiae
296 3467 425 3526 nostrae
447 3461 506 3525 sub
528 3459 672 3526 obtentu.
716 3461 786 3528 Dat.
811 3464 944 3544 Progne,
974 3463 1025 3529 dic
1049 3462 1222 3545 penultima
1245 3461 1343 3541 Junii,

150 3579 323 3643 regnorum
350 3568 533 3628 nostrorum
555 3579 591 3630 oc.
614 3564 685 3647 (sic)
764 3630 768 3637 ,

386 3682 435 3748 Ad
456 3683 642 3749 relationem
663 3681 796 3749 Joaunis
823 3683 864 3748 de
885 3683 1033 3749 Lestlrou
1055 3680 1296 3750 subcamerarii:
1313 3681 1345 3763 *J

633 3786 773 3851 Joannes
803 3784 842 3850 dc
864 3785 1028 3867 Bamberg.

352 3901 506 3986 Magistro
539 3905 673 3981 civium,
705 3904 895 3983 consulibus,
925 3905 1041 3986 juratis
1070 3911 1103 3970 et
1130 3901 1345 3970 communitati

434 4005 572 4070 civitatis
593 4005 750 4085 Budweis,
772 4004 919 4071 fidelibus
942 4005 1061 4071 nostris
1083 4005 1218 4072 dilectis.

150 4602 352 4615 ——u—-n

206 4676 232 4741 ⁸)
247 4679 351 4728 ocennee
369 4679 398 4726 de
415 4676 526 4726 Lestbow
544 4692 640 4727 munero
659 4678 859 4738 ,‚subcamererii“
878 4676 1023 4740 fungebatur
1041 4679 1108 4726 annis
1127 4677 1269 4727 itte-17.

1145 4775 1194 4829 41*
