2992 5258
599 403 820 461 Additamentum
842 404 887 459 [ΙΙ.

735 699 762 758 1.

247 876 382 932 Confiteor
410 891 520 945 pravam
544 874 695 944 cupidinem
719 889 822 941 meam,
845 890 900 942 me,
923 890 1005 943 quum
1029 873 1181 929 hrnucdm
1205 872 1329 942 (clericus

150 978 246 1029 essem,
269 960 454 1028 concupivisse
478 975 540 1014 mox
557 960 773 1028 presbyteratum
791 958 908 1027 assequi,
939 957 1043 1012 scilicet
1059 963 1090 1012 ut
1106 957 1178 1012 bono
1195 957 1270 1012 rictu
1287 957 1338 1011 oul-

149 1053 230 1112 tuque
249 1044 354 1097 fruerer
372 1050 400 1097 et
416 1044 487 1097 inter
503 1044 625 1097 homiues
643 1043 803 1111 conspicuus
821 1056 922 1096 essem:
941 1056 1034 1096 rerum
1053 1056 1164 1110 pravam
1181 1040 1253 1095 hauc
1270 1041 1338 1110 cupi·

149 1129 238 1183 dinem
256 1143 316 1182 esse
333 1126 454 1196 cognovi,
476 1143 558 1195 quum
574 1126 669 1182 literas
687 1140 779 1181 sacras
801 1124 1004 1180 intellexissem.
1035 1125 1088 1192 (De
1105 1125 1220 1180 simonia
1237 1125 1257 1192 l,
1274 1127 1342 1187 4291)

733 1335 761 1395 2.

248 1514 292 1568 Sic
302 1512 473 1582 prohdolor!
490 1512 641 1581 presbyteri
660 1515 687 1566 et
704 1509 794 1565 clerici
812 1509 928 1564 recitant
945 1517 974 1566 et
995 1509 1141 1565 decantant
1156 1525 1253 1579 preces
1265 1488 1339 1565 bdra·

150 1599 213 1652 rias
247 1596 308 1666 lpse
332 1612 438 1666 quoque
461 1612 542 1663 quum
566 1611 653 1650 essem
677 1594 828 1650 tirunculus
851 1594 985 1663 (clericus)
1013 1600 1041 1649 et
1069 1609 1129 1650 cum
1153 1594 1216 1649 aliis
1243 1594 1340 1661 vigilias

151 1681 333 1749 decantarem,
351 1682 391 1735 ita
407 1681 591 1747 oanmbumus,
610 1688 640 1734 ut
658 1695 705 1735 eas
723 1678 909 1735 tantummodo
926 1679 1146 1746 absolveremus3
1163 1693 1281 1747 namque
1298 1680 1340 1733 alii

152 1765 303 1820 mercedem
326 1765 504 1833 accipiebant,
528 1779 576 1818 nos
600 1779 663 1817 vero
684 1763 845 1819 occabamns
867 1768 895 1817 et
915 1763 1068 1816 arabamns.
1103 1762 1161 1816 Vae
1185 1762 1273 1823 nobis,
1293 1762 1339 1816 nisi

150 1850 284 1917 utrimque
303 1849 331 1902 in
348 1855 449 1903 rectam
466 1849 537 1902 riam
554 1846 743 1915 rediverimns3
761 1847 861 1901 etenim
877 1846 904 1900 iu
922 1861 1046 1915 magnam
1064 1845 1189 1900 fraudem
1203 1844 1340 1900 incidimus

151 1939 232 2002 atquc
250 1932 330 1988 deum
347 1932 464 1987 ludibrio
481 1932 631 1986 habuimus
666 1931 819 1998 (Tractatus
837 1930 871 1986 de
896 1931 1050 1999 precatione
1069 1929 1112 1984 dei
1131 1929 1152 1997 Ι,
1176 1931 1236 1984 807.

733 2138 762 2198 3.

250 2317 306 2372 Sub
323 2316 429 2370 nominc
447 2320 540 2370 sancto
557 2314 673 2371 foeditas
691 2315 759 2370 latet
776 2322 804 2370 et
821 2315 872 2370 sub
890 2313 986 2384 pulcra
1003 2314 1093 2383 specie
1111 2313 1242 2369 deformis
1260 2314 1336 2370 bans.

151 2398 284 2471 Quantam
302 2405 392 2455 autem
410 2415 543 2468 quamque
555 2399 727 2454 manifestam
738 2399 875 2454 licentiam
887 2400 914 2453 in
931 2398 1047 2454 ecelesia
1060 2398 1238 2468 committant,
1256 2400 1339 2454 latras

151 2483 293 2541 induentes
312 2513 343 2523 -
361 2485 501 2552 sicutipse
513 2499 619 2552 quoque
630 2483 790 2539 adolescens
801 2483 870 2551 prob
882 2483 958 2538 dolor
970 2483 1045 2537 larva
1058 2481 1096 2536 lui
1115 2512 1148 2521 -
1166 2482 1228 2552 quis
1239 2483 1338 2553 Prspae

152 2568 307 2624 describat?
315 2568 438 2636 Namque
460 2568 586 2622 clericum
599 2567 757 2622 monstrosis
768 2567 889 2622 restibus
900 2565 1024 2621 indutum
1036 2565 1169 2620 iacientes
1181 2566 1338 2635 episcopum,

152 2652 292 2721 imponunt
307 2651 409 2718 asinae,
433 2651 503 2705 lacis
526 2650 563 2706 ad
585 2650 699 2706 caudam
721 2667 859 2719 conversa,
884 2651 911 2705 iu
934 2650 1076 2705 ecelesiam
1098 2664 1160 2704 eum
1178 2650 1213 2705 ad
1237 2651 1338 2705 missam

152 2735 261 2802 ducunt,
278 2734 465 2805 praeferentes
486 2735 590 2789 lancem
605 2735 707 2803 jusculi
724 2735 929 2790 cleantharum
946 2733 1161 2803 velampboram
1184 2735 1338 2797 cerevisiam

150 2824 231 2887 atque
249 2818 312 2873 dum
329 2820 398 2873 haec
409 2818 599 2888 praetendunt,
622 2818 669 2873 ille
687 2819 775 2873 cibum
787 2818 976 2887 potionemque
989 2817 1016 2872 iu
1035 2818 1149 2872 ecclesia
1168 2819 1249 2886 capit
1284 2818 1338 2872 Vidi

150 2918 256 2971 quoquo
281 2918 341 2957 eum
367 2917 431 2956 aras
459 2902 610 2956 suffieutem
629 2908 656 2956 et
678 2901 775 2970 pedem
799 2917 904 2956 sursum
922 2901 1061 2955 tollentem
1082 2901 1231 2971 audivique
1249 2918 1339 2971 magna

151 3001 215 3040 voce
232 2986 406 3040 clamantem:
429 2985 478 3040 bril
501 2986 597 3040 Clerici
614 2993 704 3040 autern
721 3000 833 3053 magnas
854 2985 929 3040 laces
947 2999 1085 3039 cereorum
1107 2986 1168 3041 loco
1195 2987 1220 3040 ei
1238 2985 1338 3056 praele-

151 3069 260 3137 rebaut,
290 3069 410 3138 singulas
434 3085 496 3124 aras
519 3070 629 3124 obeunti
653 3076 680 3124 et
711 3069 838 3124 audienti.
873 3068 980 3123 Deinde
1001 3068 1055 3123 vidi
1085 3069 1199 3124 clericos
1225 3070 1339 3125 mcullos

151 3153 273 3221 pellicius
297 3169 392 3209 aversa
423 3161 500 3222 parte
524 3153 668 3208 induentes
695 3160 723 3207 et
754 3155 781 3207 in
810 3153 924 3207 ecclesia
948 3152 1136 3220 tripudiantes.
1173 3153 1338 3222 Spectatores

151 3245 241 3292 autem
272 3236 363 3291 rident
385 3244 466 3304 atque
490 3239 558 3292 haec
587 3238 677 3291 omnia
699 3237 826 3305 religiosa
854 3243 882 3290 et
906 3237 983 3305 justa
1008 3251 1068 3292 csse
1091 3242 1205 3305 putant;
1235 3237 1338 3306 opinan-

151 3329 204 3376 tur·
219 3322 298 3389 enim,
322 3321 373 3376 boc
391 3335 450 3376 esse
475 3323 616 3376 incorum
643 3321 768 3390 rubricis,
791 3321 819 3375 id
847 3326 889 3376 est
910 3322 1048 3376 institutis.
1082 3320 1256 3375 Praeclarum
1282 3335 1338 3374 vero

150 3406 313 3461 institutum:
342 3407 479 3474 pravitas,
505 3406 634 3461 foeditas!
661 3435 694 3444 -
730 3407 819 3474 Atque
852 3421 933 3473 quum
959 3411 1054 3460 tenera
1076 3412 1168 3460 aetate
1200 3411 1230 3459 et
1255 3412 1338 3460 mente

152 3506 247 3558 essem,
265 3491 323 3558 ipse
341 3506 446 3559 quoque
464 3491 559 3544 talium
577 3505 707 3558 nugarum
725 3490 813 3544 socius
831 3505 919 3556 eram;
937 3488 986 3544 sed
998 3496 1029 3543 ut
1045 3489 1166 3556 primum·
1179 3487 1224 3543 dei
1242 3488 1339 3544 anulio

151 3574 261 3642 asljmus
279 3589 370 3629 sacras
388 3575 481 3629 literas
498 3574 651 3642 intelligere
669 3574 753 3643 coepi,
771 3574 862 3628 statim
879 3574 949 3628 banc
967 3573 1110 3640 rubricam,
1131 3572 1160 3627 id
1178 3581 1221 3627 cst
1238 3573 1338 3628 institu-

152 3665 207 3714 tum
225 3659 306 3728 hujus
323 3659 452 3728 insaniae,
475 3676 509 3714 ex
527 3661 642 3716 stultitia
659 3676 719 3715 mea
742 3659 838 3716 delevi.
872 3664 914 3715 Ac
931 3667 1041 3716 eunome
1059 3661 1205 3714 memoriae
1223 3660 1338 3716 domiuus

151 3748 270 3802 Joannes
288 3745 515 3815 archiepiscopus,
539 3748 564 3801 is
581 3746 688 3814 quidem
706 3744 988 3800 excommunicationis
1005 3758 1092 3813 poena
1118 3746 1260 3813 proposita
1276 3744 1339 3799 bunc

151 3832 287 3886 licentiam
317 3829 447 3899 ludosque
470 3832 532 3886 lieri
554 3832 654 3900 vetuit,
683 3830 765 3899 idque
789 3846 891 3884 summo
912 3830 975 3897 jure
1000 3835 1051 3884 etc.
1076 3859 1104 3868 —-
1131 3829 1285 3896 (irrotatur
1308 3826 1338 3881 de

151 3916 306 3984 precatione
331 3914 383 3981 dei,
401 3916 422 3980 I,
440 3916 507 3982 302).

732 4122 761 4182 4.

250 4301 312 4356 Jam
329 4315 393 4355 vero
416 4298 570 4355 sacerdotes
593 4300 718 4369 vulgares
740 4299 870 4354 tenuioris
894 4298 996 4354 ordinis
1018 4306 1046 4355 et
1063 4300 1147 4356 laicos
1164 4301 1337 4370 mulieresque

152 4385 277 4440 fortiores
295 4385 417 4439 veritatis
428 4384 585 4441 defensores
597 4384 783 4453 essecognori,
807 4399 887 4451 quam
904 4382 1029 4438 doctores
1046 4384 1185 4440 literarum
1199 4402 1338 4452 securum,

153 4472 197 4538 qui
220 4475 294 4523 metu
316 4468 425 4523 adducti
454 4470 606 4524 averitate
636 4467 764 4522 deficiant
792 4482 904 4536 eamque
933 4469 1111 4537 pronunciare
1142 4486 1196 4524 nou
1220 4470 1336 4527 audeant

152 4556 214 4622 lpse
232 4569 338 4622 quoque
355 4555 424 4623 proh
442 4553 531 4609 dolori
549 4554 573 4608 is
590 4569 672 4621 eram,
697 4553 743 4621 qui
760 4554 899 4607 veritatem
916 4554 1034 4620 ingenue
1052 4569 1085 4609 ac
1101 4554 1247 4610 manifesto
1263 4554 1336 4625 profi·

155 4638 205 4692 teri
225 4652 277 4690 nou
301 4637 436 4693 auderem.
472 4638 542 4706 Quid
564 4644 654 4692 autem
674 4643 723 4706 est,
747 4637 817 4705 quod
841 4637 879 4691 ita
904 4653 953 4691 nos
976 4640 1122 4706 geramus?
1138 4639 1194 4693 Alii
1217 4638 1335 4694 imbecilli
