2992 5258
363 422 436 480 Ordo
454 421 618 493 procedendi
636 423 663 478 iu
681 438 763 479 eausa
781 424 820 482 M.
836 425 862 480 J.
879 425 947 480 Mur.
966 427 1039 483 1414.
1235 429 1295 495 193

198 628 280 694 Item
305 626 470 710 praelatus
485 627 527 691 M.
542 628 562 693 J
565 644 683 691 oanrtes
699 626 768 691 Hus
791 645 916 707 semper
937 632 1067 708 paratus
1082 626 1142 691 luit
1156 625 1294 691 reddere

96 730 254 793 rationem
276 727 316 793 de
338 726 400 793 fide
422 746 480 792 sua
502 746 608 792 ceram
623 728 776 806 Pragensi
798 727 1037 808 archiepiscopo
1055 726 1093 789 D.
1116 726 1294 807 Sbyncone,

96 829 152 909 qui
173 846 279 894 coram
300 827 515 892 illustrissimo
537 825 680 908 principe
703 833 737 891 et
757 827 884 892 domino
907 828 944 891 D.
967 827 1155 893 Wenceslae
1177 828 1290 899 Rorna-

96 946 212 994 uorum
232 945 310 1009 rege
331 933 366 992 et
377 926 547 992 Bohemiae
569 944 655 1006 rege,
678 946 816 992 necnon
838 944 943 991 corum
964 926 1097 992 dominis
1113 928 1296 1010 patriarcha

96 1027 298 1093 Antiocheno
325 1032 358 1091 et
388 1026 591 1091 Olemucensi
621 1027 787 1110 episcopo,
810 1045 915 1092 eoram
935 1026 1053 1091 illustri
1076 1026 1109 1091 et
1130 1026 1295 1108 magnilica

95 1128 243 1211 principe
265 1126 429 1192 Frideriee
459 1126 537 1191 duce
560 1126 729 1206 Saxoniae,
760 1127 842 1192 sacri
865 1126 990 1208 imperii
1011 1126 1160 1206 electore,
1189 1146 1295 1192 ceram

96 1226 264 1309 magnifico
287 1227 413 1291 domino
429 1225 579 1306 Stiborie,
602 1227 681 1291 duce
694 1226 988 1308 Septemcastreusi,
1012 1227 1064 1307 qui
1087 1233 1163 1291 tune
1179 1226 1297 1290 eratin

97 1329 276 1394 ambasiata
297 1327 492 1392 serenissimi
515 1327 667 1409 principis
700 1336 733 1392 et
766 1326 883 1392 domini
913 1327 951 1391 D.
979 1327 1180 1408 sigismundi,
1214 1345 1299 1392 nunc

98 1429 315 1493 Romanorum
337 1429 423 1507 regis
453 1434 486 1492 et
507 1428 691 1509 Huugariae
713 1428 813 1507 regis,
844 1428 939 1492 etiarn
962 1446 1067 1493 coram
1089 1427 1298 1492 universitate

99 1527 327 1609 magistrorum
357 1533 390 1591 et
417 1527 606 1593 scholarium
629 1527 835 1607 Prageusium
862 1533 937 1591 tunc
967 1527 1007 1592 ad
1036 1527 1096 1592 hoc
1119 1533 1299 1605 convocata,

98 1635 133 1693 et
167 1645 273 1692 coram
304 1628 412 1693 multis
444 1627 626 1706 baronibus,
648 1627 837 1691 militaribus
865 1633 897 1691 et
924 1626 1092 1692 clientibus
1130 1636 1163 1692 et
1193 1646 1299 1692 ceram

98 1727 286 1792 consulibus
308 1734 341 1791 et
370 1726 492 1792 civibus
514 1727 684 1806 Prageusis
707 1726 854 1804 civitatis,
877 1728 908 1790 in
932 1726 1020 1791 curia
1040 1726 1078 1791 D.
1102 1728 1198 1808 Regis
1229 1728 1298 1809 ipse

99 1828 137 1892 Ι).
164 1826 290 1909 Sbynco
305 1826 491 1909 recognovit
505 1827 539 1890 in
552 1826 680 1908 scripto,
705 1826 788 1906 quod
803 1825 919 1890 lectum
934 1832 986 1890 est
1006 1826 1132 1907 publice
1153 1827 1186 1891 iu
1207 1826 1296 1891 audi-

101 1928 190 1993 entia
198 1926 298 1992 totius
309 1926 395 1992 illius
409 1927 589 1991 nominatae
613 1925 854 2005 communitatis,
868 1926 951 2006 qued
961 1925 1081 1990 nullum
1091 1926 1300 1991 sciterrerem

100 2027 153 2092 vel
172 2026 373 2092 haeresimiu
395 2027 694 2106 regneBohemiae3
719 2044 777 2108 pro
800 2043 861 2108 quo
885 2026 950 2106 Jam
971 2026 1124 2091 nominati
1138 2026 1300 2108 principes

101 2125 287 2210 spirituales
315 2132 349 2191 et
375 2126 536 2191 seculares
562 2126 609 2191 illi
637 2127 761 2208 scripto.
790 2127 836 2191 sic
865 2126 948 2191 lecto
976 2126 1101 2208 publice
1130 2133 1164 2191 ct
1191 2125 1300 2192 audito

101 2246 161 2292 sua
182 2225 287 2306 sigilla
308 2224 347 2290 do
369 2226 531 2290 voluntate
552 2226 653 2307 ipsius
675 2226 713 2289 D.
736 2225 979 2307 archiepiscopi
1003 2233 1244 2306 oppresserunt.

205 2325 287 2390 item
316 2324 478 2407 praelatus
508 2325 551 2390 M.
580 2325 722 2390 Joaunes
750 2326 821 2389 llus
842 2324 1055 2390 concordatus
1075 2325 1136 2390 fuit
1158 2324 1300 2407 plenarie

102 2444 165 2509 per
185 2424 289 2489 dictes
303 2424 465 2507 principes
478 2431 513 2490 et
527 2424 613 2504 regis
629 2425 795 2490 eonsilium
817 2443 887 2489 cum
903 2424 1047 2506 praelate
1068 2424 1107 2489 D.
1123 2424 1301 2506 Sbyncone,

104 2526 161 2609 qni
183 2542 223 2588 ex
245 2523 350 2589 edicte
382 2524 483 2607 ipsius
509 2525 634 2589 consilii
654 2531 688 2590 et
709 2524 866 2590 dictorum
887 2524 1065 2606 principum
1094 2523 1205 2590 debuit
1228 2525 1301 2589 lite·

103 2643 160 2691 ras
181 2642 257 2690 suas
278 2624 317 2689 D.
340 2626 445 2707 Papae
477 2625 634 2703 seribere,
673 2643 804 2707 quarum
832 2625 933 2689 forma
955 2624 1092 2689 habetur
1112 2626 1179 2689 sive
1200 2626 1302 2706 eopia,

104 2730 140 2792 in
172 2745 235 2809 qua
267 2722 438 2789 confitetur
466 2727 629 2807 praelatus
665 2725 703 2790 D.
727 2724 868 2807 Sbyuco,
899 2724 984 2806 quod
1006 2724 1123 2790 nullam
1145 2723 1305 2790 haeresim

103 2827 158 2893 vel
183 2842 329 2891 errorem
359 2825 497 2905 aliquem
526 2827 587 2890 scit
610 2825 649 2890 de
671 2825 815 2906 praelato
837 2824 880 2888 M.
903 2825 1027 2890 Joanne
1048 2824 1135 2903 Huc,
1164 2831 1198 2890 et
1219 2824 1304 2906 quod

104 2926 203 3010 petit,
225 2931 264 2991 ut
291 2925 329 2989 D.
352 2925 439 3008 Papa
460 2925 514 3015 det
535 2924 764 2989 relaxationem
786 2923 947 2988 citationis
979 2925 1156 3006 personalis
1187 2931 1221 2988 et
1248 2925 1304 2987 ab·

105 3025 301 3093 solutionem
332 3024 374 3089 M.
396 3025 529 3104 loanni;
552 3024 608 3090 sed
643 3029 746 3089 morte
776 3042 834 3089 sua
862 3025 926 3088 cita
946 3032 1155 3105 praeventus,
1171 3023 1304 3103 legatio·

106 3144 181 3192 nem
202 3125 383 3207 huiusmodi
405 3142 469 3188 ηοη
490 3125 635 3208 perfecit.

206 3227 290 3292 item
319 3226 482 3308 praefatus
513 3226 556 3290 M.
589 3226 730 3290 loannes
756 3223 827 3289 Has
855 3223 972 3289 obtulit
993 3242 1028 3289 se
1051 3230 1198 3306 paratus,
1221 3226 1306 3307 quod

106 3327 177 3392 nult
207 3343 395 3407 comparere
422 3325 456 3389 in
483 3325 624 3407 generali
654 3324 776 3407 syuodo
804 3342 911 3389 coram
929 3325 995 3406 jam
1016 3332 1187 3407 praesente
1201 3329 1306 3392 archi·

107 3427 261 3509 episeopo
283 3425 436 3505 Pragensi
460 3424 497 3490 D.
520 3424 667 3491 Conrado
690 3432 723 3490 et
744 3424 863 3505 videre,
886 3444 927 3489 an
949 3426 1019 3507 ipse
1041 3426 1091 3491 vel
1112 3427 1227 3508 aliquis
1242 3429 1307 3493 ele·

107 3529 195 3593 meus
216 3524 315 3591 vellet
336 3524 398 3589 sibi
419 3525 557 3606 aliquam
579 3526 737 3591 haeresim
759 3524 940 3607 imponere,
970 3527 1044 3607 quia
1065 3544 1101 3590 se
1122 3527 1191 3592 vult
1204 3522 1306 3594 humiss

107 3628 185 3694 liter
206 3623 379 3690 ostendere
400 3624 610 3690 innocentem.
647 3626 800 3691 Similiter
821 3625 983 3707 praelatus
1004 3626 1157 3708 magister
1177 3627 1306 3694 volebat

106 3744 146 3792 ae
168 3723 287 3790 efferre
308 3741 414 3789 eoram
442 3725 631 3805 inquisitore
653 3725 820 3807 pravitatis
842 3726 1024 3791 haereticae
1047 3744 1066 3791 a
1087 3725 1165 3791 sede
1179 3735 1308 3809 aposto·

106 3828 173 3892 lica
201 3825 364 3907 deputate.
400 3824 504 3906 Super
536 3824 652 3905 quibus
677 3824 776 3890 babet
797 3833 946 3906 patentes
968 3825 1098 3905 literas,
1131 3827 1307 3906 inquibus

106 3926 283 4006 inquisitor
296 3941 388 3987 suum
411 3923 561 4006 perhibet
587 3924 812 4005 testimenium,
839 3930 873 3989 et
898 3925 1054 4007 quomode
1078 3926 1114 3991 D.
1141 3927 1307 4009 Archiepi·

107 4044 229 4108 scopus
250 4023 416 4090 censemus
438 4028 501 4104 est,
534 4024 609 4105 quia
639 4043 700 4090 nee
730 4025 809 4107 ipse,
843 4043 902 4090 nec
933 4025 1048 4106 aliquis
1070 4043 1148 4092 suae
1170 4026 1307 4090 diocesis

108 4125 250 4191 clericus
281 4125 316 4189 in
347 4122 468 4205 synodo
500 4125 636 4207 imponit
656 4125 717 4190 sibi
739 4126 910 4207 haeresim,
946 4125 1004 4191 sed
1026 4127 1110 4208 quod
1141 4127 1308 4209 praelatus

107 4225 157 4293 M.
175 4224 247 4290 Hus
269 4224 453 4290 dudonem
474 4240 564 4300 suam
586 4224 735 4306 expediat
756 4242 863 4290 eoram
884 4244 976 4308 papa.
1302 4240 1305 4251 ·

209 4325 295 4392 Item
328 4321 492 4407 praelatus
513 4323 555 4388 M.
585 4325 727 4389 loannes
757 4324 827 4389 Hus
846 4326 910 4407 jam
932 4325 1021 4390 venit
1041 4326 1082 4390 ad
1103 4324 1190 4390 istud
1211 4329 1308 4406 genai

109 4425 180 4490 rale
213 4424 399 4504 concilium,
428 4424 462 4488 in
484 4441 547 4504 quo
568 4423 636 4488 nult
662 4421 754 4487 fidem
778 4442 866 4489 suam
887 4423 1075 4504 ostendere,
1104 4429 1235 4506 paratus
1256 4421 1308 4492 re⁴

110 4525 273 4606 spondere
295 4524 436 4607 publice,
469 4530 506 4587 ut
525 4523 609 4588 sieut
628 4523 719 4587 multi
750 4524 911 4589 sinistram
933 4524 1052 4589 habent
1083 4523 1122 4588 de
1143 4525 1214 4605 ipso
1240 4527 1308 4608 opi·

110 4625 253 4707 aionem,
275 4625 323 4692 sie
343 4624 384 4691 ab
405 4624 476 4707 ipso
496 4623 629 4690 audiant
649 4630 769 4689 rectam
791 4622 893 4690 fidem.

611 4756 813 4767 -α
1112 4742 1143 4793 13
