2992 5258
150 401 214 464 214·
393 394 586 449 decusationes
603 393 640 447 M.
658 393 683 448 J.
701 393 761 448 llus
779 394 890 463 ejusque
907 411 1045 464 respousa
1079 400 1106 452 9.

149 601 195 659 rel
219 606 355 669 sanctum,
386 615 440 671 pro
462 605 531 658 tunc
558 616 613 672 ogo
639 600 786 670 mentirer,
819 599 867 659 vel
897 602 1042 660 adulativa
1072 604 1115 662 sic
1139 603 1266 663 dicendo
1296 603 1344 663 vel

150 702 254 760 timore
274 701 415 773 impulsus
436 700 484 758 vel
505 701 712 760 consuetudine
738 701 848 770 ductus,
871 707 901 759 et
921 703 987 773 plus
1009 703 1053 760 illi
1067 703 1179 761 bomini
1194 720 1343 774 nocerem,

151 818 235 873 qnam
258 802 283 859 si
304 801 432 861 dicerem
453 800 605 858 caritative
626 801 845 870 compatiendo:
869 800 893 859 0
915 802 1030 859 inimice
1055 803 1173 872 Christi,
1196 818 1248 863 cur
1269 801 1344 865 baec

151 902 243 961 sacis?
274 902 338 960 Ista
368 907 465 959 tamen
494 900 619 959 dicendo
647 916 706 958 non
732 916 823 972 nego,
854 901 907 960 sed
929 903 1077 973 approbo,
1105 903 1182 975 quod
1212 903 1344 975 dignitus

150 1002 265 1073 papalis
292 1001 492 1060 ministerialis
521 1007 568 1059 est
595 1001 734 1058 interris
758 1002 836 1058 inter
857 1002 930 1060 alias
953 1002 1111 1075 dignitates
1132 1002 1342 1062 ministeriales

152 1101 338 1161 sanctissima
370 1101 422 1159 sed
443 1101 508 1170 ista,
530 1105 563 1159 ut
583 1098 684 1158 dicunt
704 1101 799 1159 sancti
821 1099 990 1174 Gregorius.
1011 1101 1207 1175 Hieronymus
1229 1108 1261 1161 ct
1282 1103 1343 1175 alii,

150 1218 209 1259 non
232 1198 395 1260 sanctificat
415 1200 569 1269 bominem,
592 1200 645 1258 sed
667 1200 745 1257 bona
765 1202 849 1258 vita..

251 1302 300 1361 27.
332 1296 489 1373 „cbristus
519 1299 645 1359 obedivit
671 1299 819 1359 diabolo.“
863 1300 930 1358 Non
963 1307 1009 1360 est
1033 1301 1092 1361 ista
1117 1303 1285 1374 propositio
1312 1302 1343 1360 in

150 1401 266 1472 libello,
301 1401 353 1461 sed
391 1401 450 1460 ista
480 1399 619 1459 traditur:
651 1399 841 1458 Persuasioni
882 1400 992 1458 diaboli
1019 1401 1152 1463 Christus
1181 1403 1343 1473 consensit

151 1501 229 1560 unde
252 1516 315 1572 cap.
330 1503 368 1559 17
390 1499 460 1559 lolio
484 1496 519 1558 3⁰
534 1499 576 1559 sic
590 1498 710 1557 dicitur:
732 1498 874 1558 Diabolus
889 1500 1036 1572 persuasit
1049 1496 1176 1574 Christo,
1196 1508 1230 1561 ut
1243 1518 1344 1563 secum

149 1602 208 1660 iret
228 1601 265 1660 ad
288 1606 417 1659 sanctam
439 1600 584 1659 civitatem
607 1598 696 1658 etad
717 1606 843 1658 montem
865 1600 1014 1658 excelsum
1036 1601 1128 1659 valde.
1149 1602 1190 1661 Et
1205 1602 1341 1663 Christus

152 1700 209 1759 sibi
229 1700 261 1758 in
282 1701 338 1758 boc
359 1700 569 1759 virtuosissime
592 1698 743 1757 consensit
764 1705 794 1757 et
815 1698 993 1757 voluntatem
1014 1702 1077 1773 ejns
1098 1701 1241 1773 implevit.
1262 1702 1344 1763 Haec

151 1805 219 1858 sunt
240 1799 330 1858 verba
355 1800 464 1859 ibidem
485 1799 591 1871 posita.
633 1797 665 1855 Si
687 1814 757 1870 ergo
781 1798 844 1870 quis
868 1799 935 1869 vult,
966 1800 1043 1871 quod
1065 1802 1252 1872 persuasioni
1273 1818 1343 1862 cou-

151 1900 261 1958 seutire
293 1906 340 1958 est
367 1899 497 1967 obedire,
533 1906 602 1958 tuuc
631 1897 763 1956 Christus
790 1899 832 1957 sic
854 1897 997 1958 obedivit:
1027 1899 1081 1958 sed
1112 1899 1255 1960 illomodo
1284 1917 1344 1961 uon

150 1998 291 2059 diffinitur
311 1998 420 2057 ibidem
442 2005 510 2056 ante
533 2004 653 2070 etpost
674 1998 850 2057 obedientia.
911 2000 917 2013 ‘

250 2100 299 2157 28.
323 2097 472 2171 „Quilibet
490 2097 587 2168 fidelis
608 2096 768 2156 eatleolicus
797 2098 878 2169 debet
907 2099 1012 2167 nidere,
1042 2103 1141 2158 utrum
1169 2100 1344 2161 mundaum

144 2213 247 2270 papae
266 2199 306 2256 sii
326 2208 359 2256 tn
380 2198 516 2256 doctrine
536 2198 705 2270 eouatpalicu
724 2198 770 2257 vel
793 2200 1004 2270 apostolorum,
1034 2202 1061 2257 et
1081 2201 1108 2257 sv'
1128 2199 1181 2269 sit,
1204 2205 1250 2259 eat
1272 2201 1343 2260 obe·

150 2297 298 2368 discedam,
326 2298 353 2355 si
378 2314 448 2367 noa,
475 2299 562 2357 uorr.“
606 2296 668 2354 Ista
689 2314 746 2354 non
769 2304 816 2356 est
836 2314 901 2356 meo
922 2300 1086 2371 propositio
1108 2301 1162 2359 sed
1182 2300 1242 2359 ista
1263 2299 1343 2373 cap⁰

152 2400 190 2456 18
212 2396 282 2455 lolio
306 2400 339 2459 5:
374 2397 505 2456 Pensare
527 2396 616 2456 debet
636 2395 731 2454 fidelis
753 2396 863 2456 Christi
885 2398 1055 2468 discipulus,
1085 2399 1201 2472 quando
1224 2416 1244 2458 a
1264 2415 1342 2473 papa

150 2497 315 2556 mandatnm
344 2504 475 2569 emanat,
509 2503 603 2555 utrum
625 2512 766 2568 expresse
796 2503 842 2555 est
870 2498 1037 2556 mandatum
1067 2499 1190 2571 alicujus
1212 2499 1340 2573 apostoli

149 2598 196 2657 vel
223 2597 296 2671 legis
326 2597 434 2657 Christi
460 2598 507 2655 vel
537 2596 649 2655 habens
681 2594 898 2655 fundamentum
927 2599 956 2656 in
986 2597 1053 2671 lege
1076 2598 1202 2669 Christi,-
1235 2607 1267 2659 et
1286 2600 1339 2657 illo

151 2697 267 2771 cognito
288 2696 379 2756 debet
398 2704 570 2756 reverenter
591 2705 621 2757 ct
641 2697 787 2756 humiliter
808 2698 944 2756 mandato
965 2698 1131 2771 hujusmodi
1151 2698 1292 2771 obedire:
1313 2700 1340 2759 si

149 2805 245 2856 antem
266 2799 417 2871 cognoscit
437 2799 588 2867 veraciter,
610 2798 688 2871 quod
708 2798 873 2857 mundatum
899 2813 994 2870 papae
1014 2799 1113 2857 obviat
1133 2800 1270 2860 mandato
1292 2801 1339 2859 vel

149 2899 272 2957 consilio
302 2899 411 2958 Christi
438 2899 486 2957 vel
511 2899 607 2971 vergit
632 2899 662 2956 iu
693 2898 812 2970 aliquod
843 2899 947 2957 malum
974 2898 1130 2969 ccclesiae,
1161 2905 1232 2959 tunc
1254 2899 1343 2959 debet

150 2999 289 3061 audacter
309 2999 460 3071 resistere,
482 3016 519 3057 ne
542 2999 581 3056 sit
602 2999 751 3070 particeps
773 2998 902 3057 oriminis
925 3015 962 3056 er
982 3015 1140 3057 consensu.

247 3100 321 3158 Item
342 3100 524 3171 capitu1017
545 3098 576 3157 in
597 3096 655 3156 fine
677 3099 720 3158 sic
741 3098 859 3170 scripsi:
882 3099 938 3170 Qui
956 3099 1041 3170 juxta
1061 3098 1157 3170 legem
1179 3099 1228 3158 dei
1250 3113 1335 3171 prae·

150 3200 221 3272 cipit
241 3207 272 3258 ct
293 3200 342 3271 qui
364 3199 472 3268 obedit,
494 3199 572 3258 circa
593 3197 788 3257 obedientiam
810 3204 891 3256 recto
913 3199 1055 3271 procedit,
1088 3204 1197 3257 ettam
1220 3197 1338 3271 quoad

149 3301 377 3372 praecipientem
399 3314 484 3370 quam
505 3299 544 3356 ad
565 3298 808 3356 obedientiarium
830 3299 935 3357 dicitur
956 3298 1096 3361 Deutero,
1130 3300 1180 3355 24:
1207 3298 1343 3375 „Facies

153 3415 349 3473 quaecumque
364 3398 518 3456 docuerint
532 3404 562 3455 te
577 3398 747 3456 sacerdotes
763 3398 879 3467 levitici,
899 3401 984 3471 juxta
1005 3383 1088 3471 quod
1103 3398 1244 3470 praecepi
1264 3399 1338 3468 eis“‚

149 3500 200 3558 ubi
221 3500 364 3572 tangitur,
394 3498 471 3570 qnod
501 3505 677 3568 praeceptor
698 3498 787 3556 debet
813 3498 907 3556 solum
928 3515 1057 3557 consona
1079 3498 1137 3571 legi
1158 3498 1342 3570 praecipere,
1373 3480 1376 3486 ¹

150 3608 182 3660 ct
209 3598 439 3659 obedientiarius
471 3598 508 3657 de
540 3604 621 3656 tanto
649 3598 737 3657 debet
762 3598 821 3657 illis
844 3598 965 3658 obedire
998 3605 1028 3657 et
1054 3614 1209 3670 numquam
1239 3606 1342 3659 contra

150 3701 356 3772 omnipotentis
379 3699 427 3757 dci
448 3698 633 3759 voluntatem.
672 3699 729 3755 Pro
750 3699 807 3757 isto
830 3699 938 3757 adduxi
955 3698 1026 3756 alibi
1040 3698 1243 3770 Augustiuum,
1267 3697 1339 3758 Gre-

150 3798 493 3875 gorium,-Hieronymum‚
505 3799 750 3871 Chrysostomum,
763 3798 935 3870 Iciodorum,
949 3798 1136 3868 Bernurdum
1154 3797 1267 3857 Bedum
1278 3815 1340 3857 cum

152 3903 297 3972 scriptura
319 3916 402 3957 sacra
423 3904 454 3956 ct
475 3917 536 3957 cum
561 3899 727 3967 canonibus
751 3916 832 3971 quiae,
861 3906 892 3956 ut
914 3901 952 3957 sit
973 3899 1097 3967 brevius,
1119 3899 1337 3970 praetermitto:

151 4001 245 4060 solum
274 3999 383 4058 Isidori
412 3999 519 4058 dictum
548 4000 587 4057 sit
608 3999 654 4057 bic
676 4000 720 4057 XI
742 4017 768 4071 q.
792 4001 824 4056 3:
861 4000 900 4067 ls,
931 3999 980 4072 qni
1007 4006 1132 4070 praeest,
1162 3998 1187 4056 si
1218 4006 1336 4071 praeter

149 4100 327 4160 voluntatem
349 4099 398 4158 dei
419 4098 465 4158 vel
487 4099 697 4171 praeterquod
719 4099 749 4157 in
771 4100 925 4171 scripturis
947 4100 1055 4158 sanctis
1077 4098 1232 4158 evidenter
1253 4116 1336 4172 prae·

150 4203 264 4274 cipitur,
292 4200 339 4259 vel
360 4200 432 4259 dicit
457 4199 568 4272 aliquid
589 4199 636 4257 vel
658 4199 796 4271 imperat,
824 4206 969 4273 tamquam
996 4200 1088 4258 falsus
1115 4199 1165 4258 dei
1184 4200 1272 4260 testis
1294 4197 1337 4258 vel

152 4303 314 4375 sacrilegus
336 4300 487 4360 habeatnr.
528 4299 611 4358 Haec
631 4300 682 4358 ibi.

247 4403 297 4463 29.
322 4398 374 4474 „st
393 4401 476 4460 borvvo
497 4403 540 4458 est
557 4400 714 4468 virtuosus,
736 4401 880 4475 quidquid
901 4403 971 4475 cpit,
992 4402 1120 4459 virtuose
1141 4401 1241 4473 cpit“;

252 4504 299 4559 30.
324 4499 379 4575 „Si
398 4502 480 4560 laomo
502 4502 544 4559 est
563 4500 695 4569 uitiosus,
718 4500 863 4576 quidquid
885 4503 955 4576 cpit,
976 4502 1079 4560 vitiose
1100 4502 1189 4574 opit.“

252 4606 301 4665 Sic
329 4609 386 4663 stat
415 4604 553 4674 scriptum
576 4599 658 4676 cap.⁰
680 4605 727 4674 19,
756 4602 827 4662 folio
858 4598 908 4662 3⁰:
944 4603 1075 4663 Ulterius
1102 4602 1262 4662 notandum
1283 4604 1334 4669 est,
