2992 5258
595 461 709 518 Articuli
727 461 804 531 primi
823 479 885 517 nnn.
905 465 979 518 1408.
1294 468 1352 533 163

152 671 345 753 cogitantes:
367 667 650 733 circumveniamus
669 666 800 748 justum,
825 667 972 747 quoniam
995 665 1116 733 inutilis
1139 676 1189 734 est
1210 667 1302 734 nobis
1318 677 1352 733 et

151 771 333 837 contrarius
356 776 406 834 cst
428 768 579 851 operibus
600 767 720 833 nostris
748 775 782 832 et
804 766 991 849 inproperat
1012 769 1103 833 nobis
1118 778 1250 851 peccata
1270 769 1351 853 legis

151 877 184 936 ot
200 868 343 935 diffamat
358 871 390 935 in
413 869 505 934 nobis
521 875 653 951 peccata
668 867 854 949 disciplinae
877 876 1015 933 nostrae.
1038 869 1122 934 Ecce
1145 871 1220 951 quid
1242 871 1352 936 dicunt

149 972 249 1055 impii,
281 971 480 1036 diffamantes
500 970 630 1052 justum,
659 969 743 1049 qnod
764 968 834 1050 ipse
857 969 1091 1050 improperaret
1119 977 1152 1035 et
1175 971 1352 1036 diffamaret

149 1073 182 1138 in
211 1091 267 1139 eos
297 1079 429 1155 peccata
451 1070 637 1152 disciplinae
661 1087 779 1148 eorum,
803 1068 885 1134 sicut
906 1087 956 1133 me
984 1070 1147 1136 diffamant
1179 1078 1212 1137 et
1238 1072 1350 1136 falsum

148 1173 226 1238 mibi
248 1173 447 1238 ascribentes
469 1170 587 1247 dicunt,
615 1169 699 1251 quod
722 1168 848 1235 diffamo
871 1169 974 1251 ipsum
997 1172 1126 1236 clerum.
1173 1171 1250 1236 Cum
1266 1173 1350 1237 enim

148 1282 292 1340 sanctam
314 1273 506 1354 scripturam
528 1270 687 1353 praedico,
712 1289 775 1335 non
799 1288 868 1351 ego,
891 1271 949 1334 sed
971 1272 1192 1353 principaliter
1220 1274 1351 1355 spiritus

148 1381 280 1441 sanctus
309 1382 343 1439 et
370 1372 496 1438 demum
522 1372 680 1454 propbeta
709 1371 854 1436 Christus
883 1372 932 1436 vel
954 1373 1119 1454 apostolus
1157 1392 1233 1438 suus
1261 1375 1350 1441 illam

149 1474 236 1541 dicit.
279 1475 324 1540 Ut
345 1493 416 1540 cum
438 1473 526 1538 dico:
550 1474 665 1555 popule
687 1491 785 1551 meus
809 1474 862 1553 qui
883 1473 1011 1538 beatum
1035 1478 1067 1538 te
1090 1469 1209 1554 dicdnt,
1233 1474 1295 1557 ipsi
1317 1481 1350 1540 tc

149 1575 315 1659 decipiunt
337 1582 370 1641 et
392 1575 474 1639 viam
495 1592 662 1655 gressuum
686 1582 811 1638 tuorum
833 1572 1001 1655 dissipant,
1024 1573 1096 1639 lsai.
1120 1574 1198 1640 dicit
1219 1575 1257 1636 3Ο
1283 1595 1350 1657 cap.

149 1686 183 1743 et
204 1676 331 1756 dicens,
362 1677 437 1760 quin
466 1676 544 1741 baec
566 1673 643 1740 dicit
665 1673 824 1753 dominus,
854 1673 931 1739 dicit
952 1675 1062 1739 Isaias.
1106 1675 1259 1741 Similiter
1280 1695 1350 1740 curn

148 1776 229 1858 dico,
260 1776 412 1842 sacerdos
446 1783 480 1840 et
508 1775 666 1858 propheta
695 1775 878 1840 nescierunt
907 1792 985 1856 prae
1007 1775 1172 1856 ebrietate,
1207 1777 1350 1858 absorpti

150 1887 225 1943 sunt
246 1896 266 1943 a
287 1877 376 1956 vino,
407 1883 517 1942 errant
544 1876 577 1941 in
605 1875 773 1955 ebrietate,
818 1876 890 1940 lsai.
913 1875 992 1941 dicit
1014 1876 1073 1940 24⁰
1102 1895 1169 1958 cap.
1199 1876 1351 1942 Similiter

149 1979 313 2056 cumdico,
336 1984 470 2060 propter
492 1984 624 2059 peccata
638 1977 866 2059 prophetarum
889 1977 959 2057 ejus
982 1983 1015 2040 ct
1035 1977 1220 2058 iniquitates
1243 1995 1347 2043 secer-

149 2078 258 2144 dotum
286 2079 365 2159 ejus,
393 2076 466 2159 quia
488 2076 670 2141 effuderunt
699 2077 884 2157 sanguinem
906 2077 1063 2157 justorum
1089 2078 1121 2141 in
1143 2078 1247 2143 medio
1269 2079 1349 2160 ejus,

148 2179 305 2245 ieremias
322 2178 399 2244 dicit
413 2178 610 2242 Threnorum
627 2179 677 2254 4⁰3
701 2183 734 2241 ct
750 2177 795 2241 sic
811 2177 850 2241 de
866 2177 999 2257 singulis
1016 2179 1191 2260 prophetis,
1209 2179 1346 2259 Christo,

149 2280 303 2362 apostolis
325 2286 360 2345 et
380 2280 446 2344 suis
468 2278 587 2343 sanctis
609 2276 894 2360 praedicatoribus
917 2279 971 2358 qui
992 2278 1111 2343 clerum
1127 2281 1291 2362 corrigunt
1307 2280 1347 2344 de

150 2387 289 2464 peccato.
335 2379 377 2445 lit
398 2385 496 2462 patet,
519 2377 604 2459 qnod
626 2397 686 2442 nec
708 2378 912 2456 excessivam,
941 2397 999 2443 nec
1022 2379 1256 2461 detractorium,
1290 2380 1348 2446 sed

151 2489 267 2548 rectam
290 2489 324 2547 et
345 2498 454 2545 sanam
477 2478 747 2562 praedicationem
770 2479 949 2543 volentibus
972 2481 1077 2544 sanari
1098 2482 1247 2563 praedico
1264 2482 1348 2546 veri·

151 2592 255 2648 tatem.
278 2581 312 2646 Si
327 2580 412 2645 enim
431 2579 529 2661 aliqui
551 2580 590 2643 de
614 2580 749 2644 veritate
772 2578 936 2660 praedicta
958 2581 1221 2663 scandalizantur,
1246 2583 1346 2649 tutius

153 2693 198 2751 est
219 2682 279 2761 (ait
296 2682 471 2764 Gregorius
487 2699 585 2762 super
601 2680 715 2744 Erech.
728 2682 782 2760 7⁰)
799 2681 882 2761 quod
904 2680 1088 2746 scandalum
1110 2682 1232 2746 oriatur
1254 2700 1347 2763 quam

153 2785 265 2850 nerins
288 2784 495 2863 relinquatur.
540 2780 631 2858 Qirod
657 2782 761 2845 scions
784 2782 932 2858 salvator,
956 2782 1078 2846 scribas
1100 2790 1134 2847 et
1161 2783 1346 2864 pharisaeos

154 2883 355 2949 scandalizari
372 2883 411 2946 de
427 2883 572 2960 veritate,
593 2900 656 2945 non
679 2881 808 2945 obrnisit
827 2881 1013 2968 praedicare
1036 2883 1213 2962 veritatem,
1234 2883 1346 2948 dicens

156 2981 245 3048 lieth.
267 2985 339 3049 22⁰:
361 2981 456 3048 sinite
479 2999 544 3061 eos,
567 2981 633 3046 scil.
656 2980 873 3059 scandalizari,
903 2983 990 3046 coeci
1013 2989 1088 3046 sunt
1109 2989 1142 3047 et
1153 2982 1250 3047 duces
1274 3002 1345 3049 coe·

159 3099 264 3148 corum.
309 3083 356 3148 Ex
386 3083 499 3165 quibus
524 3089 621 3164 patet,
651 3082 735 3163 quod
764 3083 883 3148 veritas
911 3101 1020 3147 sacrae
1051 3083 1238 3164 scripturae,
1262 3101 1344 3164 quoe

161 3183 231 3248 onni
252 3184 370 3266 populo
392 3182 513 3263 scripta
538 3190 589 3247 est
610 3181 650 3247 ad
671 3183 869 3260 memoriam,
903 3182 1000 3246 debet
1027 3183 1111 3247 omni
1141 3184 1270 3266 populo'
1288 3184 1342 3248 de·

163 3281 261 3349 clarari
283 3283 457 3350 secundum
479 3281 687 3363 capacitatem
709 3280 906 3347 audientium
929 3289 1024 3363 atque
1047 3292 1180 3366 tempus.

246 3383 293 3448 Ex
320 3383 415 3449 dictis
441 3390 545 3465 patet,
583 3383 682 3446 Rev¹¹¹⁰
706 3383 815 3461 Pater,
849 3383 933 3464 quod
960 3385 1080 3465 primus
1110 3385 1264 3450 articulus
1294 3392 1345 3450 est

166 3477 253 3563 falsus,
280 3484 440 3550 secundus
463 3489 655 3565 syncopatos
679 3491 712 3548 et
733 3485 849 3548 tertius
876 3490 1019 3564 negatus.
1065 3485 1212 3562 eramvis
1234 3493 1341 3551 autem

169 3578 320 3649 adversarii
350 3583 422 3663 mei,
455 3583 512 3648 sed
542 3584 602 3648 dco
631 3590 714 3649 teste
737 3584 811 3647 mibi
835 3584 951 3663 dilecti,
986 3587 1204 3668 ascripserunt
1227 3584 1340 3650 frivole

170 3675 324 3760 hujusmodi
347 3685 514 3750 articulos:
539 3703 599 3748 uon
623 3689 729 3748 tamen
752 3692 828 3765 opto
851 3684 1021 3749 vindictam
1045 3686 1075 3748 in
1100 3688 1155 3765 eiS,
1178 3685 1236 3750 sed
1257 3704 1340 3751 com-

170 3778 241 3847 nito
260 3785 360 3868 ipsam
383 3785 613 3867 potentissimo,
637 3785 847 3849 scientissimo
871 3793 904 3848 et
926 3786 1044 3866 optimo
1063 3786 1172 3866 judici,
1196 3786 1249 3866 qui
1265 3785 1343 3852 dicit

172 3873 318 3950 Deuteron.
334 3891 390 3951 32:
415 3885 512 3966 ,Mihi
534 3884 703 3950 vindictam
717 3891 749 3949 ct
761 3904 820 3966 ego
833 3886 1007 3951 retribuam
1019 3887 1045 3963 ;“
1070 3887 1258 3967 demumque
1275 3887 1342 3950 Vrae

173 3972 230 4036 pua
250 3985 332 4066 Pati,
354 3986 527 4068 subjiciens
549 4004 598 4050 me
614 3986 777 4050 humiliter
792 3995 917 4052 vestrae
933 3988 1094 4067 piissimae
1111 3986 1333 4067 informationi,

174 4087 335 4152 correctioni
374 4096 407 4153 et
440 4087 650 4169 protectioni,
684 4096 842 4169 tamquam
875 4088 958 4152 iilius
991 4087 1157 4166 obediens,
1195 4088 1341 4152 revelans

175 4188 274 4251 nutam
292 4207 394 4254 meam
417 4188 542 4253 domino
565 4188 713 4269 Sabaoth,
744 4189 797 4270 qni
818 4189 903 4269 juste
922 4188 1054 4270 judicat,
1082 4189 1220 4270 probans
1243 4205 1338 4251 renes

176 4277 200 4336 ll
215 4285 304 4369 corda
333 4302 366 4354 ct
388 4289 525 4355 reddens
548 4290 717 4371 unicuique
736 4290 828 4370 Juxta
856 4308 955 4371 opera
976 4307 1042 4368 sua,
1076 4290 1205 4354 damnat
1225 4289 1340 4370 impios

178 4377 201 4532 fl
216 4377 337 4456 finditer
365 4391 467 4457 salvat
491 4392 605 4474 justos.
659 4391 724 4472 Ipsi
749 4392 849 4456 bonor
879 4399 911 4456 et
933 4392 1034 4471 gioria
1064 4391 1093 4453 in
1118 4390 1226 4454 secula
1247 4406 1337 4454 secu·

186 4488 262 4548 irum.
299 4490 408 4556 Amen.
