2992 5258
362 391 420 445 112.
438 389 545 457 Sigism.
565 390 695 445 bohemos
714 400 812 458 monet,
831 399 861 445 ut
878 392 990 449 concilio
1007 397 1129 459 pareant.
1278 397 1340 463 659

149 597 193 647 ur
209 599 302 648 noster
318 597 369 660 est,
387 606 490 659 nosque
508 589 542 645 de
560 591 630 660 Ejus
641 591 787 659 Maiestate
802 591 931 645 dolemus.
951 593 1095 647 Praeterea
1108 608 1156 647 ora
1172 594 1243 662 Ejus
1253 593 1340 662 blm,

149 691 185 733 no
202 678 230 733 iu
247 677 345 733 malam
365 682 468 745 partem
496 675 624 744 accipiat,
648 675 719 743 quod
746 675 820 729 brevi
837 676 907 744 Ejus
930 676 1005 730 Mrem
1026 678 1168 732 convenire
1185 694 1238 732 non
1256 678 1340 746 possi·

149 775 218 824 mus,
236 776 303 814 neve
320 760 465 829 quidquam
488 759 632 813 inhaere
650 757 806 828 addubitet;
828 775 889 814 nam
908 777 989 828 quum
1006 761 1121 829 primum
1138 776 1236 830 papam
1256 761 1338 815 babo-

149 843 245 914 bimns,
263 846 390 900 continuo
407 845 476 913 Ejus
487 843 660 912 Majestatam
679 845 821 899 convenire
833 844 961 900 volumus.
979 845 1053 900 Idem
1071 845 1217 901 baronibus
1234 861 1340 914 qrroqnc

149 926 211 996 ejus
229 930 323 985 nuntia
335 929 519 998 omnibusque,
537 928 583 995 qui
594 927 739 982 adventum
756 933 876 983 nostrum
891 935 1030 997 expetunt.
1046 929 1145 985 Datum
1164 928 1191 984 in
1210 931 1340 985 Constan-

149 1012 188 1065 tia
206 1012 286 1079 (ric),
303 1013 331 1067 in
349 1012 393 1068 dio
412 1011 621 1067 bartholomaei.

698 1375 771 1448 112.

149 1597 448 1712 Sigismundus
475 1597 768 1684 Romanorum
793 1628 867 1684 rex
899 1602 1093 1687 hortatur
1114 1600 1340 1707 Bohemos,

150 1746 199 1818 ut
222 1735 350 1845 juxta
388 1737 600 1844 promissa
638 1765 715 1844 per
750 1737 920 1825 nuntios
947 1737 1028 1822 sibi
1055 1738 1171 1820 facta
1196 1765 1341 1848 perse-

151 1873 367 1956 cutionem
406 1870 506 1954 oleri
552 1871 752 1954 catholici
796 1872 1025 1956 cohibeant
1078 1871 1343 1981 concilioque

150 2001 472 2090 Constantiensi
531 2008 865 2116 morigerentur,
906 2035 959 2089 ne
1001 2005 1124 2113 illud,
1166 2034 1345 2089 censura

148 2140 440 2251 ecclesiastica
467 2165 554 2221 non
575 2138 825 2245 sufficiente,
859 2139 974 2222 aliud
993 2141 1195 2223 auxilium
1221 2143 1342 2224 invo-

597 2302 693 2356 care
722 2285 913 2386 cogatur.

546 2520 728 2586 Constantine,
748 2522 821 2588 1417,
838 2523 854 2574 4
871 2520 946 2590 Sept

646 2729 841 2740 m*

418 2822 462 2888 (a
479 2819 540 2877 us.
558 2822 651 2876 musa
668 2821 780 2876 Bonas
799 2823 825 2883 s,
846 2823 883 2876 n.
901 2821 944 2881 12.
957 2822 1009 2890 fa.
1029 2823 1073 2886 a)

644 2969 833 2979 ..a—mu·-

167 3110 170 3116 ’
246 3107 464 3189 sigismundus
495 3107 546 3172 dei
577 3107 679 3190 gratia
706 3108 918 3172 Romanorum
950 3125 1076 3190 semper
1104 3110 1267 3190 Augustus
1305 3118 1340 3176 et

148 3208 318 3292 Ungariae,
340 3208 525 3288 Dalmatiae,
556 3207 702 3274 Oroatiae
730 3225 768 3272 κ.
803 3225 873 3272 rex:
907 3207 1089 3290 prudentes
1124 3210 1336 3293 honorabiles,

147 3309 257 3377 devoti
277 3308 400 3375 dilectit

249 3409 328 3476 Cum
360 3419 461 3475 sermus
496 3409 654 3491 princeps,
687 3408 787 3476 frater
814 3416 924 3474 noster
950 3409 1150 3490 carissimae,
1183 3411 1221 3476 D.
1245 3412 1340 3479 Won-

147 3510 274 3578 coaluus
301 3528 360 3575 rex
384 3527 421 3575 κ.
451 3529 488 3575 ac
514 3510 657 3575 nonnulli
687 3510 823 3576 barones
851 3514 883 3575 et
912 3508 1035 3574 nobiles
1056 3511 1147 3590 regni
1168 3509 1340 3577 Bobemiae

150 3630 209 3695 per
229 3610 335 3677 varios
357 3611 485 3676 nuntios
507 3616 541 3676 et
562 3611 672 3676 literas
687 3627 772 3689 suas,
794 3627 891 3691 super
906 3609 961 3673 illa
976 3607 1123 3675 dolorosa
1139 3617 1172 3676 et
1187 3610 1340 3694 pestifera

148 3711 283 3778 matario
312 3728 465 3790 errorum,
494 3711 611 3779 dudum
627 3711 678 3776 ab
705 3709 876 3775 universali
898 3709 1032 3775 ecclesia
1054 3709 1281 3790 damnatorum,
1304 3713 1336 3777 in

147 3828 247 3895 regno
269 3810 451 3889 Rubenius,
469 3819 504 3876 ut
519 3811 711 3892 praefertur,
734 3829 792 3891 per
814 3809 966 3891 quosdam
989 3810 1143 3875 notandos
1165 3811 1337 3893 pseudulos

148 3910 230 3979 filios
243 3908 447 3990 diffidentiae,
470 3911 541 3993 plus
557 3929 671 3993 sapere
692 3910 836 3975 volentes
859 3929 951 3991 quain
968 3915 1104 3993 oportet,
1134 3910 1339 3994 -(quisin1·

149 4012 277 4095 plioium
306 4009 399 4075 tidem
427 4018 574 4078 avertere
601 4018 634 4077 et
662 4009 773 4077 fideles
801 4009 950 4091 antiquae
977 4010 1122 4074 nituntur
1144 4012 1337 4092 captivitatis

149 4111 272 4177 ratibus
300 4110 472 4193 implicare,
499 4147 535 4157 -
566 4112 687 4177 utinam
716 4110 878 4191 bucusque
907 4109 1131 4177 damnabiliter
1152 4128 1214 4175 non
1236 4111 1339 4194 impli-

148 4212 291 4279 cassentl
314 4245 355 4257 ·-
382 4211 456 4277 dnm
483 4213 545 4293 logi
572 4211 624 4277 dei
650 4212 795 4277 nolentes
824 4229 895 4277 esse
919 4210 1055 4292 subjecti
1075 4218 1110 4275 et
1131 4227 1220 4275 suam
1243 4228 1339 4292 quae·

149 4319 258 4379 rentes
279 4317 432 4388 statuere,
454 4313 580 4395 publice
602 4312 817 4394 dogmatizant
839 4317 950 4377 contra
971 4308 1044 4375 fidei
1067 4309 1242 4377 catholicae
1256 4313 1338 4378 vori-

149 4419 269 4492 tatem,
309 4412 443 4495 primum
481 4412 642 4478 interdum
675 4412 780 4476 vinum
813 4411 929 4477 bonum
962 4410 1129 4494 ponendo,
1168 4416 1202 4475 ut
1233 4416 1339 4477 tamen

148 4513 298 4578 inebriati
319 4512 439 4577 fuerint
459 4512 631 4592 auditores
656 4518 731 4577 tunc
744 4513 790 4577 eis
813 4511 896 4592 quod
920 4519 968 4577 est
990 4510 1141 4589 deterius,
1158 4511 1340 4592 propinant,

147 4621 181 4677 et
203 4613 236 4678 in
249 4613 391 4677 vestibus
407 4611 511 4677 ovium
527 4613 710 4694 rapacitatis
724 4612 850 4692 lupinae
867 4618 1018 4675 exercent
1039 4612 1284 4688 commercium.)
1302 4648 1337 4658 -

1142 4726 1190 4777 ra*
