2992 5258
146 410 209 471 220
381 404 575 460 accusationes
592 403 631 459 bi.
648 404 674 458 J.
691 404 751 458 Hus
769 401 882 471 ejusque
899 415 1038 470 respousa.
1071 403 1098 456 9.

150 613 181 665 et
202 606 239 665 ad
263 607 307 666 sui
329 608 535 668 exaltationem
556 609 612 668 hoc
639 607 756 678 iaciunt,
779 607 846 681 quia
866 612 899 665 ut
919 605 1091 665 incederent
1112 601 1205 674 nitidi,
1235 600 1342 673 ornati,

102 724 105 729 ·
147 705 355 767 circumamicti
374 709 575 768 varietatibus.

246 831 320 890 Item
332 831 435 891 beatus
452 831 602 906 Remigius
618 833 648 890 in
664 832 769 891 omelia
783 831 862 891 illius
878 829 1034 902 evangelii:
1058 827 1153 901 Super
1168 826 1340 887 cathedram

152 927 293 988 sederunt
314 931 428 990 scribae
451 938 481 991 et
502 931 657 1004 pharisaei,
681 948 770 1003 super
789 931 841 990 illo
863 928 968 990 verbo:
996 928 1129 1003 Alligaut
1149 928 1226 987 enim
1248 941 1343 985 onera

149 1029 249 1101 gravia
280 1035 310 1089 et
337 1030 535 1103 importabilia
557 1038 587 1091 et
606 1033 760 1105 imponunt
781 1049 817 1090 ea
837 1030 867 1090 in
889 1031 1025 1088 humeros
1047 1027 1211 1097 hominum,
1247 1024 1342 1099 digito

148 1134 246 1187 autem
282 1146 335 1188 suo
365 1131 467 1191 uolunt
499 1148 535 1190 ea
566 1149 690 1202 movere,
722 1132 803 1192 dicit:
835 1133 982 1203 lpsomm,
1021 1127 1084 1187 scil.
1117 1125 1280 1186 scribarum
1312 1130 1344 1182 et

148 1224 369 1298 pharisaeorum
391 1227 511 1303 liguram
532 1249 608 1290 nuuc
629 1237 731 1291 tenent
751 1231 884 1303 episcopi
904 1236 935 1289 et
960 1227 1130 1289 sacerdotes
1150 1227 1181 1284 iu
1202 1222 1342 1295 ecclesia,

150 1327 200 1398 qui
221 1328 345 1400 grandia
366 1331 524 1403 praecipue
547 1338 706 1403 praecepta
727 1337 893 1403 proponunt
914 1329 971 1389 sibi
993 1326 1141 1400 subiectis,
1163 1322 1222 1396 ipsi
1244 1328 1342 1380 autem

147 1441 204 1485 uec
226 1426 343 1486 minima
363 1428 525 1502 adimplere
547 1436 658 1503 curant,
692 1429 896 1503 peccatoribus
929 1428 1090 1501 quibusque
1112 1425 1200 1485 etiam
1222 1435 1344 1496 gruum

149 1525 359 1596 poenitentiam
380 1528 539 1600 imponunt,
561 1530 609 1602 qui
631 1546 686 1589 nec
708 1529 853 1588 minimam
872 1529 939 1601 jure
960 1526 1135 1587 custodiunt
1177 1524 1259 1582 Haec
1280 1518 1342 1580 ille.

149 1624 191 1682 Et
220 1631 303 1697 patet
334 1629 530 1700 suppeditatio
560 1647 597 1689 ex
624 1630 681 1690 isto
711 1629 819 1689 Christi
846 1628 951 1687 verbo:
983 1625 1116 1699 Alligant
1143 1624 1221 1682 enim
1249 1632 1344 1680 onera

148 1725 251 1796 graus
272 1733 303 1785 ot
322 1728 521 1801 importabilia
543 1737 574 1790 et
593 1732 745 1802 imponunt
763 1728 793 1787 in
809 1728 945 1787 humeros
960 1727 1115 1794 hominum,
1137 1723 1229 1797 digito
1243 1728 1343 1780 autem

150 1840 203 1881 auo
225 1827 329 1886 uolunt
350 1844 386 1887 aa
407 1845 531 1889 movere.

250 1947 296 2007 Er
315 1950 375 2024 j'am
398 1953 483 2012 dictis
514 1961 594 2027 patet
628 1953 714 2012 etiam
737 1955 771 2010 2⁸
790 1968 858 2024 pars
885 1949 1011 2020 articuli,
1044 1950 1107 2011 scil.
1140 1945 1218 2022 quod
1244 1943 1344 2003 clerus

150 2049 301 2107 avaritiam
325 2052 506 2127 multiplicat,
529 2061 560 2112 et
575 2071 610 2111 cx
625 2053 676 2110 illo
692 2052 837 2112 Jeremlae
854 2055 887 2109 8:
910 2051 1062 2109 ilminore
1082 2064 1172 2121 usque
1188 2044 1344 2104 maximum

151 2161 252 2204 omnes
274 2150 423 2208 avaritiam
447 2160 606 2226 sequuntur
628 2158 656 2210 et
679 2169 695 2209 a
719 2152 872 2209 sacerdote
894 2167 985 2223 usque
1005 2150 1042 2207 ad
1058 2148 1231 2221 prophetam
1245 2143 1344 2204 cuncti

152 2241 262 2304 iaciunt
282 2249 471 2309 alendusium.
515 2253 602 2311 Patet
623 2254 709 2310 etiarn
732 2267 786 2324 per
806 2251 880 2308 illud
903 2249 981 2307 beati
1013 2247 1148 2320 Gregorii
1170 2245 1278 2303 omelia
1305 2243 1343 2300 17

153 2341 297 2404 dicentis:
318 2348 502 2424 Plerumque,
526 2352 603 2425 quod
618 2352 734 2424 gravius
757 2358 812 2425 est,
836 2350 1015 2418 sacerdotes,
1039 2348 1106 2421 quia
1126 2345 1248 2418 propria
1271 2344 1343 2401 dare

152 2443 322 2521 debuerant,
346 2450 442 2509 aliena
457 2451 604 2525 diripiunt.
628 2452 667 2511 Et
687 2468 741 2524 per
762 2451 841 2510 istud
855 2450 935 2508 beati
951 2448 1096 2507 Bernardi
1119 2462 1208 2517 super
1229 2443 1345 2502 cautim

155 2559 289 2604 sermone
313 2546 383 2607 77⁰:
416 2552 506 2623 Quem
530 2553 613 2611 dabis
635 2553 705 2611 mihi
735 2553 771 2611 de
794 2567 914 2609 numero
937 2549 1178 2621 praepositorum,
1211 2544 1341 2618 quinon

152 2643 218 2714 plus
239 2645 393 2720 invigilent
410 2652 447 2710 dc
470 2653 649 2712 subditorum
672 2652 828 2713 vacuandis
851 2651 1016 2722 marsupiis,
1039 2665 1122 2722 quam
1139 2646 1218 2704 vitiis
1234 2643 1341 2704 exstir-

152 2745 280 2814 pandis?
322 2749 395 2808 ltem
423 2767 476 2823 per
496 2752 568 2812 illud
592 2754 697 2811 dictum
724 2754 870 2827 ejusdcm:
906 2751 988 2809 Sacri
1009 2750 1116 2822 gradus
1139 2747 1200 2805 dati
1223 2750 1291 2803 suut
1311 2744 1342 2802 iu

153 2845 336 2906 occasionem
355 2853 448 2922 turpis
464 2853 537 2912 lucri
549 2861 579 2912 et
591 2861 741 2927 quaestum
757 2855 915 2912 aestimant
929 2852 1077 2923 pietatem.
1098 2851 1171 2907 ltem
1193 2862 1249 2919 per
1269 2843 1342 2903 illud

152 2942 357 3008 Lincouiensls
379 2952 408 3009 iu
431 2969 564 3012 sermono
590 2955 754 3012 innocentii
782 2959 800 3010 4
822 2954 859 3011 ad
882 2968 1002 3023 papam:
1032 2949 1184 3020 Completa
1209 2953 1257 3005 est
1287 2960 1344 3003 vox

154 3045 346 3118 prophetalis,
380 3067 437 3124 qua
459 3053 573 3111 dicitur:
601 3054 806 3126 Unusquisque
837 3052 965 3110 declinat
993 3050 1030 3107 ad
1052 3047 1202 3106 avaritiam
1224 3060 1346 3104 suama

155 3161 290 3216 supremo
311 3166 403 3223 usque
425 3153 463 3211 ad
484 3153 686 3226 novissimum,
709 3154 906 3225 uuusquisque
929 3151 1040 3209 lucrum
1061 3147 1200 3206 avaritiae
1218 3152 1345 3215 sectans,

153 3245 183 3302 iu
205 3245 260 3306 hoc
281 3251 416 3310 nesciens
439 3254 629 3313 saturitatem.

255 3373 295 3431 Et
309 3377 379 3449 quid
399 3395 522 3438 necesse
546 3386 592 3438 est
611 3386 656 3438 tot
676 3379 837 3451 scripturas
860 3385 889 3436 et
910 3378 987 3436 dicta
1007 3383 1171 3435 sanctorum
1187 3373 1346 3441 adducore,

155 3489 218 3530 cum
240 3476 362 3535 avaritia
383 3478 455 3536 cleri
478 3481 517 3538 sit
537 3480 592 3538 toti
614 3480 720 3537 mundo
743 3479 780 3537 ad
802 3479 915 3538 oculum
938 3476 1099 3545 manifesta
1122 3482 1346 3548 propterquam

156 3574 293 3634 scismata
325 3586 391 3637 sunt
420 3580 450 3637 in
472 3581 605 3650 ecclesia,
639 3581 717 3639 bella
745 3596 798 3652 pro
829 3579 1048 3651 episcopatibus
1079 3577 1168 3634 multa
1196 3581 1228 3633 et
1250 3572 1349 3632 valida

155 3675 331 3735 homicidia?

256 3803 356 3861 Tertia
378 3819 446 3874 pars
469 3803 584 3862 articuli
606 3804 705 3872 istius,
736 3805 797 3863 scil.
821 3806 890 3863 ista:
914 3805 1016 3864 Clarus
1045 3801 1182 3860 malitiam
1205 3798 1344 3873 protegit

156 3908 245 3975 patet
288 3904 362 3962 b'am
385 3906 449 3977 quis
473 3906 616 3965 scismatis
632 3907 770 3965 malitiam
786 3906 924 3979 protegit,
947 3906 972 3963 si
987 3922 1045 3963 non
1061 3905 1167 3979 clerus,
1189 3899 1348 3975 allegando

157 4004 317 4076 scripturas
340 4012 369 4064 et
390 4005 520 4065 rationes
542 4006 704 4079 ponendo?
746 4007 816 4078 Quis
839 4006 1026 4065 simoniacam
1048 4003 1194 4062 haeresim
1215 4006 1349 4073 excusat,

157 4107 182 4165 si
204 4122 263 4164 uon
285 4107 402 4166 clerus?
435 4107 575 4166 Similiter
595 4108 755 4177 avaritiam,
787 4123 844 4180 qua
865 4124 938 4164 unus
966 4104 1127 4164 accumulat
1147 4101 1234 4160 valde
1255 4100 1349 4160 multa

156 4205 307 4275 beneficia,
336 4213 367 4266 et
387 4208 522 4267 similiter
544 4213 591 4266 ast
611 4208 647 4265 de
669 4208 802 4278 luxuria;
834 4224 899 4265 nam
933 4205 1094 4277 prohdolor
1128 4201 1211 4261 multi
1243 4199 1345 4261 clerici

157 4307 316 4379 simplicem
332 4308 555 4367 fornicationem
578 4314 719 4367 excusant
740 4323 758 4365 a
780 4316 900 4378 peccato
923 4305 1048 4374 mortali,
1071 4312 1099 4363 et
1120 4320 1198 4362 nuno
1219 4301 1350 4374 allegant

158 4407 381 4477 impertinenter
400 4408 473 4467 illud
495 4410 650 4481 scriptum:
673 4409 804 4467 Crescite
827 4414 857 4466 et
877 4404 1119 4478 multiplicamini,
1141 4419 1219 4461 nunc
1242 4401 1350 4470 dicum

159 4506 227 4578 quia
246 4509 378 4567 naturale
401 4515 453 4578 est,
487 4509 529 4568 sic
549 4509 624 4581 ipsis
646 4510 835 4578 commisceri,
857 4523 943 4577 nunc,
965 4507 1111 4580 quianon
1133 4508 1259 4575 possunt
1278 4516 1349 4560 cou-

158 4607 261 4676 tinere,
277 4613 307 4666 et
318 4609 359 4667 sic
372 4609 408 4668 de
419 4610 515 4669 multis
528 4609 771 4679 excusationibus,
788 4609 824 4667 de
837 4608 940 4682 quibus
953 4608 1024 4668 dicit
1034 4609 1132 4680 justus
1143 4604 1258 4677 psalmo
1275 4604 1350 4661 140:
