2992 5258
271 204 310 256 18.
346 201 525 257 wenceslaus
541 215 590 255 rex
607 207 635 253 at
652 199 724 254 card.
743 198 921 268 landulphus
938 197 972 253 de
990 197 1104 253 concilio
1123 197 1227 253 Pisano.
1276 200 1337 266 367

126 402 340 473 &minorum
361 423 513 485 meorum,
535 403 603 467 DI).
627 400 859 482 cardinalium,
882 402 968 468 circa
988 400 1252 485 exstirpationem
1273 405 1338 470 exi·

125 505 226 575 naha
240 506 437 586 schismatis,
453 503 538 587 quod
549 504 721 570 Romanam
736 501 790 567 diu
805 501 913 568 divisit
928 503 1095 569 ecclesiam
1110 510 1143 570 et
1158 505 1340 571 universum

119 623 273 689 gregem
304 604 495 672 dominicum
527 603 756 686 multiplicibus
788 603 946 683 angustiis
979 611 1069 669 tanto
1098 603 1163 687 jam
1195 611 1340 688 tempore

119 707 353 791 perturbavit
376 713 472 789 atque
488 704 572 771 circa
593 703 812 770 reductionem
836 703 961 769 unionis
987 709 1020 768 et
1042 706 1129 788 pacis
1150 705 1184 770 iu
1206 706 1342 772 ecclesia

115 816 253 874 sancta
284 807 353 889 dci,
387 807 570 890 plenissime
600 806 760 884 enarravi;
788 806 828 871 ab
850 805 969 886 eadem,
999 807 1098 871 veluti
1120 827 1160 873 ex
1181 815 1341 891 potestate

118 908 317 991 imperialis
332 909 489 989 culminis,
511 909 613 992 prima
627 908 821 990 protectrice
845 907 1006 973 Romanae
1029 909 1192 988 ecclesiae,
1214 911 1341 975 nomine

119 1008 281 1093 praefati
313 1009 397 1077 sacri
429 1009 555 1091 collegii
587 1008 627 1074 ad
660 1007 796 1073 schisma
828 1008 1008 1090 hujusmodi
1040 1008 1280 1091 exstirpandum
1301 1008 1341 1075 do

119 1110 250 1178 medio
266 1111 419 1178 ecclesiae
443 1117 477 1177 et
491 1111 640 1176 unionem
662 1108 873 1175 reducendam
896 1109 928 1174 in
951 1126 989 1175 ea
1010 1109 1163 1174 auxiliare
1179 1109 1342 1177 brachium

119 1209 288 1292 ejusdem
319 1211 490 1294 potestatis
524 1211 712 1294 suppliciter
733 1211 907 1293 imploravi.
929 1212 956 1274 Α
979 1228 1056 1304 qua,
1079 1210 1233 1292 cujusque
1254 1229 1342 1277 man·

120 1309 234 1393 dato,
268 1320 386 1394 quanto
421 1313 480 1378 sub
511 1313 632 1377 bonore
665 1311 706 1376 ob
728 1311 780 1376 dci
802 1311 1013 1376 reverentiam
1035 1317 1068 1375 et
1090 1311 1244 1378 ecclesiae
1266 1330 1342 1379 suae

120 1431 178 1480 ae
201 1412 417 1496 praefatorum
440 1419 567 1496 patrum
595 1419 745 1495 respectu
770 1418 920 1494 receptus
942 1411 1073 1491 fuerim,
1101 1412 1177 1477 alibi
1200 1413 1264 1480 erit
1284 1430 1343 1479 suo

123 1519 291 1596 tempore
337 1514 563 1580 enarrandum:
597 1514 656 1579 sed
687 1531 746 1595 pro
779 1510 974 1594 gratitudine
1007 1511 1175 1578 referenda
1207 1514 1343 1580 subinde

127 1613 214 1677 vm
236 1613 427 1680 Celsitudini
456 1615 607 1680 universa
638 1615 735 1680 debet
757 1613 892 1679 ecclesia
913 1630 1033 1677 memor
1055 1631 1136 1678 esse.
1159 1613 1209 1678 nd
1230 1632 1343 1697 preces

125 1720 251 1784 autem
265 1732 362 1795 meas,
385 1733 463 1797 qaas
478 1733 576 1799 super
591 1714 792 1798 praestandis
813 1714 853 1779 ad
869 1713 985 1779 dictam
1001 1713 1149 1780 unionem
1164 1713 1343 1781 faciendum

128 1816 334 1896 opportunis
349 1815 491 1896 consilio,
514 1817 630 1882 auxilio
654 1824 687 1882 et
701 1817 809 1882 favore
832 1835 889 1898 pro
912 1822 1004 1897 parte
1025 1814 1183 1880 dictorum
1199 1815 1340 1882 domino·

128 1931 215 1981 rum
247 1934 405 1994 meorum,
439 1925 535 1999 prout
564 1935 617 1982 res
639 1918 709 2000 ipsa
731 1917 848 2009 exigit,
883 1915 951 1979 V¹⁸⁹
987 1915 1114 1980 extribui
1135 1906 1236 1998 Motu,
1258 1916 1340 1983 adeo
1422 1950 1425 1957 ·

130 2016 282 2097 benigne
315 2023 475 2098 tamquam
509 2017 790 2093 christianissimus
824 2016 973 2099 princeps
995 2020 1028 2081 et
1049 2034 1144 2080 verus
1167 2016 1342 2083 catholicae

131 2112 219 2180 fidei
249 2121 413 2199 protector
435 2124 468 2184 et
489 2117 595 2183 fautor
621 2116 878 2184 condescendere
900 2117 1133 2204 dignatiestis,
1155 2125 1191 2182 ut
1212 2117 1253 2182 de
1267 2136 1343 2200 sup·

113 2256 119 2273 .
131 2210 273 2295 plicatis
307 2234 366 2299 per
398 2235 448 2282 me
483 2216 558 2282 dicti
592 2219 674 2282 sacri
707 2217 832 2298 collegii
855 2216 981 2282 nornine
1003 2216 1042 2281 de
1065 2216 1189 2283 liberali
1210 2234 1344 2283 assensu

125 2309 225 2380 nibil
247 2317 350 2383 voluit
370 2316 547 2384 Clementia
570 2322 624 2385 Ψ*
652 2318 851 2397 subtrahere,
874 2318 958 2382 sieut
973 2335 1012 2380 ex
1034 2317 1198 2383 literarum
1215 2335 1343 2383 suarum

123 2416 345 2483 continentia
367 2425 489 2483 certum
516 2436 587 2483 esse
611 2419 787 2499 mandavit,
822 2419 943 2484 tenoris
966 2417 1114 2483 videlicet
1135 2418 1344 2503 infrascripti:

247 2516 454 2584 wenceslaus
487 2519 539 2583 dei
572 2521 675 2600 gratia
708 2519 795 2584 llorn.
819 2538 875 2583 rex
898 2524 957 2584 otc.
985 2518 1068 2599 (nido
1090 2519 1201 2581 literas
1218 2540 1343 2600 macce-

120 2603 263 2682 dentes

247 2622 451 2802 quapropter
479 2719 519 2785 de
548 2721 711 2786 voluntate
741 2728 775 2785 et
796 2720 890 2801 plena
917 2721 1109 2787 arrctoritate
1131 2721 1207 2786 mihi
1229 2723 1263 2786 in
1285 2722 1344 2787 lrac

28 2838 30 2845 ·
117 2820 240 2886 narce
273 2838 426 2885 concessa
458 2839 516 2903 per
549 2821 710 2903 praefatos
734 2831 838 2884 reu¹¹¹⁰s
861 2821 895 2885 in
917 2820 990 2886 Chr.
1014 2829 1122 2903 patres
1145 2829 1179 2887 et
1200 2821 1344 2887 dominos

116 2918 245 3012 {neos
267 2921 413 2988 dominos
430 2922 573 3003 ejusdem
588 2923 748 2988 Romanae
764 2922 917 2987 ecclesiae
944 2921 1140 3001 Cardinales,
1162 2920 1346 3004 plenissime

116 3011 338 3089 ¹11formatus
359 3023 465 3103 vobis,
492 3022 636 3106 praefato
659 3031 749 3087 ser¹¹¹⁰
771 3022 907 3104 principi
930 3022 967 3086 D.
992 3021 1178 3088 Wenceslao
1203 3022 1289 3087 Rom.
1312 3028 1345 3088 et

117 3099 226 3187 Βοὴ.
249 3122 328 3205 regi,
352 3123 477 3189 nornine
501 3131 534 3190 et
555 3142 613 3207 pro
632 3131 723 3206 parte
746 3123 822 3189 dicti
845 3123 927 3188 sacri
950 3122 1075 3204 collegii
1096 3121 1190 3187 fidem
1205 3123 1345 3202 facimus

118 3218 364 3289 promittimus
398 3232 431 3290 et
464 3225 650 3307 pollicemur
682 3226 715 3289 in
739 3225 856 3289 virtute
883 3224 1028 3306 praestiti
1048 3224 1240 3305 juramenti,
1263 3223 1347 3305 quod

120 3316 396 3389 ambassiatores
430 3329 462 3388 et
495 3330 719 3406 procuratores
753 3324 819 3388 Vf⁸⁰
849 3325 968 3405 Regiae
991 3323 1103 3405 lfaj‘r,
1137 3342 1232 3404 quoa,
1266 3325 1348 3391 sicut

122 3418 312 3490 Praefatae
336 3430 463 3489 vestrae
485 3424 599 3489 literae
623 3425 805 3504 continent,
831 3425 872 3491 ad
894 3424 1012 3490 dictum
1034 3444 1158 3490 sacrum
1181 3425 1347 3491 concilium

124 3498 244 3580 S‘ssew
265 3523 320 3587 Vrt
343 3525 550 3606 transmittet,
573 3545 632 3608 pro
647 3525 928 3591 ambassiatoribus
944 3527 1011 3590 veri
1027 3527 1113 3607 regis
1134 3528 1345 3592 Romanorum

128 3605 181 3674 “b
224 3623 294 3706 ipso
326 3643 418 3690 sacro
442 3626 575 3707 collegio
603 3627 892 3709 utriusquepartis
915 3627 1003 3692 unito
1027 3633 1060 3691 et
1082 3627 1208 3692 nontinc
1231 3628 1346 3692 vestris

129 3696 360 3804 habebuntur,
384 3726 595 3808 recipientur,
623 3727 844 3792 tractabuntur
866 3733 900 3791 ct
921 3727 1177 3802 honorabuntur,
1201 3734 1235 3793 ot
1249 3747 1346 3809 quan·

134 3805 219 3886 tum
251 3825 284 3890 in
315 3826 394 3909 ipsis
424 3825 493 3890 IlD.
517 3824 740 3892 Cardinalibus
764 3828 840 3907 crit,
874 3827 993 3893 facient
1013 3828 1053 3893 ob
1075 3828 1146 3894 aliis
1169 3829 1215 3893 sic
1237 3828 1349 3910 recipi,

139 3906 299 4006 truetari,
333 3926 444 3992 haberi
477 3934 510 3992 et
542 3928 692 3993 honorari
719 3929 750 3992 in
781 3928 1027 3994 solennitatibus
1050 3937 1082 3994 et
1105 3930 1346 3996 occurrrentibus

144 4017 400 4109 quibuscunque.
434 4026 565 4110 Ipsique
598 4030 692 4094 otiam
726 4029 793 4093 DI).
821 4028 1021 4110 CardinaleS,
1055 4036 1119 4095 tarn
1142 4031 1347 4111 singrdariter

150 4122 249 4191 quam
273 4127 498 4208 collegialiter,
531 4147 637 4195 coram
664 4131 757 4196 unico
786 4149 907 4196 summo
930 4130 1093 4212 pontifice,
1127 4131 1167 4196 de
1189 4149 1252 4212 qno
1275 4140 1348 4215 post

153 4221 311 4293 scandis
325 4228 450 4294 concilii
466 4228 713 4296 celebrationem
732 4231 905 4296 altissimus
917 4231 1101 4312 dignabitur
1123 4250 1200 4297 suae
1215 4240 1345 4300 senone
1454 4228 1457 4233 ’

159 4321 305 4395 edane
340 4330 523 4409 providere,
561 4338 732 4414 antequam
764 4334 860 4399 etiam
893 4332 996 4398 dictus
1031 4348 1170 4398 summus
1203 4333 1344 4415 pontifex

164 4412 275 4495 ‘lectas
295 4438 328 4497 et
348 4440 518 4498 coronatus
540 4432 645 4514 fuerit,
673 4431 884 4501 effectualiter
901 4440 934 4500 et
955 4431 1056 4498 modis
1072 4433 1218 4499 omnibus
1233 4433 1343 4518 dispo-
