2992 5258
162 382 223 458 140
376 394 516 462 Epistulae
535 394 651 463 scriptae
670 395 841 450 Constantine
860 409 952 448 mense
969 396 1050 450 Juuio
1069 398 1133 451 1415
1199 380 1202 385 ’

160 592 234 646 tibus
250 593 370 646 veritatis
388 592 502 662 divinae,
521 609 627 649 omnem
645 592 816 661 ignominiam
834 594 924 650 subire
940 596 1037 664 parati,
1063 596 1183 663 Bolremi,
1202 596 1306 651 Morari
1324 603 1354 652 et

160 674 265 743 Poloni,
292 676 413 743 inprimis
439 683 528 731 autem
554 677 677 732 dominus
694 678 873 732 wenceslaus
896 678 931 732 de
947 679 1028 733 Duba
1045 684 1073 732 et
1090 677 1212 733 dominus
1229 679 1353 735 loannes

161 757 196 811 de
210 758 319 828 Chlum3
336 760 376 813 illi
395 761 465 814 enim
483 763 527 815 hic
544 761 662 830 stabant,
678 776 746 829 quos
763 776 812 814 rex
826 760 1012 828 sigismundus
1028 760 1087 828 ipse
1104 761 1132 813 in
1148 761 1290 816 concilium
1310 762 1352 816 in·

160 842 292 910 tramisit,
317 843 547 912 audiveruntque,
570 860 652 911 quum
669 843 809 897 dixissem:
844 843 889 912 ,si
915 844 979 911 quid
995 844 1060 897 mali
1078 844 1187 913 scripsi,
1214 846 1292 911 cupio
1311 845 1351 898 in·

159 922 299 978 formari“:
317 934 372 979 tum
390 928 554 982 cardinalem
572 943 726 995 supremum
739 927 852 981 dixisse:
872 928 1019 995 „Quoniam
1030 926 1168 980 informari
1180 927 1265 995 cupis,
1282 927 1353 982 haec

160 1008 195 1060 sit
212 1008 261 1060 tibi
278 1008 444 1064 informatio:
465 1014 614 1064 retractare
631 1016 658 1064 te
676 1015 790 1078 oportet,
809 1009 879 1063 sicut
896 1011 1089 1078 quinquaginta
1105 1008 1229 1063 doctores
1247 1015 1351 1065 statue·

159 1091 247 1144 runt.“
275 1091 318 1144 En
336 1094 477 1160 praeclara
493 1094 659 1147 informatio!
677 1093 750 1160 Ergo
767 1093 841 1160 ringo
859 1109 879 1146 s.
898 1093 1045 1146 Catharina
1061 1092 1179 1147 debebat
1196 1092 1351 1147 desciscere

160 1190 177 1229 1
194 1176 308 1230 veritate
327 1183 355 1230 et
371 1176 424 1231 fide
442 1176 542 1230 domini
558 1177 625 1232 Jesu
643 1177 750 1244 Christi,
774 1177 837 1244 quia
854 1177 1049 1244 quinquaginta
1065 1177 1186 1244 magistri
1210 1177 1235 1229 ei
1253 1175 1354 1230 adver«

159 1259 303 1328 achantum
327 1276 419 1315 verum
435 1260 619 1329 perseverarit
635 1276 700 1315 cara
715 1261 789 1328 virgo
807 1275 892 1327 usque
910 1259 945 1313 ad
962 1264 1075 1312 mortem
1092 1265 1121 1312 et
1138 1259 1280 1326 magistros
1299 1257 1352 1312 deo

159 1342 308 1411 acquisivit,
334 1359 400 1411 quos
418 1361 467 1410 ego
484 1350 611 1412 peccator
626 1343 678 1398 deo
694 1345 834 1411 acquirere
856 1358 969 1410 nequeo.
1003 1342 1080 1394 Haec
1096 1340 1172 1395 robis
1189 1341 1295 1409 scripsi,
1321 1347 1353 1395 ut

161 1426 281 1494 sciretis,
309 1443 355 1481 eos
378 1428 454 1482 nullo
472 1443 608 1482 sacrarum
633 1426 772 1480 literarum
790 1426 849 1480 loco
866 1440 954 1494 neque
979 1425 1043 1479 ullis
1061 1425 1225 1492 argumentis
1243 1440 1286 1478 me
1305 1440 1351 1477 su·

159 1524 280 1579 perasse,
311 1511 358 1565 sed
384 1510 446 1564 dolo
464 1516 574 1565 conatos
592 1506 653 1564 esse
671 1526 713 1564 me
737 1524 865 1578 superare
884 1516 912 1562 et
927 1508 1015 1574 minis,
1039 1514 1069 1561 ut
1086 1523 1129 1561 me
1146 1506 1180 1561 ad
1198 1513 1349 1561 retractan-

158 1591 222 1646 dum
241 1599 269 1648 et
282 1593 462 1662 abjurandum
479 1593 671 1662 perducerent3
688 1593 736 1648 sed
754 1593 905 1646 misericors
918 1592 994 1659 deus,
1011 1590 1089 1658 cujus
1104 1592 1191 1658 legem
1204 1590 1351 1653 celebrari,

157 1677 323 1731 mecumluit
339 1684 367 1731 et
384 1683 426 1730 est
443 1685 470 1730 et
487 1692 566 1745 spero
584 1678 635 1732 erit
652 1677 686 1731 ad
704 1677 775 1730 vitae
787 1676 868 1731 finem
885 1682 966 1743 atque
984 1676 1011 1729 in
1029 1675 1117 1743 gratia
1134 1690 1183 1728 sua
1200 1689 1243 1728 me
1260 1690 1351 1742 usque

157 1758 193 1812 ad
210 1766 323 1813 mortem
341 1761 518 1816 conservabit.
560 1760 660 1831 Scripsi
678 1761 727 1814 hes
750 1759 845 1813 literas
862 1759 931 1813 feria
955 1766 1051 1826 quarta
1068 1763 1130 1826 post
1146 1757 1245 1810 lestum
1263 1772 1285 1810 s
1302 1757 1350 1810 Jo-

160 1842 238 1896 nnnis
248 1842 388 1911 Baptistae
401 1846 429 1898 in
440 1859 548 1899 carcere
559 1843 674 1897 vinculis
691 1839 861 1911 constrictus,
879 1848 992 1895 mortem
1010 1847 1183 1908 exspectans3
1201 1839 1251 1893 sed
1268 1855 1350 1908 prop·

155 1931 199 1978 ter
215 1926 355 1980 recondita
372 1925 416 1980 dei
433 1926 546 1980 consilia
569 1942 621 1980 non
640 1926 726 1980 ausim
743 1926 842 1993 dicere,
867 1927 938 1979 hanc
955 1924 1076 1978 ultimam
1102 1939 1162 1977 esse
1184 1938 1272 1976 meam
1291 1924 1350 1990 epi·

134 2078 139 2097 .
157 2007 268 2077 stolam;
284 2025 347 2063 nam
365 2009 447 2062 etiam
464 2024 534 2063 nunc
552 2008 619 2064 deus
637 2010 805 2077 omnipotens
822 2025 865 2064 me
883 2015 973 2078 potest
989 2007 1115 2063 liberare.
1187 2080 1193 2091 ι

720 2336 781 2412 86.

571 2527 926 2610 Eisdem.

156 2739 260 2793 Mortis
277 2756 345 2794 auae
362 2750 388 2794 et
404 2741 571 2811 Hieronymi
587 2743 695 2795 dilatae
711 2756 773 2792 eom
789 2756 845 2791 esse
863 2755 978 2790 causam
991 2748 1087 2807 putat,
1104 2740 1178 2806 quod
1195 2740 1264 2792 deas
1281 2749 1347 2792 teos·

154 2838 209 2890 pres
224 2826 265 2877 od
281 2826 409 2879 idoneam
422 2826 623 2893 poeniteutiam
639 2825 778 2893 agendam
796 2822 940 2875 concedere
953 2823 1085 2881 coluerite
1102 2822 1201 2875 deinde
1212 2824 1347 2876 solatium

196 2925 229 2960 ea
246 2925 276 2961 eo
291 2911 422 2978 percipit,
440 2909 513 2976 quod
531 2917 642 2961 sanctes
659 2924 763 2975 quoque
780 2908 864 2958 uaria
879 2908 1023 2975 supplicia
1038 2908 1131 2959 subire
1148 2907 1303 2974 oportebat.

638 3075 723 3140 (1415,
740 3076 774 3126 27
790 3072 865 3139 Jun.)

352 3243 461 3310 „Litera
478 3240 585 3294 diversa
601 3255 703 3309 genera
725 3239 845 3307 martyrii
863 3244 1017 3292 sanctorum
1035 3237 1175 3292 elucidans
1199 3244 1228 3291 et
1250 3254 1345 3293 eorum

416 3325 596 3392 sequacium.“

251 3492 342 3557 Buoh
371 3493 518 3556 strumii
548 3492 630 3556 Meu
658 3489 1198 3572 11111111(101111111111111111111111
1227 3490 1343 3571 piidin,

151 3594 222 3675 psal
236 3613 311 3676 sem,
330 3593 406 3677 jalo
427 3593 508 3675 bych
529 3594 592 3656 mel
614 3593 715 3673 najtra
735 3591 870 3657 skonuti.
893 3593 942 3657 Jin
966 3592 1042 3671 opit
1063 3608 1242 3655 nnanrenuw
1265 3608 1344 3671 pro·

153 3693 258 3760 dlenie
277 3695 378 3775 smrti,
400 3697 477 3777 opit
497 3694 558 3776 pili
580 3694 666 3773 111111,
688 3693 846 3758 milostiwl
867 3713 887 3759 a
908 3694 1006 3756 nerui
1027 3691 1163 3774 piieteld
1185 3709 1212 3753 w
1240 3691 1342 3755 bohul

146 3796 232 3877 J'eite
247 3796 348 3876 abych
363 3796 428 3859 sud
443 3794 605 3861 wdetnest
626 3794 746 3873 ukrizal,
769 3794 876 3858 dokud
890 3793 1014 3875 najddle
1029 3792 1132 3871 mohu,
1155 3791 1237 3873 maje
1253 3789 1344 3875 widy

152 3896 306 3976 utesenie,
333 3899 371 3960 ie
393 3897 487 3961 mohu
508 3895 624 3960 kwrim
645 3895 776 3959 ruluwiti
798 3913 839 3976 po
862 3894 977 3972 listku3
999 3912 1019 3957 1
1039 3893 1170 3974 prauim
1192 3891 1282 3972 uam,
1304 3893 1346 3956 de

151 3996 214 4077 pin
245 3995 330 4061 buoh
361 3996 439 4077 uie,
472 3999 549 4077 prot
581 3995 741 4079 prodient
761 3996 814 4059 mir
836 3995 927 4059 smrti
948 3995 960 4058 i
981 3992 1072 4057 mehe
1094 3990 1210 4055 miltho
1232 3991 1346 4056 bratra

150 4095 262 4161 mistro
281 4097 462 4177 leronyma,
484 4113 503 4161 o
525 4098 616 4161 1111111
638 4095 720 4160 mim
741 4095 856 4178 naddji,
879 4098 915 4158 ie
939 4095 1035 4158 spate
1057 4092 1146 4155 umie
1169 4091 1228 4155 ben
1250 4091 1346 4172 winy,

150 4199 227 4261 aie
241 4196 408 4279 statedndji
423 4214 458 4261 se
479 4195 531 4260 md
551 4197 562 4260 i
584 4197 658 4278 trpl,
680 4199 738 4261 nel
753 4194 787 4277 jd
808 4192 993 4275 nustatedny'
1017 4189 1168 4256 hniesnlk.
1192 4189 1255 4255 Dal
1271 4188 1345 4255 111111

151 4294 215 4378 prin
228 4294 357 4362 bdhtas
379 4296 487 4378 rllrihy',
512 4296 664 4378 abychom
680 4295 750 4378 ldpe
772 4294 835 4359 sud
857 4295 987 4375 hiieclry
1010 4290 1224 4387 spumatowali
1246 4288 1345 4371 ajich

151 4399 296 4462 statednd
309 4396 414 4473 ieleli3
437 4396 488 4460 dal
502 4395 574 4460 na'un
589 4399 657 4475 due,
679 4397 739 4476 uby
763 4393 857 4458 dlrilrd
879 4412 899 4458 a
920 4392 1031 4457 welikd
1054 4390 1230 4473 pokudeuie
1252 4388 1344 4454 snalo

149 4496 282 4580 hiiechy
303 4497 448 4563 nelikda
469 4497 609 4579 piineslo
624 4496 786 4573 utelenie3
807 4493 860 4559 dal
881 4492 953 4556 mim
974 4494 1038 4571 iae,
1060 4490 1215 4573 abychom
1236 4508 1343 4572 pama-

150 4598 254 4664 towali
277 4597 382 4663 swdlro
404 4598 508 4678 krdle,
529 4596 612 4680 pona
633 4597 717 4662 bohu
736 4596 843 4662 Jelide
865 4592 1079 4658 milosrdndho
1101 4589 1221 4656 lrroznd
1242 4589 1344 4673 poha-
