2992 5258
148 385 210 452 56ss
390 380 594 437 controversiae
614 379 647 435 de
665 379 796 449 religione
815 379 843 434 in
860 378 1002 435 Bohemia:
1021 380 1094 437 1415.

152 587 188 652 V.
206 587 272 652 Pat.
290 585 376 669 ΒΜ
396 583 491 650 latius
514 580 712 661 informabit3
736 582 786 648 cui
807 600 858 647 me
880 601 943 649 una
958 600 1027 648 cum
1051 580 1270 652 ecelesiamea
1288 585 1338 650 hu-

150 686 268 751 militer
288 683 519 750 recommendo.
542 683 613 749 Dat.
631 683 835 749 Constantine
857 683 915 750 fer.
930 684 981 748 Ψ·
1015 691 1091 751 ante
1111 685 1339 768 Margaretbae.

649 874 846 883 ——-———-

710 1062 767 1138 81.

152 1274 390 1362 Concilium
419 1271 750 1357 Constantiense
774 1276 908 1359 literis
941 1277 998 1359 ad
1027 1275 1246 1363 Bohemos
1272 1279 1340 1361 da·

149 1415 204 1496 tis
223 1410 590 1496 condemnationis
618 1421 661 1493 et
680 1412 882 1519 supplicii
902 1411 1085 1497 Joannis
1099 1411 1196 1498 Hus
1215 1417 1339 1530 ratio·

150 1576 250 1630 nem
280 1545 422 1630 reddit
447 1547 728 1656 hortaturque
770 1574 855 1649 eos,
895 1558 944 1630 ut
969 1549 1168 1633 haereses
1207 1538 1339 1636 uitare

286 1709 517 1792 earumque
547 1680 744 1764 doctores
776 1711 974 1766 amovere
1000 1683 1216 1768 studeant.

550 1894 731 1964 Constantine,
753 1898 826 1964 1415,
844 1897 877 1950 26
894 1896 949 1952 Jul.

195 2200 240 2267 (E
255 2198 317 2254 MS.
335 2198 461 2254 Mladen.
477 2215 507 2270 p.
526 2198 587 2260 211,
605 2215 644 2265 sq.
681 2197 742 2253 MS.
762 2199 854 2254 Masei
872 2200 986 2255 Bobem.
1006 2199 1033 2262 4,
1051 2202 1089 2276 D.
1107 2200 1153 2266 12,
1165 2203 1222 2273 fol.
1239 2201 1297 2272 31.)

248 2507 456 2573 Sacrosancta
478 2504 617 2587 synodus
647 2503 911 2586 Constantiensis,
934 2504 1147 2593 universalem
1169 2507 1223 2574 dei
1245 2511 1338 2578 eecle-

150 2611 227 2676 siam
250 2612 514 2691 repraesentans,
547 2607 580 2671 in
602 2607 719 2689 spiritu
741 2612 850 2672 sancto
875 2606 1016 2688 legitime
1038 2611 1338 2694 congregatarum

150 2709 322 2792 magnificis
344 2727 381 2773 ac
404 2706 640 2790 spectabilibus,
663 2709 822 2774 universis
843 2709 1005 2775 nobilibus
1028 2709 1203 2778 baronibus
1227 2720 1260 2780 et
1274 2732 1337 2798 pro·

151 2811 276 2878 ceribus
304 2810 393 2890 regni
420 2809 604 2889 Bobemiae,
641 2808 690 2893 (et
705 2809 903 2892 sapientibus
920 2810 1013 2891 viris,
1046 2811 1209 2894 magistris
1225 2815 1338 2895 civium,

149 2912 286 2979 scabinis
316 2918 349 2977 et
379 2911 495 2975 ceteris
526 2909 646 2975 civibus
673 2909 820 2992 majoris,
854 2911 985 2977 minoris
1015 2919 1047 2978 et
1077 2922 1179 2979 norae
1210 2915 1338 2984 civitatis

149 3013 332 3095 Pragensis)
360 3012 495 3078 salutern
517 3013 549 3076 in
574 3011 712 3077 domino!

248 3116 398 3196 Magnum
415 3115 611 3198 temporibus
635 3115 754 3180 nostris
766 3113 984 3196 infortunium,
1006 3133 1103 3198 grave
1119 3116 1210 3184 nefas
1226 3119 1337 3205 experti

149 3236 266 3297 sumna,
290 3217 399 3298 optimi
415 3215 483 3282 tilii!
510 3216 537 3280 si
552 3216 705 3280 horrendi
720 3215 899 3281 schismatis
922 3214 1115 3298 foeditatem,
1138 3218 1165 3282 si
1180 3218 1337 3286 haeresum

150 3319 450 3402 perniciosissimam
482 3316 634 3382 malitiam
670 3315 859 3399 repetimus,
893 3323 927 3382 et
959 3335 999 3381 ex
1021 3318 1068 3383 eis
1090 3324 1211 3401 quanta
1233 3320 1336 3399 cuda

150 3426 267 3503 quanta
288 3422 461 3488 animarum
484 3418 669 3500 depravatio
693 3423 764 3483 orta
786 3418 845 3497 sit,
872 3417 966 3499 plane
995 3435 1230 3488 recenseamus.
1251 3421 1337 3505 Equi·

150 3522 221 3588 dem
253 3527 316 3587 tarn
339 3520 490 3600 obnoxia,
524 3525 588 3585 tam
616 3535 749 3602 prorsus
782 3518 997 3585 intolerabilia
1028 3521 1115 3604 passi
1150 3540 1280 3606 sumus,
1307 3529 1337 3588 nt

150 3640 213 3687 non
234 3621 409 3687 mirandum
443 3622 485 3685 sit
509 3627 631 3686 tantum
663 3620 800 3700 facinus,
835 3620 1098 3702 quemadmodum
1131 3624 1335 3707 pullulaverit,

150 3722 206 3789 sed
230 3741 291 3804 quo
319 3727 412 3804 pacto
435 3739 492 3787 nos
516 3728 563 3787 tot
591 3720 724 3802 flagella,
748 3721 1001 3788 concertationes
1024 3740 1061 3789 ae
1083 3723 1244 3792 disturbia
1264 3725 1335 3792 tole·

150 3843 265 3905 rarnuS,
287 3825 373 3890 acsi
396 3825 558 3890 bominum
580 3823 712 3889 forsitan
736 3824 902 3906 diligentia
924 3826 1128 3908 gravitasque
1150 3827 1270 3909 passim
1289 3828 1337 3892 bas

149 3929 357 4008 tempestates
373 3935 572 3991 summovere
594 3925 721 3990 minime
737 3925 905 4007 curaverit,
927 3925 1011 4008 quod
1026 3944 1085 3992 nos
1099 3926 1339 3995 infelicissimum

150 4027 311 4092 exstitisse
334 4027 534 4093 arbitramur.
559 4026 646 4094 Deus
670 4033 775 4093 tamen
801 4027 998 4108 immortalis,
1021 4028 1074 4110 qui
1089 4028 1259 4113 impiorum
1279 4046 1337 4094 sae

150 4129 258 4193 vitiam
269 4135 301 4193 et
313 4128 552 4208 malignantium
563 4128 765 4210 iniquitatem
777 4146 911 4210 prorsus
924 4129 1093 4194 humanum
1105 4148 1210 4212 genus
1221 4130 1338 4198 inficere

150 4247 213 4294 non
236 4228 328 4309 sinit,
361 4247 418 4293 nos
451 4230 512 4293 huc
544 4228 719 4294 adventare
753 4230 884 4309 statuit,
920 4247 982 4312 quo
1005 4228 1101 4296 rebus
1123 4228 1200 4297 fidei
1222 4236 1339 4298 nostrae

151 4330 348 4395 orthodoxae
369 4348 407 4395 ac
429 4331 649 4396 sanctissimae
673 4330 826 4396 eeclesiae
856 4331 951 4396 etiam
969 4330 1213 4413 reintegrationi
1235 4349 1338 4417 oppor-

155 4439 230 4497 tune
269 4448 441 4497 succurere
477 4450 670 4497 curaremus.
730 4432 842 4515 Itaque
875 4432 934 4497 deo
967 4438 1099 4498 auctore
1131 4438 1243 4501 nostro
1272 4434 1340 4498 haec

152 4538 215 4595 tam
250 4531 399 4611 urgentia
437 4533 566 4613 negotia
607 4533 844 4599 accuratissime
877 4533 1169 4616 decentissimeque
1204 4529 1337 4616 ingresi.

151 4630 278 4696 tandem
300 4632 435 4698 feliciter
467 4650 623 4715 peragere
655 4633 868 4716 instituimus,
901 4634 1117 4718 populumque
1140 4634 1335 4703 christianum
