2992 5258
151 388 212 455 672
385 385 589 440 &secretales
608 384 641 438 de
659 384 790 453 religione
808 384 835 437 in
853 384 997 438 Bobemia:
1019 386 1092 438 1417.

152 606 234 672 gogo
255 588 480 671 reproborum,
509 606 547 656 ee
569 587 643 669 quia
663 586 703 652 ad
733 586 950 654 defensionem
979 604 1068 653 suam
1095 586 1237 652 vicissim
1270 603 1336 651 eon·

151 691 254 758 stricti
276 697 360 768 sunt,
389 707 451 770 quo
473 706 508 754 se
532 688 592 754 sibi
614 706 673 772 per
694 687 799 753 omnia
820 688 940 753 similes
968 704 1039 752 esse
1060 686 1274 753 meminerint
1294 686 1337 752 lle

150 793 248 874 igitur
269 789 309 855 ad
323 791 404 856 banc
427 791 580 857 enimtem
596 789 790 856 consentiam
807 788 1015 870 reproborum
1037 795 1071 854 et
1091 806 1205 854 eorum
1223 786 1338 855 efficiar

149 892 288 958 malitiae
316 891 477 974 particeps
504 909 543 955 en
564 907 729 970 censensu,
759 888 939 954 nullomodo
971 889 1154 955 consentire
1179 888 1284 954 debeo
1304 887 1338 953 ad

151 992 285 1059 dandam
306 991 353 1056 illi
366 992 489 1057 intruso
504 1009 610 1056 curam
626 990 811 1071 animarum,
838 995 874 1055 ut
889 992 1067 1072 postulatis,
1089 989 1340 1073 quiaenmllus·

150 1096 242 1160 sitam
264 1094 397 1174 cognovi
410 1094 451 1159 ab
464 1092 605 1175 antiquo.
621 1091 684 1158 Sed
706 1091 733 1155 si
756 1108 811 1157 ero
834 1091 867 1155 in
888 1092 1037 1158 libertate
1053 1090 1338 1159 administrationis

39 1220 43 1229 ·
151 1194 304 1260 ecclesiae
325 1211 414 1260 meae
436 1194 604 1277 aliquando
620 1193 820 1274 constitutae,
844 1199 919 1259 tanc
941 1193 1052 1259 ovibus
1074 1192 1234 1260 ecclesiae
1256 1208 1338 1258 mese

150 1295 190 1360 de
212 1302 314 1377 pastu,
338 1302 461 1361 utente
476 1296 636 1377 consuevi,
654 1314 712 1379 per
727 1314 777 1362 me
800 1301 832 1361 et
854 1296 932 1361 alios
945 1296 1151 1384 presbyteros
1166 1292 1338 1362 catholicos
1379 1366 1380 1373 ,

150 1395 333 1479 providebo.
366 1396 436 1461 Non
466 1397 550 1462 enim
578 1397 669 1478 mula,
699 1416 779 1480 qnae
805 1414 856 1463 me
888 1397 922 1461 in
951 1396 1045 1462 exilio
1075 1395 1237 1462 existente
1263 1394 1339 1461 citu

150 1496 315 1562 ecclesiam
337 1515 437 1563 meam
459 1497 707 1577 committuntur,
737 1496 963 1565 conscientiam
984 1514 1084 1563 meam
1114 1496 1338 1579 aggravabunt,

150 1597 207 1665 sed
228 1597 316 1664 illum
338 1605 372 1664 et
386 1597 466 1679 illos,
483 1599 536 1680 qui
551 1605 714 1682 pastorum
729 1598 955 1665 catholicorum
976 1599 1017 1664 ab
1031 1598 1178 1664 eeclesiis
1199 1596 1334 1681 propriis

150 1698 299 1766 ordinant
320 1698 534 1765 exclusionem
554 1718 613 1783 pro
636 1717 683 1780 eu,
707 1700 790 1782 quod
805 1717 915 1766 eorum
930 1698 1092 1764 erroribus
1107 1697 1246 1765 viriliter
1267 1714 1340 1764 eon·

150 1800 319 1867 tredicnnt.
349 1799 399 1865 lta
420 1816 506 1880 ergo,
529 1799 557 1864 si
573 1796 733 1882 optabatis
754 1801 889 1866 salutem
912 1799 1037 1865 illarum
1059 1799 1165 1866 ovium
1187 1796 1335 1866 calade

149 1919 239 1967 mese
264 1900 470 1981 Gurimeusis,
493 1900 607 1982 quibus
629 1920 668 1967 ex
689 1903 846 1985 promisso
869 1909 903 1968 et
923 1900 1032 1967 debito
1055 1900 1205 1983 antiquis,
1234 1906 1273 1966 ut
1288 1914 1336 1965 as·

150 2001 266 2082 seritis,
289 2000 472 2082 obligamini
483 2001 663 2084 providere,
679 2003 833 2084 poteratis
849 2002 934 2084 mibi,
951 2001 1004 2085 qui
1020 2019 1116 2066 veros
1138 2004 1251 2085 pastor
1265 2014 1356 2079 snm,

151 2119 258 2169 esrum
273 2101 578 2168 administrationem
592 2103 756 2168 viceversa
768 2102 950 2186 impetrare.
964 2101 1056 2169 Nunc
1070 2107 1177 2168 autem
1193 2117 1234 2165 ex
1245 2095 1337 2181 scrip·

150 2203 192 2268 tis
213 2203 329 2270 vestris
350 2203 444 2286 plene
467 2198 620 2286 intellige,
644 2203 728 2287 quod
742 2223 807 2270 non
822 2204 956 2270 salutem
973 2203 1095 2270 illarum
1116 2201 1223 2269 evium
1244 2199 1337 2267 ecele-

149 2305 216 2370 siae
237 2321 326 2370 meae
349 2304 545 2371 Gurimeusis
567 2304 732 2371 intenditis
755 2323 794 2370 ex
816 2322 888 2384 nna
917 2323 988 2370 eam
1015 2321 1078 2370 uno
1099 2303 1224 2369 intruso
1245 2298 1336 2384 pesti·

150 2405 217 2470 iero
240 2410 273 2470 et
298 2405 453 2486 sacrilego
481 2412 603 2473 semoto
624 2406 720 2471 alium
749 2404 956 2488 praefecistis,
985 2403 1146 2471 diocesani
1174 2401 1336 2484 iungentes

150 2505 264 2585 officio,
287 2524 346 2571 nec
367 2525 471 2571 meum
493 2505 670 2590 proiectum
685 2526 725 2573 en
744 2506 887 2573 fraterna
901 2506 1034 2573 caritate
1055 2510 1148 2589 parte
1170 2521 1210 2569 ex
1232 2503 1335 2579 altem

150 2607 183 2672 in
205 2625 267 2701 qua
289 2606 429 2672 scribitis
457 2625 515 2673 nes
537 2606 655 2674 debere
685 2607 879 2675 concordare
909 2606 1103 2675 conscientia
1128 2602 1334 2671 discordante.

150 2705 240 2772 Illam
261 2713 367 2772 autem
389 2708 564 2788 caritatem,
593 2709 621 2774 si
643 2709 689 2774 sic
711 2709 773 2774 diei
794 2713 945 2789 meretur,
975 2726 1035 2775 nec
1056 2726 1096 2773 ex
1117 2705 1260 2789 practica
1281 2718 1336 2768 nec

151 2807 331 2890 exscripto
360 2825 490 2890 possum
520 2809 679 2891 colligere,
707 2828 778 2874 cum
805 2809 932 2876 titulum
954 2805 1237 2892 superscriptionis
1266 2801 1337 2869 mibi

151 2908 347 2989 subtrahitis
374 2928 434 2976 nec
455 2924 511 2975 vos
540 2910 773 2992 subscripsistis
802 2910 834 2975 in
862 2910 957 2981 litera
982 2908 1059 2975 mibi
1081 2914 1206 2975 tantum
1227 2905 1335 2982 misem

150 3008 230 3074 baec
256 3026 320 3074 nen
342 3015 416 3076 sunt
446 3006 564 3076 indicia
590 3010 750 3077 fraternae
778 3012 931 3092 caritatis,
963 3010 1020 3075 sed
1042 3008 1107 3076 odii
1128 3013 1162 3075 et
1187 3003 1334 3073 rancoris

151 3108 307 3175 Emendat
321 3128 377 3176 vos
391 3109 470 3177 deus
492 3117 525 3178 et
546 3111 687 3178 emolliat
708 3111 857 3178 duritiam
885 3110 989 3179 cordis
1012 3110 1119 3190 vestri,
1149 3109 1183 3175 in
1205 3126 1267 3190 qua
1286 3103 1334 3170 diu

150 3210 347 3292 perstitistis,
377 3217 412 3276 nt
434 3230 490 3279 vos
519 3212 736 3277 communitati
758 3211 1010 3277 Christianorum
1038 3208 1155 3276 infide
1177 3214 1211 3275 et
1231 3207 1335 3274 obser·

151 3311 266 3376 ventiis
281 3312 505 3377 ecclesiasticis
521 3311 733 3393 conformetis,
746 3318 781 3378 et
795 3312 834 3377 ad
845 3312 939 3378 tidem
954 3318 987 3377 et
1008 3309 1228 3377 observantias
1241 3305 1335 3373 eccle·

151 3411 305 3492 siasticas,
328 3412 360 3477 in
382 3412 497 3495 quibus
519 3412 623 3478 fuistis
646 3411 814 3493 enutritus,
838 3411 986 3492 redeatis,
1009 3410 1252 3478 adinventiones
1272 3424 1333 3472 me

151 3511 267 3577 demas
288 3511 416 3579 frivolas
439 3520 471 3579 et
493 3514 620 3578 insanas
643 3514 873 3597 postponendo,
896 3531 1006 3580 sacrae
1028 3513 1216 3595 scripturae,
1240 3507 1332 3577 saeris

152 3613 324 3679 canonibus
346 3620 379 3679 et
400 3614 459 3681 toti
482 3620 610 3680 sanetae
633 3616 787 3681 eeclesiae
810 3622 1034 3698 repugnantes.
1064 3613 1224 3696 Experior
1257 3609 1332 3677 enin

151 3733 191 3778 cx
212 3720 320 3780 vestra
340 3714 506 3797 scriptura,
530 3716 615 3797 quod
636 3717 819 3800 synderesis
832 3718 864 3782 in
875 3717 966 3783 vobis
980 3716 1082 3783 adbuc
1101 3715 1134 3778 in
1154 3709 1333 3779 bonumde

152 3821 309 3896 precatur,
336 3814 410 3880 dum
424 3834 443 3881 a
458 3835 507 3881 me
522 3835 628 3882 euram
643 3817 817 3882 animarum
834 3816 879 3882 illi
894 3818 1017 3882 intruso
1032 3816 1212 3900 postulatis,
1234 3811 1330 3878 scien·

152 3922 201 3981 tes
223 3933 308 3997 sane,
332 3916 416 3998 quod
426 3915 496 4000 ipse
511 3894 606 3983 saluti
621 3919 794 3984 animarum
814 3937 877 3984 non
892 3924 1000 4002 potest
1014 3915 1193 4001 providere,
1215 3914 1332 3980 solvere

151 4017 201 4082 vel
223 4017 331 4100 ligare,
360 4017 423 4083 nisi
444 4019 635 4085 auctoritate
663 4020 800 4101 pastoris
832 4019 956 4085 illarum
977 4018 1081 4084 ovium
1107 4017 1169 4082 sibi
1192 4028 1334 4082 concessa

152 4118 287 4201 proximi
315 4117 365 4182 vel
392 4119 530 4185 mediati.
558 4119 627 4186 Hoc
655 4120 761 4186 lumen
788 4120 924 4186 interius
952 4118 1137 4201 sequamini,
1163 4117 1265 4183 donee
1284 4130 1334 4180 ex·

152 4219 324 4300 tinguatur,
348 4224 381 4285 et
402 4218 516 4300 videte,
539 4237 580 4285 ne
602 4221 716 4293 lumen,
739 4221 823 4302 quod
845 4221 877 4285 in
898 4221 988 4286 vobis
1011 4224 1069 4297 est,
1092 4223 1198 4285 tractu
1220 4223 1322 4296 tempu

136 4319 197 4384 *ris
223 4318 411 4385 obscuretur
438 4326 471 4386 et
499 4320 695 4401 obfuscatum
718 4322 793 4388 huic
817 4322 945 4388 stimulo
967 4339 1023 4386 vos
1044 4319 1084 4386 ad
1112 4319 1231 4386 bonum
1251 4314 1334 4382 insti·

151 4420 239 4500 genti
270 4437 333 4485 nen
365 4420 593 4503 recalcitretis,
621 4421 700 4487 alias
722 4422 933 4488 aedificaretis
961 4421 1002 4488 ad
1029 4420 1216 4503 gebennam
1259 4416 1334 4484 Tau·

152 4526 248 4600 taque
269 4520 351 4586 mala
371 4526 404 4587 et
425 4521 568 4603 nefanda,
591 4540 673 4604 quae
694 4522 727 4586 in
748 4523 901 4589 Bobemia
925 4528 958 4589 et
978 4522 1121 4588 Moravia
1141 4540 1203 4605 per
1215 4527 1334 4588 vmbros

152 4620 334 4687 sacerdotes
356 4622 528 4703 sacrilegos
550 4622 729 4705 pestiferas,
759 4622 946 4690 antichristi
969 4638 1205 4705 praecursores
1232 4628 1335 4692 eunus
