2992 5258
432 428 479 485 111.
514 430 556 486 De
575 430 614 485 li.
630 430 656 485 J.
674 430 733 484 Has
751 427 891 484 audientia
908 426 952 483 die
969 426 986 480 'l
1001 425 1084 480 Jrnir.
1292 427 1352 490 281

161 632 351 715 appellare?
372 632 557 714 respondit:
579 632 648 713 Ego
680 631 732 697 hie
764 631 889 714 publice
912 629 1080 709 confiteor,
1113 626 1197 709 quod
1218 642 1282 689 non
1304 629 1354 688 est

157 732 278 814 justior
300 738 333 797 et
355 732 514 798 efficacior
534 733 716 815 appellatio,
740 750 833 813 quam
855 732 895 797 ad
918 731 1086 795 Christum.
1109 728 1151 793 Et
1171 726 1354 793 deriserunt

159 833 363 898 hecdicium
383 832 491 912 valde3
525 839 559 897 ct
591 834 660 914 ipse
693 832 788 897 dixit:
810 832 859 895 Ex
890 848 951 912 quo
984 829 1163 912 appellare,
1186 834 1223 892 ut
1244 826 1353 890 dicunt

155 933 240 1015 jura
275 939 325 999 est
347 938 380 999 in
401 933 582 1014 gravamine
604 952 623 998 a
644 933 765 998 minore
790 932 896 1013 judice
917 932 1045 1012 majoris
1063 928 1180 1012 judicis
1201 927 1352 993 auxilium

158 1032 326 1113 postulare
352 1048 410 1095 seu
431 1031 617 1113 implorare:
654 1037 687 1095 et
708 1031 779 1113 quis
801 1037 852 1096 est
878 1028 1037 1095 efficacior
1054 1027 1153 1109 judex
1174 1033 1208 1092 et
1226 1026 1352 1107 justior,

158 1131 214 1212 qui
243 1136 393 1213 manetes
427 1136 459 1196 et
492 1148 663 1212 oppressos
684 1129 797 1194 melius
819 1129 963 1194 relevare
985 1133 1095 1211 posset
1115 1134 1150 1193 et
1170 1129 1217 1193 eis
1238 1127 1352 1191 subve-

156 1229 240 1311 nire,
264 1248 357 1311 quam
379 1229 540 1305 Christus,
563 1230 616 1313 qui
637 1247 697 1296 nec
717 1229 798 1295 fallit
818 1247 878 1294 nee
899 1229 965 1294 falli
985 1228 1113 1311 potest?

259 1330 309 1395 De
330 1330 492 1397 audientia
505 1348 581 1396 vero
596 1329 639 1395 M.
661 1330 778 1396 loanni
800 1330 833 1394 in
855 1329 943 1395 curia
957 1329 1122 1410 denegate,
1144 1326 1225 1392 dixit
1237 1326 1351 1391 Palecz

156 1447 312 1512 surgens:
333 1429 400 1495 Imo
421 1430 482 1495 fuit
504 1430 564 1495 sibi
591 1431 666 1496 data
680 1430 843 1496 audientia
858 1431 890 1494 in
912 1431 1000 1495 cuma
1021 1430 1170 1505 Romana,
1191 1427 1267 1491 licet
1287 1442 1352 1490 non

156 1530 262 1612 quoad
301 1529 531 1596 absolutionem
562 1530 741 1614 personalis
763 1530 936 1612 citationis,
971 1531 1045 1612 quie
1065 1530 1272 1609 vehementer
1291 1524 1352 1591 fuit

157 1625 1350 1711 &mmmffmffimmffimfflmm

157 1728 363 1817 relaxandum
388 1730 473 1796 illam
495 1731 694 1813 personalem
716 1749 804 1795 suam
825 1729 1015 1796 citationem.

257 1828 347 1895 Inter
378 1830 440 1895 elia
471 1837 608 1912 ponunt,
641 1832 778 1911 qualiter
809 1831 879 1912 ipse
900 1829 1039 1894 suaserit
1059 1826 1265 1892 adversantes
1287 1824 1349 1889 sibi

155 1932 324 2009 percutere
339 1929 445 2010 gladio
466 1931 635 2011 materiali,
660 1931 803 2012 exemplo
825 1931 936 2012 illapsi.
965 1927 1158 2011 Respondit,
1183 1924 1267 2008 quod
1287 1925 1349 1990 hoc

156 2027 234 2094 false
256 2029 318 2094 sibi
340 2030 522 2108 ascribitur,
542 2031 600 2096 sed
621 2032 702 2096 bene
725 2031 871 2096 hortatus
893 2036 951 2109 est,
973 2029 1160 2112 praedicans
1182 2025 1348 2108 epistolam

156 2125 195 2192 de
209 2128 302 2209 galea
316 2130 427 2196 salutis
443 2137 476 2197 et
491 2131 604 2211 gladio,
622 2139 658 2198 ut
671 2132 812 2212 loquitur
823 2131 995 2212 apostolus,
1012 2136 1047 2193 ut
1062 2128 1115 2194 illo
1132 2145 1167 2193 se
1182 2124 1348 2206 accingant

157 2245 266 2293 omnes
299 2235 332 2294 et
363 2229 535 2296 defendant
567 2232 781 2313 evangelicam
814 2233 989 2296 veritatem.
1043 2230 1086 2294 Et
1118 2227 1280 2309 subjunxit
1311 2242 1347 2289 se

155 2326 287 2394 dixisse:
320 2329 412 2409 Ecce,
435 2336 554 2395 utnon
576 2332 775 2412 mecapiant
804 2330 923 2395 inimici
953 2330 1029 2408 mei,
1064 2346 1128 2393 non
1150 2327 1219 2393 dico
1242 2324 1346 2406 gladio

155 2430 320 2509 materiali,
344 2430 401 2495 sed
422 2429 492 2495 dico
514 2430 628 2512 gladio,
651 2430 734 2513 quod
757 2436 806 2496 est
827 2430 959 2494 verbum
981 2430 1042 2494 dei.
1064 2429 1107 2493 lit
1126 2427 1174 2492 illi
1194 2427 1347 2508 acclama-

155 2527 232 2594 bant
261 2529 417 2595 dicentes:
451 2530 493 2595 Et
515 2531 590 2612 quid
620 2531 681 2598 tuit
701 2533 761 2596 hoc
783 2531 822 2596 ad
844 2532 1041 2613 propositum
1063 2530 1147 2594 illius
1169 2529 1346 2609 scripturae

156 2627 195 2691 de
205 2628 311 2710 Moysi
332 2630 490 2695 adducere
513 2631 633 2711 gladio,
661 2620 744 2713 quod
766 2637 817 2697 est
836 2633 966 2697 verbum
988 2632 1062 2696 dei?
1092 2630 1135 2695 Et
1154 2629 1236 2694 hene
1257 2625 1346 2692 eudi-

154 2746 238 2808 mus,
276 2736 309 2794 te
331 2729 391 2794 hoc
419 2731 471 2795 hic
491 2731 659 2795 adducere.

252 2828 334 2895 Item
365 2839 488 2912 ponunt
519 2838 755 2915 consequentur
789 2833 829 2898 ad
862 2832 960 2912 idem,
993 2832 1130 2912 qualiter
1161 2828 1270 2894 statim
1291 2826 1343 2891 die

155 2929 293 2994 crastina
313 2929 442 2996 fuerunt
463 2932 677 2998 intimationes
693 2935 726 2997 in
747 2933 891 3015 pluribus
906 2932 993 3010 locis,
1016 2949 1056 2994 ex
1077 2930 1177 3012 ipsius
1199 2933 1235 2992 ut
1249 2946 1343 3009 pree·

154 3030 288 3095 sumitur
316 3030 515 3097 ordinatione
538 3039 571 3096 ct
591 3033 790 3112 inductione,
824 3041 861 3097 ut
882 3051 963 3097 irnrrs
986 3033 1119 3114 quisque
1141 3030 1287 3109 accingat
1307 3044 1343 3091 se

154 3128 257 3208 gladio
280 3148 338 3195 suo
360 3149 458 3214 super
478 3131 581 3196 femur
602 3151 693 3197 suum
715 3134 950 3214 potentissime,
979 3136 1012 3197 et
1032 3149 1095 3195 non
1118 3133 1228 3211 parcat
1249 3125 1340 3192 srat'

155 3244 209 3295 suo
238 3235 295 3295 aut
316 3250 398 3296 unus
420 3233 553 3314 quisque
575 3234 717 3316 proximo
740 3252 806 3299 suo.
833 3234 876 3298 Et
897 3233 966 3315 ipse
988 3230 1167 3313 respondit,
1188 3226 1267 3291 nihil
1282 3227 1343 3291 sihi

154 3336 299 3395 constare
321 3330 360 3396 de
382 3331 445 3410 illo,
472 3350 533 3397 nec
554 3334 593 3398 dc
615 3334 873 3399 intimationibus.

249 3430 333 3495 Item
353 3432 498 3514 ponitur,
530 3434 614 3513 quod
634 3434 718 3499 idem
739 3435 830 3500 Joan.
852 3434 921 3498 Hus
942 3432 1086 3498 diversos
1108 3449 1234 3497 errores
1249 3446 1342 3512 prae·

152 3528 277 3610 dicavit,
301 3549 340 3594 er
355 3531 468 3611 quibus
490 3532 638 3598 scindala
652 3540 763 3600 exorta
778 3543 852 3600 sunt
866 3536 951 3600 inter
972 3535 1131 3617 praelatos
1147 3542 1178 3599 et
1191 3534 1342 3615 populum

151 3630 239 3710 regni
255 3630 427 3696 Bohemiee
449 3638 482 3696 et
501 3634 670 3713 magistros
692 3643 725 3699 et
746 3635 907 3700 scholares
928 3635 1026 3700 studii
1047 3636 1217 3715 Pragensis
1239 3640 1272 3699 et
1292 3635 1341 3698 in·

151 3729 332 3795 ohedientia
353 3731 553 3797 subditorum
579 3735 681 3814 quoad
705 3753 813 3799 corum
835 3737 1005 3817 praelatae,
1039 3742 1072 3801 et
1104 3736 1340 3802 destructiones
1380 3784 1393 3801 ι

149 3830 305 3911 praedicti
326 3831 423 3897 studii
438 3832 617 3914 Pragcnsis.
630 3835 661 3915 *l
678 3835 720 3900 Et
741 3836 810 3918 ipse
826 3836 999 3918 rospondit,
1022 3837 1106 3920 quod
1128 3856 1192 3903 nou
1207 3842 1340 3920 propter
1441 3866 1464 3937 ‘.

149 3930 261 4012 ipsum,
277 3929 336 3995 sed
351 3938 484 4013 propter
499 3935 731 4000 recusationem
742 3936 967 4003 adhaerentiae
982 3940 1051 4018 regi
1065 3939 1195 4004 infacto
1210 3946 1340 4004 neutra·

148 4030 247 4097 litatis
270 4037 304 4095 et
328 4030 518 4096 recessionis
540 4033 580 4098 ab
607 4034 788 4100 obedientia
810 4035 968 4116 Gregorii,
1000 4039 1073 4118 quia
1098 4037 1247 4104 nolebant
1269 4037 1339 4118 regi

150 4130 341 4207 consentire,
367 4150 424 4195 rex
442 4133 528 4214 juste
554 4133 683 4200 donavit
704 4137 824 4201 nationi
836 4137 1023 4203 Bohemicae
1045 4145 1111 4204 tres
1133 4156 1228 4204 voces
1247 4139 1338 4221 juxta

149 4228 273 4295 literam
306 4231 501 4297 fundationis
533 4235 638 4300 dictae
672 4236 888 4303 universitatis
920 4239 1012 4304 dirae
1040 4240 1209 4303 memoriae
1232 4238 1338 4304 Caroli

147 4329 369 4413 imperatoris,
402 4333 475 4413 quia
506 4334 745 4401 universitatem
779 4338 971 4417 Pragensem
996 4339 1036 4404 ad
1061 4339 1163 4405 instar
1183 4341 1345 4408 universi-2

199 4551 223 4615 *)
241 4550 294 4599 MS,
313 4554 379 4600 4524
397 4554 475 4601 addit:
559 4571 601 4616 per
619 4571 674 4603 suas
691 4558 879 4616 praedicationes
901 4559 995 4606 lecisset
1013 4560 1180 4608 dissensionem
1198 4563 1223 4610 in
1239 4565 1336 4611 univer·

244 4635 319 4683 :itate
335 4643 360 4682 et
376 4637 449 4684 eliam
466 4638 528 4685 inter
545 4640 664 4699 vulgares,
684 4640 746 4687 unde
763 4642 836 4688 eliam
852 4643 988 4691 redonibus
1004 4643 1113 4703 expulsis
1131 4646 1209 4695 tribua
1227 4682 1234 4696 .
1253 4683 1260 4696 .
1279 4684 1286 4698 .
