<?xml version="1.0" encoding="UTF-8"?>
<!DOCTYPE html PUBLIC "-//W3C//DTD XHTML 1.0 Transitional//EN"
    "http://www.w3.org/TR/xhtml1/DTD/xhtml1-transitional.dtd">
<html xmlns="http://www.w3.org/1999/xhtml" xml:lang="en" lang="en">
 <head>
  <title>
</title>
<meta http-equiv="Content-Type" content="text/html;charset=utf-8" />
  <meta name='ocr-system' content='tesseract 3.04.00' />
  <meta name='ocr-capabilities' content='ocr_page ocr_carea ocr_par ocr_line ocrx_word'/>
</head>
<body>
  <div class='ocr_page' id='page_1' title='image "./documentamagjoa00palagoog_0118.png"; bbox 0 0 2992 5258; ppageno 0'>
   <div class='ocr_carea' id='block_1_1' title="bbox 307 394 1264 465">
    <p class='ocr_par' dir='ltr' id='par_1_1' title="bbox 307 394 1264 465">
     <span class='ocr_line' id='line_1_1' title="bbox 307 394 1264 465; baseline 0.004 -14"><span class='ocrx_word' id='word_1_1' title='bbox 307 409 449 452; x_wconf 81' lang='lat' dir='ltr'>coarcere</span> <span class='ocrx_word' id='word_1_2' title='bbox 466 394 538 465; x_wconf 86' lang='lat' dir='ltr'>apud</span> <span class='ocrx_word' id='word_1_3' title='bbox 556 395 656 450; x_wconf 81' lang='lat' dir='ltr'>fratres</span> <span class='ocrx_word' id='word_1_4' title='bbox 676 395 888 451; x_wconf 86' lang='lat' dir='ltr'>Praedicatores.</span> <span class='ocrx_word' id='word_1_5' title='bbox 923 397 963 451; x_wconf 72' lang='grc'>56.</span> <span class='ocrx_word' id='word_1_6' title='bbox 982 398 1024 452; x_wconf 83' lang='grc'>56.</span> <span class='ocrx_word' id='word_1_7' title='bbox 1096 400 1098 406; x_wconf 80' lang='grc'><em>’</em></span> <span class='ocrx_word' id='word_1_8' title='bbox 1223 400 1264 465; x_wconf 73' lang='grc'>97</span> 
     </span>
    </p>
   </div>
   <div class='ocr_carea' id='block_1_2' title="bbox 67 598 1267 1572">
    <p class='ocr_par' dir='ltr' id='par_1_2' title="bbox 69 598 1265 984">
     <span class='ocr_line' id='line_1_2' title="bbox 72 598 1264 680; baseline -0.004 -14"><span class='ocrx_word' id='word_1_9' title='bbox 72 604 254 666; x_wconf 83' lang='lat' dir='ltr'>constantes</span> <span class='ocrx_word' id='word_1_10' title='bbox 275 599 437 678; x_wconf 80' lang='lat' dir='ltr'><strong>fuerimus,</strong></span> <span class='ocrx_word' id='word_1_11' title='bbox 461 598 634 664; x_wconf 88' lang='lat' dir='ltr'>videbimus</span> <span class='ocrx_word' id='word_1_12' title='bbox 650 598 799 663; x_wconf 81' lang='lat' dir='ltr'>arixilium</span> <span class='ocrx_word' id='word_1_13' title='bbox 822 598 939 665; x_wconf 90' lang='lat' dir='ltr'>domini</span> <span class='ocrx_word' id='word_1_14' title='bbox 955 617 1052 680; x_wconf 89' lang='lat' dir='ltr'>super</span> <span class='ocrx_word' id='word_1_15' title='bbox 1069 618 1135 665; x_wconf 93' lang='lat' dir='ltr'>nos.</span> <span class='ocrx_word' id='word_1_16' title='bbox 1159 600 1264 663; x_wconf 91' lang='lat' dir='ltr'>Primo</span> 
     </span>
     <span class='ocr_line' id='line_1_3' title="bbox 70 698 1263 783; baseline -0.002 -17"><span class='ocrx_word' id='word_1_17' title='bbox 70 720 151 766; x_wconf 90' lang='lat' dir='ltr'>nunc</span> <span class='ocrx_word' id='word_1_18' title='bbox 185 701 272 766; x_wconf 90' lang='lat' dir='ltr'>disco</span> <span class='ocrx_word' id='word_1_19' title='bbox 304 699 491 783; x_wconf 82' lang='lat' dir='ltr'><strong>psalterium</strong></span> <span class='ocrx_word' id='word_1_20' title='bbox 526 699 723 781; x_wconf 86' lang='lat' dir='ltr'>intelligere,</span> <span class='ocrx_word' id='word_1_21' title='bbox 764 698 870 765; x_wconf 90' lang='lat' dir='ltr'>debite</span> <span class='ocrx_word' id='word_1_22' title='bbox 907 718 1017 781; x_wconf 87' lang='lat' dir='ltr'>orare,</span> <span class='ocrx_word' id='word_1_23' title='bbox 1056 701 1263 766; x_wconf 84' lang='lat' dir='ltr'>contumelias</span> 
     </span>
     <span class='ocr_line' id='line_1_4' title="bbox 69 800 1265 883; baseline -0.001 -18"><span class='ocrx_word' id='word_1_24' title='bbox 69 800 189 866; x_wconf 84' lang='lat' dir='ltr'>Christi</span> <span class='ocrx_word' id='word_1_25' title='bbox 219 807 253 866; x_wconf 90' lang='lat' dir='ltr'>et</span> <span class='ocrx_word' id='word_1_26' title='bbox 280 806 454 882; x_wconf 88' lang='lat' dir='ltr'>martyrum</span> <span class='ocrx_word' id='word_1_27' title='bbox 484 800 649 882; x_wconf 78' lang='lat' dir='ltr'>passiones</span> <span class='ocrx_word' id='word_1_28' title='bbox 672 818 824 883; x_wconf 77' lang='lat' dir='ltr'>pensare,</span> <span class='ocrx_word' id='word_1_29' title='bbox 855 802 928 882; x_wconf 90' lang='lat' dir='ltr'>quia</span> <span class='ocrx_word' id='word_1_30' title='bbox 955 801 1031 867; x_wconf 89' lang='lat' dir='ltr'>dicit</span> <span class='ocrx_word' id='word_1_31' title='bbox 1053 802 1169 868; x_wconf 89' lang='lat' dir='ltr'>Isaias:</span> <span class='ocrx_word' id='word_1_32' title='bbox 1202 801 1265 865; x_wconf 91' lang='lat' dir='ltr'>Ve-</span> 
     </span>
     <span class='ocr_line' id='line_1_5' title="bbox 69 894 1265 984; baseline -0.003 -18"><span class='ocrx_word' id='word_1_33' title='bbox 69 904 153 968; x_wconf 82' lang='lat' dir='ltr'>ratio</span> <span class='ocrx_word' id='word_1_34' title='bbox 169 902 444 968; x_wconf 81' lang='lat' dir='ltr'>datinteHectum.</span> <span class='ocrx_word' id='word_1_35' title='bbox 467 901 509 966; x_wconf 87' lang='lat' dir='ltr'>Et</span> <span class='ocrx_word' id='word_1_36' title='bbox 523 901 653 966; x_wconf 90' lang='lat' dir='ltr'>iterum:</span> <span class='ocrx_word' id='word_1_37' title='bbox 677 902 736 980; x_wconf 81' lang='lat' dir='ltr'>Qui</span> <span class='ocrx_word' id='word_1_38' title='bbox 760 919 822 966; x_wconf 92' lang='lat' dir='ltr'>nou</span> <span class='ocrx_word' id='word_1_39' title='bbox 845 908 895 967; x_wconf 89' lang='lat' dir='ltr'>est</span> <span class='ocrx_word' id='word_1_40' title='bbox 914 907 1065 982; x_wconf 88' lang='lat' dir='ltr'>tentatus,</span> <span class='ocrx_word' id='word_1_41' title='bbox 1088 894 1168 984; x_wconf 85' lang='lat' dir='ltr'>quid¹</span> <span class='ocrx_word' id='word_1_42' title='bbox 1182 899 1265 966; x_wconf 79' lang='lat' dir='ltr'>scit?</span> 
     </span>
    </p>

    <p class='ocr_par' dir='ltr' id='par_1_3' title="bbox 67 994 1267 1572">
     <span class='ocr_line' id='line_1_6' title="bbox 168 994 1265 1084; baseline -0.006 -16"><span class='ocrx_word' id='word_1_43' title='bbox 168 1003 239 1068; x_wconf 89' lang='lat' dir='ltr'>Nou</span> <span class='ocrx_word' id='word_1_44' title='bbox 265 1002 427 1084; x_wconf 84' lang='lat' dir='ltr'>intelligo,</span> <span class='ocrx_word' id='word_1_45' title='bbox 454 1001 529 1084; x_wconf 85' lang='lat' dir='ltr'>quid</span> <span class='ocrx_word' id='word_1_46' title='bbox 558 1003 640 1084; x_wconf 89' lang='lat' dir='ltr'>petit</span> <span class='ocrx_word' id='word_1_47' title='bbox 662 1002 856 1068; x_wconf 86' lang='lat' dir='ltr'>Doctrinalis</span> <span class='ocrx_word' id='word_1_48' title='bbox 884 1003 924 1068; x_wconf 89' lang='lat' dir='ltr'>de</span> <span class='ocrx_word' id='word_1_49' title='bbox 953 994 1102 1080; x_wconf 80' lang='lat' dir='ltr'>Pibra&#39;ch‚</span> <span class='ocrx_word' id='word_1_50' title='bbox 1132 1000 1172 1065; x_wconf 89' lang='lat' dir='ltr'>de</span> <span class='ocrx_word' id='word_1_51' title='bbox 1203 1015 1265 1081; x_wconf 89' lang='lat' dir='ltr'>quo</span> 
     </span>
     <span class='ocr_line' id='line_1_7' title="bbox 68 1101 1267 1185; baseline -0.005 -17"><span class='ocrx_word' id='word_1_52' title='bbox 68 1104 145 1169; x_wconf 87' lang='lat' dir='ltr'>nihil</span> <span class='ocrx_word' id='word_1_53' title='bbox 174 1103 334 1185; x_wconf 75' lang='lat' dir='ltr'>coniectat</span> <span class='ocrx_word' id='word_1_54' title='bbox 363 1103 449 1168; x_wconf 83' lang='lat' dir='ltr'><strong>Auca</strong></span> <span class='ocrx_word' id='word_1_55' title='bbox 478 1102 583 1183; x_wconf 89' lang='lat' dir='ltr'>quoad</span> <span class='ocrx_word' id='word_1_56' title='bbox 604 1103 829 1185; x_wconf 81' lang='lat' dir='ltr'>neghgentiam</span> <span class='ocrx_word' id='word_1_57' title='bbox 857 1102 1113 1183; x_wconf 84' lang='lat' dir='ltr'>scribendorum,</span> <span class='ocrx_word' id='word_1_58' title='bbox 1141 1101 1202 1166; x_wconf 92' lang='lat' dir='ltr'>nisi</span> <span class='ocrx_word' id='word_1_59' title='bbox 1230 1105 1267 1163; x_wconf 89' lang='lat' dir='ltr'>ut</span> 
     </span>
     <span class='ocr_line' id='line_1_8' title="bbox 68 1199 1266 1285; baseline -0.003 -17"><span class='ocrx_word' id='word_1_60' title='bbox 68 1222 165 1269; x_wconf 89' lang='lat' dir='ltr'>sanus</span> <span class='ocrx_word' id='word_1_61' title='bbox 188 1203 286 1269; x_wconf 90' lang='lat' dir='ltr'>sitin</span> <span class='ocrx_word' id='word_1_62' title='bbox 308 1220 450 1285; x_wconf 90' lang='lat' dir='ltr'>corpore.</span> <span class='ocrx_word' id='word_1_63' title='bbox 482 1201 544 1267; x_wconf 85' lang='lat' dir='ltr'>Sed</span> <span class='ocrx_word' id='word_1_64' title='bbox 567 1203 686 1269; x_wconf 78' lang='lat' dir='ltr'>sanitas</span> <span class='ocrx_word' id='word_1_65' title='bbox 709 1203 831 1268; x_wconf 87' lang='lat' dir='ltr'>animae</span> <span class='ocrx_word' id='word_1_66' title='bbox 854 1203 990 1285; x_wconf 91' lang='lat' dir='ltr'>primum</span> <span class='ocrx_word' id='word_1_67' title='bbox 1011 1202 1044 1268; x_wconf 93' lang='lat' dir='ltr'>in</span> <span class='ocrx_word' id='word_1_68' title='bbox 1065 1204 1135 1284; x_wconf 89' lang='lat' dir='ltr'>ipso</span> <span class='ocrx_word' id='word_1_69' title='bbox 1163 1220 1182 1267; x_wconf 85' lang='lat' dir='ltr'>a</span> <span class='ocrx_word' id='word_1_70' title='bbox 1211 1199 1266 1264; x_wconf 89' lang='lat' dir='ltr'>do-</span> 
     </span>
     <span class='ocr_line' id='line_1_9' title="bbox 67 1302 1262 1386; baseline -0.005 -16"><span class='ocrx_word' id='word_1_71' title='bbox 67 1304 152 1370; x_wconf 88' lang='lat' dir='ltr'>mino</span> <span class='ocrx_word' id='word_1_72' title='bbox 175 1305 355 1384; x_wconf 85' lang='lat' dir='ltr'><strong>roboretur,</strong></span> <span class='ocrx_word' id='word_1_73' title='bbox 378 1322 470 1385; x_wconf 90' lang='lat' dir='ltr'>quam</span> <span class='ocrx_word' id='word_1_74' title='bbox 493 1302 662 1368; x_wconf 88' lang='lat' dir='ltr'>sanitatem</span> <span class='ocrx_word' id='word_1_75' title='bbox 684 1321 778 1386; x_wconf 89' lang='lat' dir='ltr'>spero</span> <span class='ocrx_word' id='word_1_76' title='bbox 800 1304 861 1369; x_wconf 89' lang='lat' dir='ltr'>sibi</span> <span class='ocrx_word' id='word_1_77' title='bbox 884 1310 917 1369; x_wconf 89' lang='lat' dir='ltr'>et</span> <span class='ocrx_word' id='word_1_78' title='bbox 939 1323 1009 1370; x_wconf 87' lang='lat' dir='ltr'>oum</span> <span class='ocrx_word' id='word_1_79' title='bbox 1032 1304 1169 1370; x_wconf 85' lang='lat' dir='ltr'>sanitate</span> <span class='ocrx_word' id='word_1_80' title='bbox 1191 1318 1262 1366; x_wconf 90' lang='lat' dir='ltr'>cor·</span> 
     </span>
     <span class='ocr_line' id='line_1_10' title="bbox 68 1403 1267 1501; baseline -0.002 -32"><span class='ocrx_word' id='word_1_81' title='bbox 68 1405 155 1487; x_wconf 90' lang='lat' dir='ltr'>poris</span> <span class='ocrx_word' id='word_1_82' title='bbox 178 1404 299 1485; x_wconf 83' lang='lat' dir='ltr'>angeri,</span> <span class='ocrx_word' id='word_1_83' title='bbox 322 1409 451 1486; x_wconf 89' lang='lat' dir='ltr'>etpost</span> <span class='ocrx_word' id='word_1_84' title='bbox 472 1409 607 1501; x_wconf 88' lang='lat' dir='ltr'>mortem</span> <span class='ocrx_word' id='word_1_85' title='bbox 630 1422 700 1469; x_wconf 89' lang='lat' dir='ltr'>cnm</span> <span class='ocrx_word' id='word_1_86' title='bbox 722 1403 867 1469; x_wconf 90' lang='lat' dir='ltr'>omnibns</span> <span class='ocrx_word' id='word_1_87' title='bbox 890 1405 1009 1471; x_wconf 87' lang='lat' dir='ltr'>sanctis</span> <span class='ocrx_word' id='word_1_88' title='bbox 1032 1404 1170 1471; x_wconf 78' lang='lat' dir='ltr'>feliciter</span> <span class='ocrx_word' id='word_1_89' title='bbox 1193 1421 1267 1469; x_wconf 87' lang='lat' dir='ltr'>con·</span> 
     </span>
     <span class='ocr_line' id='line_1_11' title="bbox 69 1523 230 1572; baseline -0.012 -4"><span class='ocrx_word' id='word_1_90' title='bbox 69 1523 230 1572; x_wconf 87' lang='lat' dir='ltr'>summam.</span> 
     </span>
    </p>
   </div>
   <div class='ocr_carea' id='block_1_3' title="bbox 268 1687 1063 2093">
    <p class='ocr_par' dir='ltr' id='par_1_4' title="bbox 268 1687 941 1841">
     <span class='ocr_line' id='line_1_12' title="bbox 268 1687 941 1758; baseline -0.001 -15"><span class='ocrx_word' id='word_1_91' title='bbox 268 1687 431 1757; x_wconf 85' lang='lat' dir='ltr'>Nocturnus,</span> <span class='ocrx_word' id='word_1_92' title='bbox 450 1689 562 1758; x_wconf 83' lang='lat' dir='ltr'>gradus,</span> <span class='ocrx_word' id='word_1_93' title='bbox 581 1689 702 1758; x_wconf 80' lang='lat' dir='ltr'>litaniae,</span> <span class='ocrx_word' id='word_1_94' title='bbox 720 1689 841 1757; x_wconf 76' lang='lat' dir='ltr'>singulae</span> <span class='ocrx_word' id='word_1_95' title='bbox 858 1689 941 1743; x_wconf 88' lang='lat' dir='ltr'>horae</span> 
     </span>
     <span class='ocr_line' id='line_1_13' title="bbox 269 1771 913 1841; baseline 0.002 -16"><span class='ocrx_word' id='word_1_96' title='bbox 269 1771 377 1826; x_wconf 83' lang='lat' dir='ltr'>carceri</span> <span class='ocrx_word' id='word_1_97' title='bbox 395 1774 580 1841; x_wconf 72' lang='lat' dir='ltr'>annumeres,</span> <span class='ocrx_word' id='word_1_98' title='bbox 598 1772 705 1841; x_wconf 81' lang='lat' dir='ltr'>vigiliae</span> <span class='ocrx_word' id='word_1_99' title='bbox 723 1772 813 1826; x_wconf 79' lang='lat' dir='ltr'>dicere</span> <span class='ocrx_word' id='word_1_100' title='bbox 831 1772 913 1827; x_wconf 85' lang='lat' dir='ltr'>leves.</span> 
     </span>
    </p>

    <p class='ocr_par' dir='ltr' id='par_1_5' title="bbox 269 1855 1063 2093">
     <span class='ocr_line' id='line_1_14' title="bbox 269 1855 1063 1926; baseline 0.001 -16"><span class='ocrx_word' id='word_1_101' title='bbox 269 1855 353 1911; x_wconf 84' lang='lat' dir='ltr'>Passo</span> <span class='ocrx_word' id='word_1_102' title='bbox 371 1856 477 1912; x_wconf 84' lang='lat' dir='ltr'>Christo</span> <span class='ocrx_word' id='word_1_103' title='bbox 494 1859 626 1926; x_wconf 89' lang='lat' dir='ltr'>patimnr;</span> <span class='ocrx_word' id='word_1_104' title='bbox 644 1856 692 1925; x_wconf 80' lang='lat' dir='ltr'>sed</span> <span class='ocrx_word' id='word_1_105' title='bbox 710 1857 778 1911; x_wconf 88' lang='lat' dir='ltr'>haec</span> <span class='ocrx_word' id='word_1_106' title='bbox 796 1862 837 1911; x_wconf 88' lang='lat' dir='ltr'>est</span> <span class='ocrx_word' id='word_1_107' title='bbox 854 1857 944 1925; x_wconf 86' lang='lat' dir='ltr'>passio</span> <span class='ocrx_word' id='word_1_108' title='bbox 962 1862 1063 1926; x_wconf 85' lang='lat' dir='ltr'>nostra,</span> 
     </span>
     <span class='ocr_line' id='line_1_15' title="bbox 269 1940 1006 2010; baseline 0 -16"><span class='ocrx_word' id='word_1_109' title='bbox 269 1940 352 1994; x_wconf 80' lang='lat' dir='ltr'>Nulla</span> <span class='ocrx_word' id='word_1_110' title='bbox 369 1941 412 1996; x_wconf 85' lang='lat' dir='ltr'>rel</span> <span class='ocrx_word' id='word_1_111' title='bbox 430 1941 543 2009; x_wconf 83' lang='lat' dir='ltr'>modica,</span> <span class='ocrx_word' id='word_1_112' title='bbox 561 1956 632 2010; x_wconf 84' lang='lat' dir='ltr'>quae</span> <span class='ocrx_word' id='word_1_113' title='bbox 650 1940 761 1996; x_wconf 86' lang='lat' dir='ltr'>tolleret</span> <span class='ocrx_word' id='word_1_114' title='bbox 777 1941 889 1995; x_wconf 89' lang='lat' dir='ltr'>crimina</span> <span class='ocrx_word' id='word_1_115' title='bbox 907 1945 1006 1995; x_wconf 86' lang='lat' dir='ltr'>nostra.</span> 
     </span>
     <span class='ocr_line' id='line_1_16' title="bbox 269 2023 1058 2093; baseline 0 -14"><span class='ocrx_word' id='word_1_116' title='bbox 269 2023 388 2093; x_wconf 82' lang='lat' dir='ltr'>Adjuvet</span> <span class='ocrx_word' id='word_1_117' title='bbox 403 2041 451 2079; x_wconf 88' lang='lat' dir='ltr'>ros</span> <span class='ocrx_word' id='word_1_118' title='bbox 469 2024 600 2091; x_wconf 70' lang='lat' dir='ltr'>Obrimus</span> <span class='ocrx_word' id='word_1_119' title='bbox 619 2040 653 2078; x_wconf 89' lang='lat' dir='ltr'>ne</span> <span class='ocrx_word' id='word_1_120' title='bbox 671 2025 769 2091; x_wconf 80' lang='lat' dir='ltr'>glutiat</span> <span class='ocrx_word' id='word_1_121' title='bbox 787 2040 857 2079; x_wconf 90' lang='lat' dir='ltr'>nunc</span> <span class='ocrx_word' id='word_1_122' title='bbox 876 2024 1058 2079; x_wconf 83' lang='lat' dir='ltr'>Antichristus</span> 
     </span>
    </p>
   </div>
   <div class='ocr_carea' id='block_1_4' title="bbox 73 2193 1268 2764">
    <p class='ocr_par' dir='ltr' id='par_1_6' title="bbox 73 2193 1268 2764">
     <span class='ocr_line' id='line_1_17' title="bbox 169 2193 1266 2275; baseline -0.001 -15"><span class='ocrx_word' id='word_1_123' title='bbox 169 2193 315 2260; x_wconf 81' lang='lat' dir='ltr'>Garrdete</span> <span class='ocrx_word' id='word_1_124' title='bbox 349 2212 473 2273; x_wconf 82' lang='lat' dir='ltr'>omnes,</span> <span class='ocrx_word' id='word_1_125' title='bbox 507 2193 561 2275; x_wconf 91' lang='lat' dir='ltr'>qni</span> <span class='ocrx_word' id='word_1_126' title='bbox 584 2193 676 2259; x_wconf 90' lang='lat' dir='ltr'>simul</span> <span class='ocrx_word' id='word_1_127' title='bbox 698 2194 776 2260; x_wconf 89' lang='lat' dir='ltr'>estis</span> <span class='ocrx_word' id='word_1_128' title='bbox 798 2194 832 2258; x_wconf 88' lang='lat' dir='ltr'>in</span> <span class='ocrx_word' id='word_1_129' title='bbox 853 2193 993 2273; x_wconf 70' lang='lat' dir='ltr'>domium</span> <span class='ocrx_word' id='word_1_130' title='bbox 1029 2195 1166 2260; x_wconf 86' lang='lat' dir='ltr'>salutate</span> <span class='ocrx_word' id='word_1_131' title='bbox 1187 2195 1266 2259; x_wconf 84' lang='lat' dir='ltr'>invi·</span> 
     </span>
     <span class='ocr_line' id='line_1_18' title="bbox 73 2293 1267 2379; baseline 0.002 -21"><span class='ocrx_word' id='word_1_132' title='bbox 73 2312 153 2373; x_wconf 85' lang='lat' dir='ltr'>ceur,</span> <span class='ocrx_word' id='word_1_133' title='bbox 189 2303 222 2359; x_wconf 86' lang='lat' dir='ltr'>at</span> <span class='ocrx_word' id='word_1_134' title='bbox 254 2300 444 2376; x_wconf 86' lang='lat' dir='ltr'>praeparate</span> <span class='ocrx_word' id='word_1_135' title='bbox 478 2311 551 2374; x_wconf 84' lang='lat' dir='ltr'>voa,</span> <span class='ocrx_word' id='word_1_136' title='bbox 586 2299 622 2358; x_wconf 90' lang='lat' dir='ltr'>ut</span> <span class='ocrx_word' id='word_1_137' title='bbox 643 2293 737 2374; x_wconf 79' lang='lat' dir='ltr'>digne</span> <span class='ocrx_word' id='word_1_138' title='bbox 760 2300 834 2360; x_wconf 86' lang='lat' dir='ltr'>ante</span> <span class='ocrx_word' id='word_1_139' title='bbox 855 2294 970 2360; x_wconf 77' lang='lat' dir='ltr'>festum</span> <span class='ocrx_word' id='word_1_140' title='bbox 993 2294 1130 2377; x_wconf 75' lang='lat' dir='ltr'>paschae</span> <span class='ocrx_word' id='word_1_141' title='bbox 1151 2313 1267 2379; x_wconf 94' lang='lat' dir='ltr'>corpus</span> 
     </span>
     <span class='ocr_line' id='line_1_19' title="bbox 76 2392 1268 2480; baseline 0.006 -23"><span class='ocrx_word' id='word_1_142' title='bbox 76 2392 187 2459; x_wconf 87' lang='lat' dir='ltr'>domini</span> <span class='ocrx_word' id='word_1_143' title='bbox 207 2394 419 2475; x_wconf 87' lang='lat' dir='ltr'>manducetis,</span> <span class='ocrx_word' id='word_1_144' title='bbox 443 2413 505 2476; x_wconf 78' lang='lat' dir='ltr'>qrro</span> <span class='ocrx_word' id='word_1_145' title='bbox 528 2413 598 2478; x_wconf 82' lang='lat' dir='ltr'>ego,</span> <span class='ocrx_word' id='word_1_146' title='bbox 621 2395 725 2477; x_wconf 87' lang='lat' dir='ltr'>quoad</span> <span class='ocrx_word' id='word_1_147' title='bbox 748 2396 1009 2462; x_wconf 80' lang='lat' dir='ltr'>sacramentalem</span> <span class='ocrx_word' id='word_1_148' title='bbox 1030 2399 1268 2480; x_wconf 88' lang='lat' dir='ltr'>perceptionem</span> 
     </span>
     <span class='ocr_line' id='line_1_20' title="bbox 76 2493 1267 2577; baseline 0.004 -19"><span class='ocrx_word' id='word_1_149' title='bbox 76 2493 133 2573; x_wconf 84' lang='lat' dir='ltr'>iam</span> <span class='ocrx_word' id='word_1_150' title='bbox 155 2513 212 2576; x_wconf 92' lang='lat' dir='ltr'>pro</span> <span class='ocrx_word' id='word_1_151' title='bbox 233 2501 376 2577; x_wconf 86' lang='lat' dir='ltr'>tempore</span> <span class='ocrx_word' id='word_1_152' title='bbox 399 2495 497 2575; x_wconf 77' lang='lat' dir='ltr'>caruli,</span> <span class='ocrx_word' id='word_1_153' title='bbox 520 2503 553 2560; x_wconf 91' lang='lat' dir='ltr'>et</span> <span class='ocrx_word' id='word_1_154' title='bbox 574 2495 688 2576; x_wconf 80' lang='lat' dir='ltr'>adhuc,</span> <span class='ocrx_word' id='word_1_155' title='bbox 710 2495 857 2577; x_wconf 88' lang='lat' dir='ltr'>quamdiu</span> <span class='ocrx_word' id='word_1_156' title='bbox 879 2496 958 2561; x_wconf 90' lang='lat' dir='ltr'>deus</span> <span class='ocrx_word' id='word_1_157' title='bbox 975 2497 1121 2577; x_wconf 81' lang='lat' dir='ltr'>voluerit,</span> <span class='ocrx_word' id='word_1_158' title='bbox 1144 2499 1267 2564; x_wconf 90' lang='lat' dir='ltr'>carebo.</span> 
     </span>
     <span class='ocr_line' id='line_1_21' title="bbox 79 2593 1264 2678; baseline 0.003 -20"><span class='ocrx_word' id='word_1_159' title='bbox 79 2593 139 2661; x_wconf 84' lang='lat' dir='ltr'>h&#39;ec</span> <span class='ocrx_word' id='word_1_160' title='bbox 153 2595 274 2674; x_wconf 78' lang='lat' dir='ltr'>mirum,</span> <span class='ocrx_word' id='word_1_161' title='bbox 297 2614 367 2660; x_wconf 88' lang='lat' dir='ltr'>omn</span> <span class='ocrx_word' id='word_1_162' title='bbox 388 2596 524 2678; x_wconf 90' lang='lat' dir='ltr'>apostoli</span> <span class='ocrx_word' id='word_1_163' title='bbox 547 2595 664 2661; x_wconf 84' lang='lat' dir='ltr'>Christi</span> <span class='ocrx_word' id='word_1_164' title='bbox 688 2603 721 2661; x_wconf 86' lang='lat' dir='ltr'>et</span> <span class='ocrx_word' id='word_1_165' title='bbox 735 2597 789 2661; x_wconf 82' lang='lat' dir='ltr'>alii</span> <span class='ocrx_word' id='word_1_166' title='bbox 805 2595 896 2662; x_wconf 92' lang='lat' dir='ltr'>multi</span> <span class='ocrx_word' id='word_1_167' title='bbox 905 2597 1010 2663; x_wconf 83' lang='lat' dir='ltr'>sancti</span> <span class='ocrx_word' id='word_1_168' title='bbox 1035 2598 1067 2661; x_wconf 92' lang='lat' dir='ltr'>iu</span> <span class='ocrx_word' id='word_1_169' title='bbox 1083 2598 1264 2664; x_wconf 85' lang='lat' dir='ltr'>carceribus</span> 
     </span>
     <span class='ocr_line' id='line_1_22' title="bbox 84 2695 842 2764; baseline 0.005 -6"><span class='ocrx_word' id='word_1_170' title='bbox 84 2702 113 2759; x_wconf 90' lang='lat' dir='ltr'>et</span> <span class='ocrx_word' id='word_1_171' title='bbox 130 2696 160 2759; x_wconf 93' lang='lat' dir='ltr'>in</span> <span class='ocrx_word' id='word_1_172' title='bbox 181 2695 318 2763; x_wconf 87' lang='lat' dir='ltr'>desertis</span> <span class='ocrx_word' id='word_1_173' title='bbox 343 2696 591 2763; x_wconf 85' lang='lat' dir='ltr'>habitationibus</span> <span class='ocrx_word' id='word_1_174' title='bbox 614 2698 659 2762; x_wconf 90' lang='lat' dir='ltr'>sic</span> <span class='ocrx_word' id='word_1_175' title='bbox 682 2697 842 2764; x_wconf 85' lang='lat' dir='ltr'>carebant.</span> 
     </span>
    </p>
   </div>
   <div class='ocr_carea' id='block_1_5' title="bbox 90 2800 1269 3100">
    <p class='ocr_par' dir='ltr' id='par_1_7' title="bbox 90 2800 1269 3100">
     <span class='ocr_line' id='line_1_23' title="bbox 172 2800 1267 2899; baseline 0.005 -22"><span class='ocrx_word' id='word_1_176' title='bbox 172 2813 289 2878; x_wconf 88' lang='lat' dir='ltr'>Laetus</span> <span class='ocrx_word' id='word_1_177' title='bbox 311 2831 395 2892; x_wconf 85' lang='lat' dir='ltr'>sum,</span> <span class='ocrx_word' id='word_1_178' title='bbox 426 2813 511 2895; x_wconf 89' lang='lat' dir='ltr'>quod</span> <span class='ocrx_word' id='word_1_179' title='bbox 534 2815 626 2880; x_wconf 92' lang='lat' dir='ltr'>simul</span> <span class='ocrx_word' id='word_1_180' title='bbox 648 2815 758 2894; x_wconf 79' lang='lat' dir='ltr'>statie,</span> <span class='ocrx_word' id='word_1_181' title='bbox 789 2823 822 2880; x_wconf 91' lang='lat' dir='ltr'>et</span> <span class='ocrx_word' id='word_1_182' title='bbox 844 2815 928 2895; x_wconf 87' lang='lat' dir='ltr'>quod</span> <span class='ocrx_word' id='word_1_183' title='bbox 950 2800 1086 2881; x_wconf 75' lang='lat' dir='ltr'>Zelezmi</span> <span class='ocrx_word' id='word_1_184' title='bbox 1106 2816 1212 2882; x_wconf 86' lang='lat' dir='ltr'>Brada</span> <span class='ocrx_word' id='word_1_185' title='bbox 1234 2815 1267 2899; x_wconf 90' lang='grc'>*)</span> 
     </span>
     <span class='ocr_line' id='line_1_24' title="bbox 90 2914 1265 2999; baseline 0.006 -24"><span class='ocrx_word' id='word_1_186' title='bbox 90 2927 147 2975; x_wconf 77' lang='lat' dir='ltr'>curn</span> <span class='ocrx_word' id='word_1_187' title='bbox 166 2914 309 2979; x_wconf 89' lang='lat' dir='ltr'>omnibns</span> <span class='ocrx_word' id='word_1_188' title='bbox 330 2914 412 2979; x_wconf 92' lang='lat' dir='ltr'>bene</span> <span class='ocrx_word' id='word_1_189' title='bbox 435 2915 527 2980; x_wconf 87' lang='lat' dir='ltr'>valet.</span> <span class='ocrx_word' id='word_1_190' title='bbox 551 2915 618 2997; x_wconf 81' lang='lat' dir='ltr'>Ego</span> <span class='ocrx_word' id='word_1_191' title='bbox 642 2917 737 2981; x_wconf 89' lang='lat' dir='ltr'>etiam</span> <span class='ocrx_word' id='word_1_192' title='bbox 760 2915 841 2981; x_wconf 90' lang='lat' dir='ltr'>bene</span> <span class='ocrx_word' id='word_1_193' title='bbox 864 2916 963 2994; x_wconf 79' lang='lat' dir='ltr'>valeo,</span> <span class='ocrx_word' id='word_1_194' title='bbox 987 2923 1023 2982; x_wconf 93' lang='lat' dir='ltr'>ut</span> <span class='ocrx_word' id='word_1_195' title='bbox 1037 2935 1132 2999; x_wconf 89' lang='lat' dir='ltr'>spero</span> <span class='ocrx_word' id='word_1_196' title='bbox 1143 2919 1177 2983; x_wconf 93' lang='lat' dir='ltr'>in</span> <span class='ocrx_word' id='word_1_197' title='bbox 1187 2918 1265 2983; x_wconf 87' lang='lat' dir='ltr'>Jesu</span> 
     </span>
     <span class='ocr_line' id='line_1_25' title="bbox 92 3007 1269 3100; baseline 0.008 -28"><span class='ocrx_word' id='word_1_198' title='bbox 92 3007 216 3092; x_wconf 86' lang='lat' dir='ltr'>Christo,</span> <span class='ocrx_word' id='word_1_199' title='bbox 239 3020 272 3079; x_wconf 90' lang='lat' dir='ltr'>et</span> <span class='ocrx_word' id='word_1_200' title='bbox 293 3015 406 3082; x_wconf 89' lang='lat' dir='ltr'>melius</span> <span class='ocrx_word' id='word_1_201' title='bbox 429 3016 541 3081; x_wconf 88' lang='lat' dir='ltr'>valebo</span> <span class='ocrx_word' id='word_1_202' title='bbox 564 3023 809 3100; x_wconf 84' lang='lat' dir='ltr'>postmortem,</span> <span class='ocrx_word' id='word_1_203' title='bbox 832 3017 859 3081; x_wconf 93' lang='lat' dir='ltr'>si</span> <span class='ocrx_word' id='word_1_204' title='bbox 881 3017 1028 3081; x_wconf 87' lang='lat' dir='ltr'>mandata</span> <span class='ocrx_word' id='word_1_205' title='bbox 1050 3017 1101 3083; x_wconf 77' lang='lat' dir='ltr'>clei</span> <span class='ocrx_word' id='word_1_206' title='bbox 1131 3016 1269 3085; x_wconf 89' lang='lat' dir='ltr'>finaliter</span> 
     </span>
    </p>
   </div>
   <div class='ocr_carea' id='block_1_6' title="bbox 94 3115 1376 3199">
    <p class='ocr_par' dir='ltr' id='par_1_8' title="bbox 94 3115 1376 3199">
     <span class='ocr_line' id='line_1_26' title="bbox 94 3115 1376 3199; baseline 0.01 -27"><span class='ocrx_word' id='word_1_207' title='bbox 94 3125 312 3179; x_wconf 88' lang='lat' dir='ltr'>conservavero.</span> <span class='ocrx_word' id='word_1_208' title='bbox 336 3115 362 3180; x_wconf 93' lang='lat' dir='ltr'>O</span> <span class='ocrx_word' id='word_1_209' title='bbox 385 3115 411 3180; x_wconf 91' lang='lat' dir='ltr'>si</span> <span class='ocrx_word' id='word_1_210' title='bbox 434 3116 512 3181; x_wconf 91' lang='lat' dir='ltr'>deus</span> <span class='ocrx_word' id='word_1_211' title='bbox 536 3116 627 3182; x_wconf 88' lang='lat' dir='ltr'>daret</span> <span class='ocrx_word' id='word_1_212' title='bbox 649 3123 773 3199; x_wconf 89' lang='lat' dir='ltr'>tempus</span> <span class='ocrx_word' id='word_1_213' title='bbox 796 3116 956 3182; x_wconf 87' lang='lat' dir='ltr'>scribendi</span> <span class='ocrx_word' id='word_1_214' title='bbox 977 3122 1088 3183; x_wconf 90' lang='lat' dir='ltr'>contra</span> <span class='ocrx_word' id='word_1_215' title='bbox 1105 3118 1270 3184; x_wconf 87' lang='lat' dir='ltr'>mendacia</span> <span class='ocrx_word' id='word_1_216' title='bbox 1374 3130 1376 3135; x_wconf 79' lang='grc'>’</span> 
     </span>
    </p>
   </div>
   <div class='ocr_carea' id='block_1_7' title="bbox 96 3207 1270 3600">
    <p class='ocr_par' dir='ltr' id='par_1_9' title="bbox 96 3207 1270 3600">
     <span class='ocr_line' id='line_1_27' title="bbox 97 3207 1270 3299; baseline 0.011 -28"><span class='ocrx_word' id='word_1_217' title='bbox 97 3207 260 3278; x_wconf 87' lang='lat' dir='ltr'>Parisiensis</span> <span class='ocrx_word' id='word_1_218' title='bbox 283 3215 471 3297; x_wconf 81' lang='lat' dir='ltr'>cancellarii,</span> <span class='ocrx_word' id='word_1_219' title='bbox 497 3218 549 3299; x_wconf 89' lang='lat' dir='ltr'>qui</span> <span class='ocrx_word' id='word_1_220' title='bbox 573 3223 636 3282; x_wconf 89' lang='lat' dir='ltr'>tum</span> <span class='ocrx_word' id='word_1_221' title='bbox 659 3218 828 3282; x_wconf 84' lang='lat' dir='ltr'>temerarie</span> <span class='ocrx_word' id='word_1_222' title='bbox 851 3224 883 3282; x_wconf 90' lang='lat' dir='ltr'>et</span> <span class='ocrx_word' id='word_1_223' title='bbox 906 3217 1032 3299; x_wconf 80' lang='lat' dir='ltr'>injuste,</span> <span class='ocrx_word' id='word_1_224' title='bbox 1055 3235 1161 3283; x_wconf 88' lang='lat' dir='ltr'>coram</span> <span class='ocrx_word' id='word_1_225' title='bbox 1180 3225 1270 3284; x_wconf 88' lang='lat' dir='ltr'>tanta</span> 
     </span>
     <span class='ocr_line' id='line_1_28' title="bbox 96 3311 1270 3400; baseline 0.012 -30"><span class='ocrx_word' id='word_1_226' title='bbox 96 3311 290 3394; x_wconf 85' lang='lat' dir='ltr'>multitudiue,</span> <span class='ocrx_word' id='word_1_227' title='bbox 324 3333 387 3383; x_wconf 91' lang='lat' dir='ltr'>non</span> <span class='ocrx_word' id='word_1_228' title='bbox 411 3326 460 3383; x_wconf 89' lang='lat' dir='ltr'>est</span> <span class='ocrx_word' id='word_1_229' title='bbox 482 3318 603 3383; x_wconf 88' lang='lat' dir='ltr'>veritus</span> <span class='ocrx_word' id='word_1_230' title='bbox 626 3318 802 3400; x_wconf 85' lang='lat' dir='ltr'>proximum</span> <span class='ocrx_word' id='word_1_231' title='bbox 826 3319 989 3384; x_wconf 84' lang='lat' dir='ltr'>erroribus</span> <span class='ocrx_word' id='word_1_232' title='bbox 1010 3325 1173 3385; x_wconf 85' lang='lat' dir='ltr'>annotare.</span> <span class='ocrx_word' id='word_1_233' title='bbox 1206 3318 1270 3386; x_wconf 81' lang='lat' dir='ltr'>Sed</span> 
     </span>
     <span class='ocr_line' id='line_1_29' title="bbox 97 3406 1270 3501; baseline 0.013 -32"><span class='ocrx_word' id='word_1_234' title='bbox 97 3406 161 3474; x_wconf 87' lang='lat' dir='ltr'>iorte</span> <span class='ocrx_word' id='word_1_235' title='bbox 189 3415 265 3481; x_wconf 89' lang='lat' dir='ltr'>deus</span> <span class='ocrx_word' id='word_1_236' title='bbox 298 3417 582 3500; x_wconf 85' lang='lat' dir='ltr'>scripturummea</span> <span class='ocrx_word' id='word_1_237' title='bbox 604 3418 654 3482; x_wconf 88' lang='lat' dir='ltr'>vel</span> <span class='ocrx_word' id='word_1_238' title='bbox 676 3436 734 3484; x_wconf 91' lang='lat' dir='ltr'>sua</span> <span class='ocrx_word' id='word_1_239' title='bbox 755 3425 857 3485; x_wconf 90' lang='lat' dir='ltr'>morte</span> <span class='ocrx_word' id='word_1_240' title='bbox 880 3419 1070 3501; x_wconf 78' lang='lat' dir='ltr'>praeripiet,</span> <span class='ocrx_word' id='word_1_241' title='bbox 1102 3426 1135 3486; x_wconf 89' lang='lat' dir='ltr'>et</span> <span class='ocrx_word' id='word_1_242' title='bbox 1158 3419 1270 3486; x_wconf 89' lang='lat' dir='ltr'>melius</span> 
     </span>
     <span class='ocr_line' id='line_1_30' title="bbox 98 3504 808 3600; baseline 0.018 -29"><span class='ocrx_word' id='word_1_243' title='bbox 98 3504 124 3571; x_wconf 91' lang='lat' dir='ltr'>iu</span> <span class='ocrx_word' id='word_1_244' title='bbox 137 3511 242 3591; x_wconf 87' lang='lat' dir='ltr'>jndicio</span> <span class='ocrx_word' id='word_1_245' title='bbox 265 3516 405 3597; x_wconf 77' lang='lat' dir='ltr'>definiet,</span> <span class='ocrx_word' id='word_1_246' title='bbox 429 3536 521 3600; x_wconf 90' lang='lat' dir='ltr'>quam</span> <span class='ocrx_word' id='word_1_247' title='bbox 544 3537 603 3600; x_wconf 85' lang='lat' dir='ltr'>ego</span> <span class='ocrx_word' id='word_1_248' title='bbox 625 3520 808 3586; x_wconf 85' lang='lat' dir='ltr'>scriberem.</span> 
     </span>
    </p>
   </div>
   <div class='ocr_carea' id='block_1_8' title="bbox 174 3631 1139 3723">
    <p class='ocr_par' dir='ltr' id='par_1_10' title="bbox 174 3631 1139 3723">
     <span class='ocr_line' id='line_1_31' title="bbox 174 3631 1139 3723; baseline 0.004 -38"><span class='ocrx_word' id='word_1_249' title='bbox 174 3631 224 3723; x_wconf 61' lang='lat' dir='ltr'>lid</span> <span class='ocrx_word' id='word_1_250' title='bbox 242 3633 272 3686; x_wconf 78' lang='lat' dir='ltr'>iu</span> <span class='ocrx_word' id='word_1_251' title='bbox 291 3633 346 3702; x_wconf 79' lang='lat' dir='ltr'>Ep.</span> <span class='ocrx_word' id='word_1_252' title='bbox 362 3633 442 3702; x_wconf 79' lang='lat' dir='ltr'>piiss.</span> <span class='ocrx_word' id='word_1_253' title='bbox 464 3633 500 3687; x_wconf 79' lang='lat' dir='ltr'>H.</span> <span class='ocrx_word' id='word_1_254' title='bbox 519 3634 543 3688; x_wconf 83' lang='lat'>8.</span> <span class='ocrx_word' id='word_1_255' title='bbox 582 3635 652 3704; x_wconf 81' lang='lat' dir='ltr'>Opp.</span> <span class='ocrx_word' id='word_1_256' title='bbox 672 3635 747 3697; x_wconf 80' lang='lat' dir='ltr'>Har,</span> <span class='ocrx_word' id='word_1_257' title='bbox 766 3636 790 3688; x_wconf 90' lang='lat'>1.</span> <span class='ocrx_word' id='word_1_258' title='bbox 810 3634 845 3688; x_wconf 78' lang='lat'>73</span> <span class='ocrx_word' id='word_1_259' title='bbox 863 3645 888 3689; x_wconf 77' lang='lat' dir='ltr'>ct</span> <span class='ocrx_word' id='word_1_260' title='bbox 905 3633 949 3689; x_wconf 83' lang='lat'>93.</span> <span class='ocrx_word' id='word_1_261' title='bbox 970 3635 1070 3703; x_wconf 79' lang='lat' dir='ltr'>(Num.</span> <span class='ocrx_word' id='word_1_262' title='bbox 1088 3635 1139 3702; x_wconf 90' lang='lat' dir='ltr'>L.)</span> 
     </span>
    </p>
   </div>
   <div class='ocr_carea' id='block_1_9' title="bbox 111 4456 272 4476">
    <p class='ocr_par' dir='ltr' id='par_1_11' title="bbox 111 4456 272 4476">
     <span class='ocr_line' id='line_1_32' title="bbox 111 4456 272 4476; baseline 0.006 -1"><span class='ocrx_word' id='word_1_263' title='bbox 111 4456 272 4476; x_wconf 46' lang='grc' dir='ltr'>’Ἢ</span> 
     </span>
    </p>
   </div>
   <div class='ocr_carea' id='block_1_10' title="bbox 153 4557 1271 4712">
    <p class='ocr_par' dir='ltr' id='par_1_12' title="bbox 153 4557 1271 4712">
     <span class='ocr_line' id='line_1_33' title="bbox 153 4557 1271 4633; baseline 0.004 -20"><span class='ocrx_word' id='word_1_264' title='bbox 153 4557 283 4627; x_wconf 57' lang='lat' dir='ltr'>‘lsscrrea</span> <span class='ocrx_word' id='word_1_265' title='bbox 303 4562 403 4616; x_wconf 80' lang='lat' dir='ltr'>Barbs.“</span> <span class='ocrx_word' id='word_1_266' title='bbox 422 4567 532 4614; x_wconf 77' lang='lat' dir='ltr'>Fortasse</span> <span class='ocrx_word' id='word_1_267' title='bbox 556 4569 629 4620; x_wconf 80' lang='lat' dir='ltr'>idem,</span> <span class='ocrx_word' id='word_1_268' title='bbox 654 4572 695 4630; x_wconf 89' lang='lat' dir='ltr'>qui</span> <span class='ocrx_word' id='word_1_269' title='bbox 715 4573 738 4616; x_wconf 90' lang='lat' dir='ltr'>in</span> <span class='ocrx_word' id='word_1_270' title='bbox 756 4572 809 4617; x_wconf 83' lang='lat' dir='ltr'>aliis</span> <span class='ocrx_word' id='word_1_271' title='bbox 834 4571 940 4631; x_wconf 81' lang='lat' dir='ltr'>epistolis</span> <span class='ocrx_word' id='word_1_272' title='bbox 959 4563 1111 4632; x_wconf 80' lang='lat' dir='ltr'>„Barbatus“</span> <span class='ocrx_word' id='word_1_273' title='bbox 1131 4576 1174 4616; x_wconf 86' lang='lat' dir='ltr'>unt</span> <span class='ocrx_word' id='word_1_274' title='bbox 1193 4568 1271 4633; x_wconf 86' lang='lat' dir='ltr'>„Bru-</span> 
     </span>
     <span class='ocr_line' id='line_1_34' title="bbox 195 4639 1269 4712; baseline 0.003 -16"><span class='ocrx_word' id='word_1_275' title='bbox 195 4648 272 4710; x_wconf 63' lang='lat' dir='ltr'>dsty‚“</span> <span class='ocrx_word' id='word_1_276' title='bbox 298 4647 453 4710; x_wconf 73' lang='lat' dir='ltr'>„Bradacch“</span> <span class='ocrx_word' id='word_1_277' title='bbox 473 4659 497 4697; x_wconf 85' lang='lat' dir='ltr'>ot</span> <span class='ocrx_word' id='word_1_278' title='bbox 515 4639 634 4710; x_wconf 64' lang='lat' dir='ltr'>„Zelcznp</span> <span class='ocrx_word' id='word_1_279' title='bbox 649 4653 711 4699; x_wconf 81' lang='lat' dir='ltr'>Jun‘·</span> <span class='ocrx_word' id='word_1_280' title='bbox 735 4660 842 4700; x_wconf 85' lang='lat' dir='ltr'>vocatur.</span> <span class='ocrx_word' id='word_1_281' title='bbox 871 4652 939 4700; x_wconf 85' lang='lat' dir='ltr'>Cool.</span> <span class='ocrx_word' id='word_1_282' title='bbox 959 4653 1029 4708; x_wconf 83' lang='lat' dir='ltr'>inira,</span> <span class='ocrx_word' id='word_1_283' title='bbox 1048 4654 1092 4699; x_wconf 85' lang='lat' dir='ltr'>rub</span> <span class='ocrx_word' id='word_1_284' title='bbox 1109 4654 1211 4712; x_wconf 84' lang='lat' dir='ltr'>epistola</span> <span class='ocrx_word' id='word_1_285' title='bbox 1230 4656 1269 4699; x_wconf 85' lang='grc'>66,</span> 
     </span>
    </p>
   </div>
   <div class='ocr_carea' id='block_1_11' title="bbox 1072 4751 1088 4800">
    <p class='ocr_par' dir='ltr' id='par_1_13' title="bbox 1072 4751 1088 4800">
     <span class='ocr_line' id='line_1_35' title="bbox 1072 4751 1088 4800; baseline 0 0"><span class='ocrx_word' id='word_1_286' title='bbox 1072 4751 1088 4800; x_wconf 89' lang='grc'><strong>7</strong></span> 
     </span>
    </p>
   </div>
   <div class='ocr_carea' id='block_1_12' title="bbox 0 0 1509 5258">
    <p class='ocr_par' dir='ltr' id='par_1_14' title="bbox 0 0 1509 5258">
     <span class='ocr_line' id='line_1_36' title="bbox 0 0 1509 5258; baseline 0 0"><span class='ocrx_word' id='word_1_287' title='bbox 0 0 1509 5258; x_wconf 95' lang='lat' dir='ltr'> </span> 
     </span>
    </p>
   </div>
  </div>
 </body>
</html>
