2992 5258
658 238 688 304 0.

122 425 225 490 equitur
242 424 334 489 glossa
351 424 473 476 Joanna'a
491 423 597 488 Hua‘)
613 438 699 491 caper
715 422 835 487 decretis
852 422 882 472 in
899 420 1161 488 maa-poma
1172 418 1274 489 saalim

427 518 524 561 contra
544 507 650 560 ballam
668 521 763 576 popae
780 506 929 572 roaldem·

175 676 317 738 Joaoaea
336 695 442 737 serraca
466 696 626 738 aereorum
648 675 707 740 dei.
733 676 776 737 Ia
787 671 929 756 peperoli
951 668 1081 735 comalio
1102 688 1139 737 ac
1160 670 1276 739 Verius

86 776 230 857 mgulari,
253 776 306 841 ubi
329 794 392 840 nou
415 776 562 842 catholici
578 776 713 857 praelati
736 775 776 840 de
797 775 915 855 reguis,
938 773 995 839 sed
1016 773 1110 856 pauci
1125 772 1272 839 monachi

78 883 110 941 et
125 875 286 943 simoniaci
305 876 392 941 urbis
407 877 537 941 fuorunt
552 885 749 958 praesentes,
772 875 851 955 legis
867 873 918 940 dei
942 881 975 939 et
997 873 1144 941 veritatis
1158 873 1273 965 aemuli

75 976 243 1042 manifesti.
1017 1024 1020 1031 -
1236 1000 1239 1005 ·

177 1077 266 1140 Eam
292 1100 330 1140 ac
353 1087 548 1159 propagetur
587 1079 726 1141 ulan-ro.
769 1079 858 1145 Sicut
884 1084 934 1143 est
963 1076 1110 1157 simonia,
1147 1076 1277 1157 regulae

79 1177 286 1245 cancellariae
316 1197 374 1262 pro
397 1180 510 1244 mediis
539 1180 697 1245 fructibus
720 1187 753 1245 et
775 1178 880 1253 bullis
903 1197 975 1243 cum
996 1177 1080 1243 taxis
1102 1173 1275 1245 earundem

78 1286 110 1344 et
147 1280 284 1344 omnium
319 1277 561 1360 beneficiorum,
598 1280 800 1363 receptiones
837 1297 1020 1356 usurarum,
1056 1276 1217 1344 lenocinia
1245 1283 1280 1341 ct

78 1380 216 1445 omnium
239 1390 509 1447 sacramentorum
525 1383 678 1448 venditio.

177 1480 240 1543 sed
268 1481 313 1543 ad
340 1503 433 1543 aarum
453 1482 580 1564 foatrrm
608 1482 840 1563 ampliandum.
885 1481 973 1547 Sicut
1001 1478 1183 1547 decretales
1211 1478 1278 1560 cpi·

79 1582 180 1647 stolae
210 1599 267 1664 pro
297 1581 380 1648 fastu
404 1600 505 1665 papae
528 1590 562 1646 et
583 1581 789 1647 cardinalium
813 1581 1014 1663 compilatae,
1038 1579 1112 1645 illae
1134 1578 1275 1661 glossan-

79 1692 132 1748 tnr
155 1687 186 1746 et
209 1690 368 1755 tenentur,
385 1689 418 1748 et
439 1683 490 1747 lex
512 1682 563 1747 dei
571 1676 666 1764 jacet
687 1682 719 1745 in
734 1680 868 1761 angulis,
891 1681 953 1746 imo
976 1680 1054 1746 dicit
1077 1699 1171 1765 papa,
1194 1678 1274 1761 qnod

79 1801 142 1848 non
165 1783 207 1848 sit
229 1784 405 1864 theologus.
1198 1835 1205 1849 .

179 1884 353 1946 Haeretieo
375 1884 534 1966 dogmata.
578 1884 686 1966 Usque
709 1883 802 1950 modo
831 1887 862 1951 in
885 1883 1030 1949 clunibus
1051 1881 1144 1947 libris
1166 1879 1277 1947 Wiclel

80 1985 195 2049 aemuli
218 2003 312 2049 uuam
335 1987 568 2052 conclusionem
596 1995 707 2052 corrtra
729 1986 919 2068 scripturam
942 2003 1062 2050 suoram
1085 2002 1149 2048 uon
1166 1990 1273 2067 potua-

79 2091 155 2149 runt
178 2084 357 2153 ostendere.
382 2086 523 2169 quamvis
546 2087 683 2154 inissent
704 2086 832 2168 saepius
856 2086 967 2151 vocati.

182 2187 229 2247 Ne
251 2187 349 2248 uariis
370 2195 398 2248 et
415 2189 593 2269 pereprim'a
615 2187 768 2251 doctricis
792 2186 912 2250 clami
932 2186 1045 2259 stricke.
1074 2186 1157 2251 Vere
1173 2185 1276 2251 varice

81 2296 153 2351 sunt
177 2287 331 2368 epistolae
354 2294 387 2352 ot
409 2289 598 2369 peregrinae
624 2288 788 2354 doctrinae
811 2306 981 2370 paparum,
1015 2306 1097 2369 quae
1120 2286 1206 2352 omui
1227 2285 1275 2353 die

81 2393 117 2451 ut
138 2387 212 2450 luna
235 2388 457 2469 ecclipsantur,
481 2394 644 2455 mutantur
663 2397 696 2454 et
717 2396 920 2468 revocantur,
943 2387 1057 2469 quibus
1080 2394 1168 2453 totus
1191 2405 1277 2453 mnu·

81 2485 139 2550 dus
162 2487 193 2550 in
217 2487 343 2552 devium
368 2488 523 2555 abductus
546 2495 603 2554 est.

182 2592 313 2650 Omnem
334 2588 521 2652 rotlrolr‘com
545 2589 762 2653 cruditionem.
807 2589 966 2654 Audacter
988 2589 1135 2654 mentiris
1168 2606 1209 2653 cx
1231 2607 1277 2663 co,

82 2690 165 2770 quod
188 2691 343 2756 catholica
365 2692 501 2756 eruditio
525 2691 567 2755 sit
590 2691 622 2754 in
645 2691 691 2756 eis
713 2691 802 2755 libris
825 2698 859 2754 et
880 2690 1016 2768 veritas,
1045 2708 1140 2771 qnam
1163 2691 1278 2773 impos·

82 2790 174 2854 sibile
195 2801 244 2855 cst
267 2801 321 2856 aut
337 2792 442 2871 aliqua
464 2792 604 2856 laisimte
626 2792 674 2855 vel
699 2792 823 2855 haeresi
840 2789 922 2856 infici
947 2791 995 2856 vel
1013 2791 1179 2865 maculari,
1199 2792 1279 2856 sicut

82 2890 264 2956 inficiuntur
297 2891 403 2956 bullae
436 2910 536 2972 papae
570 2910 639 2954 cum
671 2893 737 2956 suis
760 2891 1000 2967 traditionibus,
1034 2908 1117 2971 quac
1150 2892 1280 2975 proprie

83 2999 157 3056 suut
178 2991 370 3056 alronrinatio
393 2991 491 3055 cotim
514 2991 601 3055 orbis
617 3002 650 3056 et
675 2992 822 3072 dogmata
844 2991 1086 3076 perversissima
1108 2991 1140 3057 in
1162 2991 1279 3057 multis.

184 3090 284 3154 Certis
311 3112 348 3153 eu
377 3090 602 3153 oeracrobilibao
622 3090 794 3172 fratribus.
837 3093 934 3159 Forte
963 3090 1096 3157 latinum
1121 3091 1210 3172 loqui
1231 3091 1280 3157 vcl

83 3194 270 3274 syllabicam
294 3191 392 3256 libros
416 3190 533 3256 Wiclei
544 3192 771 3267 nescientibus
795 3199 829 3258 ut
842 3200 892 3258 est
913 3192 1115 3275 experientia
1136 3192 1168 3257 in
1186 3211 1280 3277 nepo·

84 3294 168 3358 tibus
191 3311 292 3375 papae
315 3293 347 3355 in
369 3291 546 3356 cardinales
568 3293 730 3374 promotis.

183 3392 231 3455 El
259 3400 458 3473 erarrrqenlee
479 3394 514 3453 ira
536 3392 587 3454 dei
608 3393 730 3455 virtuale.
774 3393 890 3457 Verius
913 3394 944 3456 in
966 3391 1085 3458 diaboli
1105 3392 1278 3461 mendacio.

100 3530 107 3542 ·
183 3495 391 3558 Damaomua
419 3501 448 3557 et
476 3497 681 3574 reprobamus
709 3511 745 3558 lt.
790 3493 1005 3558 Antichristus
1038 3492 1182 3561 triticum
1210 3512 1278 3561 cum

85 3597 206 3661 zizania
231 3594 369 3661 destruit
402 3602 435 3661 et
467 3596 590 3676 evellit,
621 3595 705 3676 quod
728 3595 874 3660 Christus
900 3596 1005 3660 lacere
1027 3595 1096 3660 suis
1117 3593 1276 3680 discipulis

85 3697 256 3778 probibuit.

185 3796 232 3860 llo
253 3799 288 3860 in
310 3799 413 3880 ignem
435 3799 577 3860 mittetur·
598 3806 626 3859 et
648 3799 746 3861 ardet.
791 3797 1013 3863 Osilnoniacil
1036 3797 1100 3862 istu
1121 3795 1258 3863 sentcntl'

85 3900 252 3965 salvatoris
282 3901 396 3964 essetis
424 3900 511 3980 digni
542 3918 651 3965 omncs
680 3919 748 3965 crum
771 3919 855 3983 papa
875 3896 1098 3973 comburendi,
1126 3916 1197 3963 cum
1217 3914 1247 3962 m

144 4134 168 4200 ¹⁸)
185 4137 205 4184 E
217 4140 288 4185 dictis
298 4140 321 4185 in
331 4139 431 4186 concilio
442 4138 618 4186 constantiensi
627 4139 665 4184 dio
678 4139 693 4185 8
705 4137 771 4185 Juuil
784 4139 846 4185 lert
855 4143 955 4198 apparet
965 4134 1030 4197 (vida
1041 4149 1113 4197 supra
1124 4149 1149 4194 p.
1161 4136 1224 4181 ³11-

185 4235 297 4268 ceuaurae
321 4223 391 4282 hujus
412 4231 532 4268 auctorem
551 4235 597 4268 non
613 4220 637 4266 ·l.
657 4221 717 4269 flos.
735 4222 777 4266 sed
795 4221 828 4268 ll.
846 4219 869 4268 J.
888 4218 981 4267 lenonie
999 4218 1081 4266 luisse.
