2992 5258
397 419 439 472 92
457 416 517 471 Rex
538 416 631 471 Wenc.
651 397 805 469 &aulonem
824 410 859 464 ad
877 409 970 467 consil.
989 413 1110 469 adsumo
1291 422 1352 486 603

150 620 258 700 jinal,
288 620 382 702 Jakol
415 618 490 684 sobo
522 619 598 684 tohu
630 617 759 683 zulasse
780 616 880 682 dobie
903 616 1032 682 weiime
1054 619 1063 682 i
1087 618 1240 684 doufaime.
1283 619 1352 684 Diu

156 739 184 783 w
205 722 314 801 Prazo,
338 729 392 799 ten
414 718 551 787 ctwrtek
572 738 613 784 na
634 720 738 785 weber
759 719 862 784 esech
884 718 1042 799 swaty'ch,
1068 718 1277 785 kraileustuie
1299 739 1353 785 na·

157 821 226 888 sich
248 838 286 886 κ.
314 819 393 904 (sic).

660 918 709 983 Ad
732 919 919 984 relationem
941 919 1074 985 Joanuis
1096 920 1336 986 subcamerarii:

641 1020 782 1085 loannes
811 1017 976 1101 Wcilburg
1004 1020 1206 1087 decretorum
1233 1022 1353 1088 doctor.

353 1139 460 1205 Nobili
483 1137 645 1204 Cnenkoni
668 1139 707 1204 de
731 1137 954 1220 Warteuberg,
977 1140 1074 1204 castri
1097 1140 1199 1204 nostri
1215 1141 1353 1221 Progen-

438 1240 481 1304 sis
504 1240 706 1321 burggravio,
733 1237 817 1304 fideli
840 1247 949 1303 nostro
972 1237 1096 1304 dilecto.

686 1423 705 1459 ii
806 1422 824 1459 ’le

746 1467 764 1505 ³8

353 1640 541 1709 wenceslaus,
567 1639 610 1695 dei
634 1639 723 1709 gratia
745 1639 926 1695 Romanorum
954 1655 1001 1694 rex
1030 1654 1137 1709 semper
1163 1643 1302 1709 Augustus
1327 1647 1354 1695 et

421 1725 568 1780 Bohemiae
587 1739 644 1778 rex.

255 1861 360 1916 Nobilis
387 1858 476 1914 fidelis
499 1858 614 1914 dilecte!
643 1858 803 1928 Scripsimus
829 1857 977 1913 reverendo
1002 1858 1110 1926 Joanui,
1128 1859 1254 1928 episcopo
1271 1859 1353 1913 Luto·

154 1944 294 2015 myslensi,
312 1944 406 2000 literas
423 1943 487 1998 fidei
504 1943 638 2012 publicae,
655 1957 722 2011 quas
740 1943 851 1998 anobis
870 1942 984 2011 expetiit
1001 1958 1050 2011 per
1067 1943 1193 1997 nuncium
1205 1943 1353 2010 literaeque

152 2029 187 2085 ad
214 2045 264 2085 uos
291 2028 378 2096 datas,
406 2045 519 2097 quarum
545 2027 684 2095 exemplar
709 2028 757 2082 sibi
782 2028 809 2081 in
835 2028 887 2081 bac
914 2027 1029 2095 epistola
1055 2027 1196 2096 obsignata
1214 2028 1352 2082 mittimus.

152 2115 250 2182 Itaque
274 2130 292 2168 a
308 2113 440 2170 fidelitate
466 2121 513 2168 lua
538 2113 714 2182 postulamus,
741 2122 771 2167 ut
788 2114 912 2169 omnibus
931 2114 1013 2169 rebus
1031 2114 1136 2168 omissis
1154 2119 1264 2182 propter
1282 2127 1352 2166 com·

152 2212 232 2252 mune
257 2196 342 2266 hujus
364 2198 439 2265 regui
457 2197 623 2252 commodum
642 2203 815 2265 nostrumque
834 2197 1042 2252 emolumentum
1060 2198 1095 2252 ael
1113 2213 1162 2251 uos
1180 2196 1255 2251 nulla
1273 2211 1350 2250 mora

151 2281 312 2350 interposita
329 2282 429 2342 venias,
448 2289 475 2334 et
491 2282 613 2350 proximo
631 2297 651 2334 s.
664 2266 774 2336 Martini
793 2281 863 2336 festo
881 2281 953 2351 apud
972 2299 1021 2336 nos
1039 2283 1076 2336 sis
1094 2282 1207 2350 eJusque
1225 2282 1352 2334 nuncium

151 2381 206 2420 nna
232 2380 293 2419 cum
319 2364 380 2419 aliis
404 2366 503 2419 nostris
531 2364 657 2418 fidelibus
684 2366 831 2419 baronibus
849 2365 960 2433 andias;
988 2380 1051 2420 nam
1071 2371 1097 2419 le
1115 2364 1212 2419 adesse
1229 2365 1352 2432 inprimis

150 2448 230 2503 nobis
243 2463 311 2516 opus
330 2456 380 2502 est.
415 2449 457 2503 Ne
474 2448 556 2503 aliter
580 2448 672 2515 facito,
690 2449 717 2502 id
741 2451 812 2517 quod
831 2451 953 2519 inprimis
970 2449 1004 2504 de
1028 2456 1055 2504 te
1073 2450 1150 2504 nobis
1167 2448 1354 2518 persuasimus

150 2547 183 2585 ac
200 2547 350 2599 speramus
385 2533 487 2586 Datum
504 2532 616 2600 Pragae,
635 2532 704 2587 feria
725 2534 748 2587 V
767 2550 879 2602 vespere
897 2535 1018 2604 proximo
1037 2541 1099 2589 anta
1118 2534 1216 2589 fesium
1235 2535 1352 2589 omnium

149 2622 313 2677 sanctorum,
330 2631 474 2684 regnorum
492 2626 645 2671 nostrorum
662 2631 696 2672 oc.
714 2618 785 2686 (sic).

718 2701 762 2755 Ad
788 2702 946 2758 relationem
973 2704 1086 2758 Joaunis
1113 2701 1319 2758 subcamerarii:

731 2786 851 2840 Jcauues
861 2786 1004 2855 Weilburg
1014 2786 1184 2842 decretorum
1193 2787 1294 2842 doctor.

343 2884 434 2939 Nobili
447 2867 567 2939 Ceulroni
578 2886 611 2940 de
624 2887 815 2955 Wartenbecg,
831 2889 911 2943 castri
923 2889 1008 2943 nostri
1020 2889 1163 2956 Progensis
1179 2890 1352 2957 burggravio,

420 2969 494 3024 fideli
512 2977 605 3025 nostro
623 2970 731 3025 dilecto.
