2992 5258
151 407 214 473 496
399 403 604 459 controversiae
622 402 657 458 de
672 403 803 472 religione
821 403 850 458 in
867 402 1010 458 Bohemia:
1029 404 1102 459 1413.

48 626 50 630 “
152 607 360 689 aequivocare
389 612 422 672 et
452 622 594 672 errorem
623 605 775 672 inducere
803 608 836 673 in
866 607 979 690 capite,
1001 613 1038 674 ut
1058 607 1141 673 forte
1164 605 1219 672 diu
1241 607 1340 673 inten-

152 704 274 773 derunt.
318 707 360 773 Et
382 713 472 790 patet
487 707 527 772 de
542 707 712 788 praescito,
735 710 789 790 qui
811 726 874 774 non
895 713 1001 792 caput,
1023 709 1081 773 sed
1096 726 1156 774 nec
1170 708 1341 774 membrum

152 812 202 871 est
224 807 378 873 ecclesiae
401 807 452 873 dei
475 813 614 888 sanctae,
637 807 694 873 sed
717 808 836 874 diaboli
859 815 892 893 et
913 826 990 874 suae
1013 826 1205 895 synagogae.

250 906 289 973 lt
311 925 369 991 pro
382 909 522 975 secundo
543 908 676 975 articulo
701 914 799 991 patet,
824 907 909 991 quod
925 909 1028 975 clerus
1042 906 1257 991 eiangelicus,
1272 924 1343 975 con·

151 1007 348 1075 formonsae
377 1007 463 1075 dicto
486 1010 655 1091 Augustini
685 1028 744 1093 per
772 1028 827 1077 eos
856 1011 1010 1091 allegato,
1042 1011 1133 1093 juxta
1166 1011 1343 1076 sanctiones

152 1114 278 1192 patrum
310 1115 343 1175 et
376 1104 658 1176 determinationes
692 1118 821 1177 sanctae
854 1112 964 1178 matris
999 1111 1170 1192 ecclesiae,
1205 1110 1285 1177 dicit
1315 1114 1344 1177 ct

151 1210 269 1276 asserit
295 1210 508 1292 laudabiliter,
538 1212 677 1293 iniquam
708 1218 741 1278 et
767 1212 918 1294 injustam
940 1231 978 1279 ac
1000 1213 1202 1279 temerariam
1225 1229 1296 1278 esse
1316 1218 1345 1277 et

151 1310 249 1375 fnisse
270 1308 355 1375 XLV
387 1310 592 1378 articulorum
626 1313 921 1382 condemnationem
953 1319 986 1380 et
1017 1312 1276 1396 prohibitionem,
1308 1329 1344 1377 er

152 1429 200 1484 eo,
231 1411 305 1492 quia
332 1427 397 1475 non
424 1411 526 1476 solum
548 1411 705 1493 doctores
740 1431 849 1479 verum
871 1412 1106 1495 etquicunque
1128 1409 1274 1493 episcopi
1297 1409 1343 1473 vel

151 1512 382 1594 archiepiscopi
403 1512 553 1580 incensis
568 1514 749 1596 maj0ribus,
767 1520 801 1579 et
814 1513 1005 1596 praesertim
1019 1511 1114 1579 fidem
1129 1510 1343 1593 tangentibus,

151 1619 188 1680 ut
218 1621 294 1680 sunt
314 1613 368 1679 isti
400 1615 542 1694 articuli,
576 1616 694 1680 nullam
727 1615 855 1697 penitus
890 1614 1009 1680 habent
1035 1619 1244 1696 potestatem.
1288 1610 1343 1694 (Ut

151 1720 242 1796 patet
261 1714 302 1781 de
323 1714 480 1797 baptismo
503 1722 537 1780 et
559 1713 628 1797 ejus
651 1714 753 1781 effect
775 1715 868 1796 cepit
884 1714 1033 1796 Maiores,
1055 1714 1143 1779 etin
1167 1732 1238 1780 can.
1254 1710 1343 1778 XVII

152 1814 246 1897 capit.
261 1814 344 1881 Huic
359 1815 427 1882 sedi
448 1814 540 1882 1119.
565 1815 608 1881 Vl
630 1816 748 1881 dudum
770 1815 816 1881 IX
838 1818 866 1881 9.
886 1814 936 1880 ΠΙ
950 1814 1102 1895 Aliorum,
1126 1832 1197 1880 cunt
1214 1811 1343 1879 infinitis

147 1915 300 1998 juribus.)
342 1915 385 1982 lit
406 1915 571 1997 signanter
592 1935 655 1983 non
678 1920 854 1999 potuerunt
875 1914 994 1996 aliquid
1016 1920 1127 1981 contra
1148 1914 1254 1981 dictos
1269 1912 1342 1980 arti·

152 2016 240 2082 culos
255 2017 468 2083 determinare
482 2017 533 2082 vel
548 2017 759 2083 condemnare
774 2017 912 2097 eosdem,
936 2016 1009 2097 qnia
1023 2033 1081 2099 pro
1096 2021 1191 2097 parte
1210 2014 1342 2081 adverse

151 2134 257 2183 coram
280 2117 406 2183 domino
429 2137 512 2199 papa
532 2117 684 2183 moderno
706 2123 781 2183 sunt
803 2118 950 2200 producti
973 2124 1006 2183 et
1028 2115 1188 2185 commissi
1210 2113 1342 2182 dominis

152 2217 364 2283 cardinalibus
387 2217 595 2299 examinandi,
619 2224 652 2283 et
673 2217 720 2283 sic
741 2219 797 2284 lite
819 2217 979 2300 pendente
1001 2236 1099 2300 super
1122 2214 1245 2282 eisdem
1266 2212 1339 2281 nibil

152 2319 303 2385 innovare
325 2324 507 2402 potuerunt
844 2325 849 2337 ’

250 2419 289 2486 It.
319 2420 459 2486 secunda
486 2439 581 2485 cause
608 2420 802 2487 concordiae
823 2420 991 2486 falsissima
1011 2420 1107 2487 etiam
1129 2419 1215 2501 apud
1237 2418 1341 2495 laicos,

151 2538 222 2586 cum
241 2520 321 2586 fides
342 2521 382 2586 de
404 2520 540 2587 ecclesia
561 2523 703 2595 Romana
724 2521 822 2587 totius
844 2521 1086 2587 christianitatis
1109 2526 1160 2585 est
1181 2518 1341 2602 tripartita

150 2621 324 2687 secundum
354 2628 421 2688 tres
448 2640 555 2705 papan,
586 2628 620 2687 ct
641 2629 755 2703 quarte
781 2627 832 2688 cst
853 2621 1025 2700 neutralis3
1047 2626 1081 2688 et
1103 2638 1275 2702 numquam
1294 2623 1340 2687 est

150 2721 297 2786 standum
320 2711 614 2804 sententiis'pspae
637 2729 670 2789 et
692 2722 909 2801 cardinalium,
931 2721 992 2787 nisi
1015 2722 1054 2788 de
1076 2727 1196 2804 quant-o
1218 2738 1255 2788 se
1270 2738 1339 2789 con·

150 2820 287 2887 formant
307 2839 416 2888 sacrae
437 2823 616 2905 scripturae
639 2824 758 2889 veteris
773 2843 810 2889 ac
831 2825 905 2889 novi
927 2822 1120 2902 testamenti,
1143 2821 1231 2888 unde
1253 2840 1327 2888 sanc

151 2921 253 2987 dones
265 2940 419 3005 paparum
431 2929 598 2989 traxerunt
610 2923 764 3004 originem
777 2923 928 3008 (utpatet
947 2921 1256 2989 deaccusationibus
1276 2941 1339 3005 cap

149 3022 313 3105 qualiter).
337 3023 496 3106 Quidquid
512 3025 595 3089 enim
618 3042 694 3089 vere
715 3030 750 3090 et
764 3024 957 3090 discretione
973 3024 1125 3105 magistra
1138 3040 1224 3104 papa
1238 3021 1338 3089 deter-

148 3124 257 3204 minat,
279 3124 324 3188 illi
348 3124 541 3190 credendum
556 3131 606 3190 est
627 3132 662 3190 et
682 3142 746 3191 non
767 3126 860 3190 alteri
884 3125 973 3206 (XIX
995 3123 1024 3189 d.
1047 3123 1080 3189 Si
1102 3121 1336 3204 Romanorum).

150 3224 354 3302 Quantalibet
376 3226 459 3290 enim
483 3227 652 3293 sanctitate
675 3226 724 3292 vel
747 3226 892 3292 doctrina
914 3226 984 3307 quis
1006 3224 1133 3307 polleat,
1151 3241 1217 3289 non
1237 3230 1336 3291 tannen

150 3324 210 3389 sibi
233 3324 424 3392 credendum
448 3332 508 3405 cst,
531 3327 592 3392 nisi
613 3326 691 3392 illud
714 3327 746 3391 in
769 3345 860 3392 sacra
875 3325 1035 3408 scriptura
1048 3324 1219 3391 velveraci
1233 3323 1337 3391 funda·

150 3425 232 3490 verit
263 3427 388 3492 ratione
409 3426 470 3509 (lX
494 3425 523 3491 d.
545 3427 613 3507 Ego
647 3428 749 3505 solus,
784 3433 815 3491 et
850 3426 1068 3509 plenissimum
1102 3424 1270 3492 decretum
1294 3429 1339 3491 est

149 3525 237 3590 XXV
260 3529 289 3591 9.
312 3526 327 3591 Ι
349 3528 382 3592 c⁰
403 3527 483 3591 Sunt
505 3527 654 3608 quidam.)

248 3627 328 3692 Item
349 3628 383 3691 in
405 3636 518 3709 quarto
540 3629 674 3694 articulo
708 3629 741 3692 iu
774 3627 930 3708 quandam
965 3627 1143 3693 vecordiam
1174 3632 1340 3711 erumpunt

149 3733 183 3791 et
197 3727 256 3791 sibi
272 3728 350 3809 ipsis
372 3729 593 3794 contradicunt
615 3747 653 3792 ex
675 3747 723 3806 eo,
757 3727 840 3809 quod
863 3727 960 3793 stulte
983 3726 1226 3808 reprehendunt
1247 3744 1337 3794 evan·

149 3827 283 3908 gelicum
298 3829 425 3908 clerium,
444 3831 497 3911 qui
520 3831 552 3894 in
567 3829 712 3895 omnibus
728 3827 793 3892 suis
809 3827 977 3908 agibilibus
1004 3845 1126 3894 sacram
1141 3829 1340 3919 scripturam,

150 3947 230 4009 quae
257 3936 307 3994 est
333 3930 384 3995 lox
411 3931 462 3996 dci
493 3938 525 3996 ct
554 3929 619 4011 via,
648 3929 767 3995 veritas
799 3936 832 3994 et
861 3929 933 4007 vica
961 3929 1101 4011 judicem
1128 3930 1290 4012 recipiunt
1309 3932 1340 3993 et

150 4047 336 4110 inconsutam,
360 4038 393 4097 et
415 4038 488 4112 post
510 4048 577 4095 eam
600 4035 665 4094 met
686 4029 824 4110 allegant
846 4030 1036 4110 scripturam
1048 4029 1226 4096 Deotcron
1243 4029 1338 4109 XVII,

149 4131 203 4194 ubi
215 4129 370 4197 docentur
385 4151 493 4198 ornnes
503 4132 635 4214 jndices,
652 4139 686 4197 et
700 4132 745 4196 sic
757 4150 839 4212 papa
850 4150 921 4194 cum
933 4129 1156 4210 cardinalibus,
1167 4130 1339 4199 secundum

149 4232 250 4312 legem
273 4231 324 4296 dei
345 4232 430 4296 inter
452 4232 574 4313 lepram
597 4241 631 4297 ct
651 4232 773 4313 lepram
793 4251 831 4296 ac
852 4249 977 4297 omnem
999 4247 1125 4295 causam
1149 4229 1339 4309 discernere,

149 4331 362 4398 determinare
389 4339 422 4398 et
447 4332 602 4415 judicare.
647 4333 750 4399 Etiam
778 4331 1001 4397 contradicunt
1023 4329 1163 4396 secundo
1185 4333 1341 4403 suo-arti·

149 4433 228 4512 culo,
261 4432 333 4498 dum
355 4440 505 4500 asserunt
527 4435 558 4498 in
580 4433 714 4499 materia
734 4432 890 4498 catholica
921 4430 963 4496 ad
985 4449 1100 4514 papam
1130 4449 1205 4497 esse
1234 4449 1340 4499 recum

149 4532 298 4613 rendum,
326 4533 410 4614 quod
438 4539 489 4599 cst
516 4541 627 4600 contra
656 4552 764 4598 corum
792 4532 923 4598 stultam
955 4531 1163 4599 articulorum
1197 4532 1339 4601 condem·

148 4633 316 4703 nationem.
361 4633 600 4716 consequenter
640 4642 798 4727 tamquam
829 4632 949 4699 idiotae
981 4650 1040 4716 pro
1073 4650 1132 4698 sua
1164 4633 1337 4703 intentione
