2992 5258
332 418 372 471 bl.
391 415 503 471 Ducum.
522 416 556 470 de
573 417 694 483 generali
714 416 816 486 synodo
834 417 899 471 cleri
919 418 987 474 Bob.
1006 436 1038 473 m.
1053 421 1132 477 Febr.
1270 426 1331 493 477

132 627 290 707 praesunt
313 622 393 698 loco,
410 637 503 702 quem
518 619 654 700 elegerit
669 618 824 700 dominus,
847 626 881 686 et
895 620 1064 688 docuerint
1078 630 1111 688 te
1122 624 1215 706 juxte
1229 626 1332 707 legem

135 724 217 805 ejus
248 724 457 806 sequerisque
485 721 676 789 seutentiam
705 739 824 800 eorum,
846 740 906 787 nec
928 723 1103 789 declinabis
1125 724 1165 789 ad
1187 726 1332 792 dextram

138 824 189 889 uel
211 824 383 890 sinistram.
427 823 487 901 Qui
509 828 614 887 autern
637 823 840 904 superbierit,
869 823 980 889 nolens
1003 823 1134 889 obedire
1156 825 1332 892 sacerdotis

134 924 277 1007 imperio,
309 925 362 1007 qni
392 941 429 989 eo
460 928 603 1003 tempore
626 922 786 987 ministrat
808 921 934 987 domiuo
957 923 1017 988 deo
1040 930 1110 988 tuo:
1136 944 1174 990 ex
1197 925 1328 992 decreto

131 1023 248 1105 judicis
270 1025 425 1090 morietur
440 1024 533 1088 homo
549 1023 611 1102 ille,
628 1028 662 1087 et
675 1024 801 1088 auteres
818 1024 932 1088 malum
947 1022 986 1089 de
1003 1025 1111 1102 lsrael,
1135 1034 1331 1108 cunctusque

132 1125 268 1207 populus
290 1124 422 1192 audiens
444 1123 577 1202 timebit,
601 1128 636 1187 ut
650 1123 755 1187 nullus
773 1123 925 1205 deinceps
940 1124 1131 1190 intumescat
1146 1127 1326 1208 superbia.“

132 1224 267 1292 (lorrstot
298 1232 405 1290 autem
438 1223 568 1288 cuilibet
599 1222 695 1303 fideli,
716 1223 889 1288 Romanam
916 1224 1085 1290 ecclesiam
1116 1244 1188 1291 esse
1217 1226 1329 1308 locum,

133 1343 227 1406 utrem
256 1325 354 1407 elegit
376 1324 521 1391 dominus
543 1324 576 1388 in
598 1341 680 1389 novo
703 1330 903 1404 testamento
927 1325 982 1389 ubi
1005 1325 1152 1390 dominus
1174 1327 1327 1392 ecclesiae

134 1426 233 1490 totins
262 1427 369 1508 posuit
396 1426 618 1507 principatum,
640 1429 672 1490 in
696 1442 757 1505 qua
779 1442 918 1489 summus
942 1424 1101 1504 sacerdus,
1125 1428 1179 1508 qui
1200 1435 1330 1510 praeest

132 1525 210 1605 loco,
251 1534 302 1593 est
330 1544 429 1609 pope,
458 1543 554 1591 verns
576 1532 611 1591 et
630 1526 816 1591 manifestus
845 1543 1011 1592 successor
1033 1527 1129 1607 Petri,
1153 1528 1330 1593 cardinales

131 1644 207 1692 vero
231 1627 415 1694 sacerdotes
427 1627 560 1693 Levitici
583 1627 719 1708 generis,
737 1627 788 1708 qui
800 1628 838 1691 D.
851 1628 956 1708 Papae
972 1627 1004 1691 in
1021 1630 1210 1694 executione
1226 1647 1331 1694 sacer-

132 1726 246 1793 dotalis
268 1727 363 1794 officii
386 1734 462 1794 sunt
482 1727 651 1810 conjuncti,
683 1726 723 1791 ad
745 1744 824 1808 quos
846 1728 878 1792 in
900 1727 1004 1792 dubiis
1027 1734 1060 1793 et
1080 1727 1330 1811 difficultatibus,

130 1830 221 1910 juxta
243 1828 433 1894 sententiam
448 1828 566 1893 domini
582 1827 632 1893 dei
644 1828 696 1892 ubi
710 1845 815 1910 supra,
828 1828 859 1892 in
871 1830 1004 1894 materia
1016 1829 1171 1895 catholice
1182 1837 1218 1895 et
1230 1832 1332 1897 eccle-

132 1929 262 1995 siastico
274 1928 570 1995 estrecurrendum.
593 1928 681 1994 Sicut
696 1927 800 1994 adhuc
812 1946 963 2010 expresse
973 1928 1115 2011 loquitur
1126 1930 1330 1997 Innocentius

132 2048 216 2113 popa
237 2031 270 2095 in
292 2030 396 2111 titulo,
418 2030 472 2113 qui
493 2029 549 2096 filii
564 2034 640 2095 sunt
653 2029 796 2112 legitimi,
817 2028 971 2113 incapite
990 2030 1328 2113 „Pervenerabilem,“

132 2132 185 2196 ubi
207 2138 282 2215 post
302 2132 400 2196 verba
414 2130 655 2197 Deuteronomii
677 2131 825 2211 superius
847 2129 983 2210 allegata
1006 2129 1053 2196 sic
1074 2131 1199 2199 scribit:
1226 2132 1326 2213 „Sane

134 2249 204 2298 com
228 2231 510 2297 Deuteronomium
536 2230 604 2311 „lex
627 2229 783 2295 secunda“
809 2231 1051 2312 interpretetur,
1075 2250 1114 2296 ex
1136 2232 1328 2299 vivocabuli

133 2330 366 2416 comprobatur,
390 2337 427 2398 ut
448 2331 532 2413 quod
553 2331 598 2396 ibi
621 2331 813 2410 decernitur,
837 2332 973 2397 innovo
997 2338 1187 2398 testamento
1210 2332 1327 2400 debeat

132 2433 311 2500 observari:
345 2433 432 2498 locus
465 2450 551 2514 ergo,
587 2449 680 2512 quem
714 2432 811 2512 elegit
844 2432 999 2509 dominus,
1021 2434 1211 2515 Apostolica
1232 2433 1330 2500 Sedes

133 2552 203 2601 csse
236 2533 448 2628 cognoscitur.
492 2532 570 2597 Cum
599 2533 682 2599 enim
712 2534 826 2598 Petrus
860 2533 970 2600 urbem
1003 2534 1129 2613 lugiens
1161 2535 1323 2615 exivisset,

134 2637 243 2703 volens
265 2653 337 2701 eum
359 2635 504 2702 dominus
525 2635 566 2701 ad
588 2635 700 2714 locum,
723 2652 817 2714 quem
832 2634 983 2715 elegerat,
1007 2653 1166 2715 rovocare,
1190 2635 1331 2701 interro·

134 2745 227 2819 gntus
258 2736 299 2802 ab
332 2754 385 2802 eo:
410 2735 564 2816 ,Domine
592 2753 654 2816 quo
684 2735 811 2799 vadisl“
846 2736 1026 2818 respondit:
1052 2737 1173 2817 „Venio
1196 2737 1328 2803 [tomam

133 2839 248 2905 iterum
282 2834 450 2918 cruciligi.“
497 2834 588 2913 Quod
614 2835 798 2917 intelligens
832 2855 889 2919 pro
912 2855 948 2900 se
980 2836 1117 2916 dictum,
1150 2836 1191 2903 ad
1223 2837 1328 2903 locum

134 2939 238 3023 ipsum
267 2938 414 3021 protinus
439 2940 489 3001 est
516 2937 693 3001 reuersus.“
740 2936 782 3001 Et
807 2936 925 3001 ibidem
948 2937 1070 3002 subdit:
1098 2935 1197 3015 „Sunt
1218 2944 1327 3012 autam

135 3039 318 3109 secerdotes
332 3037 466 3104 Levitici
487 3037 616 3118 generis
637 3035 753 3101 iratres
775 3038 888 3116 nostri,
911 3038 965 3118 qui
986 3037 1079 3103 nobis
1091 3037 1165 3119 jure
1181 3038 1326 3104 Levitico

135 3143 165 3207 in
193 3140 382 3207 executione
410 3138 617 3204 sacerdotalis
644 3136 739 3202 oflicii
769 3137 969 3218 coadjutores
996 3137 1146 3204 existunt.
1190 3138 1223 3202 Si
1247 3156 1324 3205 vero

135 3260 237 3326 super.
260 3240 321 3306 hoc
346 3239 496 3307 sacerdos
526 3240 592 3304 sive
619 3238 716 3321 jndex
742 3239 863 3316 existit,
897 3237 947 3303 cui
982 3238 1126 3304 domiuus
1159 3239 1262 3319 iuquit
1296 3241 1330 3303 in
1410 3243 1414 3254 ‘

135 3344 246 3411 Petro:
279 3340 512 3423 „Quodcunque
536 3339 683 3420 ligaveris
706 3346 958 3421 superterram,
989 3337 1051 3403 erit
1074 3338 1204 3419 ligatum
1235 3346 1268 3404 et
1298 3339 1330 3403 in

134 3444 261 3524 coelis,“
292 3442 362 3524 ejus
392 3440 529 3506 vicarius
559 3440 613 3521 qui
642 3446 692 3506 est
719 3439 870 3505 sacerdos
900 3439 932 3502 in
961 3446 1129 3504 ueternum
1158 3439 1331 3505 secundum

135 3543 280 3611 ordinem
309 3540 571 3608 Melchisedeclr.“
617 3540 704 3607 Haec
734 3541 795 3605 illc.
840 3539 889 3605 Et.
913 3541 942 3605 b.
966 3539 1178 3622 Hieronymus
1205 3540 1239 3606 in
1261 3541 1328 3625 epi·

135 3646 219 3713 stola
245 3643 286 3711 ad
314 3661 428 3727 papam
458 3641 505 3707 sic
533 3640 659 3707 diceus:
683 3640 791 3717 „Haec
820 3648 870 3705 est
893 3639 981 3720 fides,
1015 3644 1097 3723 papa
1126 3641 1327 3708 beatissime!

136 3764 229 3828 quam
251 3746 284 3811 in
306 3743 463 3809 catholica
483 3742 648 3808 didicimus
671 3742 814 3822 ecclesia,
835 3760 991 3822 quamque
1012 3759 1138 3823 semper
1153 3744 1329 3823 tenuiunus;

135 3849 167 3914 in
196 3866 261 3930 qus
288 3845 315 3911 si
342 3844 418 3926 quid
446 3844 549 3908 nrinus
579 3844 683 3924 perite
712 3843 764 3907 vel
792 3844 918 3908 ineurte
947 3842 1066 3922 aliquid
1096 3842 1233 3924 positum
1266 3850 1338 3919 est„

135 3945 298 4014 emendari
321 3945 463 4027 cupimus
485 3965 504 4009 a
527 3951 568 4022 te,
591 3944 644 4025 qui
659 3944 746 4007 Petri
770 3942 877 4008 sedem
893 3949 983 4007 tenos
1000 3951 1032 4007 et
1047 3942 1148 4007 fidem.
1171 3943 1204 4010 Si
1219 3952 1340 4010 autem,

134 4049 214 4116 hoec
240 4052 352 4113 nostra
377 4045 533 4111 consessio
561 4044 759 4126 apostolatus
789 4045 835 4108 tui
854 4043 973 4124 judicio
996 4044 1229 4126 comprobatur,
1253 4042 1324 4127 qui-

134 4167 260 4231 cunqne
293 4166 343 4213 me
370 4146 499 4228 culpare
530 4146 674 4223 uoluerit,
703 4163 738 4208 se
767 4143 949 4225 imperitum
977 4145 1025 4209 vel
1055 4144 1252 4225 malevolum,
1276 4141 1327 4211 vel
1374 4138 1382 4149 '

132 4252 230 4316 etiam
258 4266 322 4315 non
352 4248 539 4313 catholicum
569 4246 626 4310 sed
648 4244 843 4310 haereticum
866 4245 1111 4326 comprobabit“
1156 4245 1244 4310 Haec
1266 4245 1328 4311 ille.

241 4349 351 4413 Tertio
383 4366 494 4409 cortou:
516 4347 597 4423 eria
629 4346 840 4412 communitas
873 4345 951 4409 cleri
979 4346 1011 4409 in
1039 4363 1136 4425 regno
1159 4344 1330 4410 Bohcmiae

135 4470 208 4518 cum
236 4447 461 4514 communitate
495 4448 592 4511 totius
614 4447 691 4513 cleri
713 4448 745 4511 iu
767 4448 882 4513 mrundo
906 4454 940 4512 ot
961 4446 1059 4511 totius
1081 4446 1330 4513 Christianitatis

135 4571 264 4635 semper
291 4555 381 4617 tenet
411 4555 444 4613 et
472 4547 574 4613 credit
602 4547 740 4613 fideliter
771 4548 854 4613 sicut
882 4549 1022 4612 Romana
1049 4547 1183 4613 ecclesia
1212 4553 1244 4611 et
1266 4565 1329 4612 non

135 4653 240 4735 aliter,
263 4649 435 4717 secundum
460 4648 635 4715 doctrinam
657 4649 870 4729 euangelicam
893 4656 927 4714 et
948 4648 1153 4732 apostolicam
1174 4667 1212 4715 ac
1240 4665 1331 4721 sunt·
