2992 5258
148 384 210 448 350
396 379 599 434 Controversiae
616 379 650 433 de
669 379 798 455 religione
817 377 844 431 in
862 378 1005 432 Bohemia:
1025 380 1104 432 1409:

248 582 433 649 Mandamus
462 582 561 662 igitur
597 581 744 647 omnibus
774 589 807 646 et
833 580 967 661 singulis
997 579 1125 652 officiis,
1158 579 1348 662 burgraviis

148 684 391 763 magistratuum
426 683 609 749 consulibus
643 683 759 766 juratis
797 688 830 746 et
862 681 1140 746 communitatibus
1173 681 1348 762 civitatum,

149 782 338 866 oppidorum
373 793 406 849 et
437 784 582 850 villarum
620 784 739 849 virtute
775 782 992 864 praesentium
1031 782 1167 861 seriose,
1190 787 1349 862 quatenus

149 884 291 965 singulos
324 885 481 950 mandatis
513 885 636 950 nostris
669 882 849 966 hujusmodi
883 885 929 947 sie
962 901 1019 965 pro
1052 884 1136 948 bono
1158 883 1350 949 universalis

150 984 303 1051 eeclesiae
333 985 487 1050 emanatis
515 1003 579 1051 non
602 985 877 1066 obtemperantem
907 988 963 1048 aut
985 984 1033 1048 eis
1053 1001 1089 1049 se
1111 983 1351 1064 quomodolibet

149 1093 362 1166 opponentes,
395 1094 575 1165 arrestum,
597 1092 836 1166 arrestatosque
862 1084 904 1150 ad
925 1089 1068 1149 nostram
1091 1085 1245 1151 studeant
1259 1102 1349 1167 prae·

149 1185 283 1250 sentiam
298 1186 474 1264 destinare;
501 1187 595 1251 aliter
617 1203 680 1251 nou
703 1185 828 1264 facturi,
849 1193 980 1251 nostrae
995 1185 1118 1266 gratiae
1132 1185 1193 1250 sub
1216 1186 1351 1251 obtentu

149 1306 186 1350 ae
223 1304 326 1368 poena
363 1293 547 1351 memorata.
580 1287 652 1352 Dat.
684 1286 848 1351 Montibus
882 1284 1036 1365 Outhnis,
1070 1285 1162 1350 XXII
1195 1285 1350 1362 Ianuarii,

148 1405 320 1466 regnorum
335 1394 517 1451 nostrorum
538 1387 710 1453 Bohemiae
733 1387 844 1467 XLVI,
868 1387 1081 1452 Romanorum
1102 1403 1178 1451 vero
1202 1384 1350 1451 XXXIII.

721 1749 777 1824 12.

150 1976 257 2059 Tres
292 1979 487 2059 nationes
516 1974 798 2058 Germanicae
830 1978 875 2057 in
908 1978 1187 2058 universitate
1213 1975 1344 2059 studii

45 2191 47 2200 A
149 2110 380 2222 Progensis
406 2111 654 2220 supplicant
679 2113 770 2221 regi
796 2107 1063 2213 Weneeslao‚
1092 2138 1146 2191 ne
1172 2112 1347 2218 priven-

149 2259 218 2328 tur
237 2247 336 2353 jure
352 2247 480 2328 trium
507 2275 672 2350 vocum,
702 2238 901 2354 quoinde
920 2245 974 2328 ab
992 2246 1112 2328 initio
1127 2273 1230 2327 usae
1248 2247 1344 2329 sint.

575 2459 691 2527 Progne,
706 2462 722 2514 6
740 2459 819 2513 Febr.
840 2462 913 2514 1409.

434 2746 479 2808 (E
496 2742 557 2797 MS.
577 2745 718 2798 anatomia.
737 2745 876 2814 Lipsiens.
897 2742 981 2796 Num.
1003 2745 1079 2810 176.)

349 3049 559 3114 Sereuissimo
598 3049 744 3132 principi,
772 3050 809 3114 D.
844 3050 1032 3115 Weuoeslao
1066 3049 1282 3117 Romanorum
1313 3058 1344 3117 et

447 3142 620 3216 Bobemiae
642 3152 719 3232 regi,
744 3151 869 3216 domino
892 3169 950 3216 suo
972 3151 1203 3233 gratiosissimo
1221 3171 1344 3238 semper

449 3252 628 3318 metuendo.

249 3402 344 3468 Ser¹¹¹⁰
365 3403 514 3485 princeps
530 3423 567 3468 ao
590 3403 715 3469 domine
730 3402 1008 3469 metuendissimet
1034 3402 1181 3470 Vestram
1198 3406 1346 3488 Regulum

116 3527 118 3530 ’
151 3503 379 3569 Celsitudiuem
410 3511 593 3595 reputamus
616 3505 742 3569 omnino
765 3522 827 3568 non
850 3504 967 3574 latere,
1001 3506 1139 3584 qualiter
1161 3508 1347 3588 progenitor

151 3612 270 3683 vester,
304 3604 394 3669 divae
430 3605 660 3670 recordationis
694 3605 731 3667 Ι).
766 3606 898 3670 Carolus
932 3607 1143 3672 Romanorum
1176 3609 1348 3688 imperator

149 3705 399 3785 gloriosissimus
433 3711 465 3768 et
497 3705 668 3770 BobemIae
691 3724 762 3783 rex,
796 3725 859 3771 non
883 3707 1093 3772 inmodicum
1118 3707 1348 3773 incrementum

151 3813 184 3869 et
216 3805 369 3870 honorem
403 3806 451 3869 sui
475 3806 575 3886 regni,
598 3805 823 3871 immensorum
844 3807 988 3897 laborum
1011 3827 1081 3872 erun
1103 3807 1288 3888 diligentie,
1318 3807 1348 3872 in

150 3923 208 3970 sun
229 3905 358 3970 civitate
381 3907 481 3984 regali
508 3907 661 3986 Pragensi
684 3907 823 3971 studium
846 3908 995 3987 generale
1018 3908 1209 3972 instaurarit
1225 3915 1259 3974 et
1280 3905 1347 3972 fun·

151 4005 251 4084 davit;
273 4024 332 4087 pro
354 4007 444 4087 ouius
465 4005 651 4073 fundatione
663 4009 832 4089 magistros
856 4009 895 4072 de
917 4009 1052 4073 diversis
1074 4009 1183 4072 mundi
1202 4008 1347 4090 partibus

150 4105 393 4186 diligentissime
416 4108 575 4184 evocavit,
598 4108 762 4188 quibusex
776 4108 884 4172 innata
906 4127 964 4173 sua
975 4109 1175 4189 benignitate
1191 4108 1347 4174 deseritis·

149 4207 228 4270 sime
250 4206 405 4288 providit,
440 4213 504 4271 tam
537 4206 575 4272 de
610 4227 723 4288 magna
756 4208 944 4289 quietudine
979 4214 1011 4274 et
1033 4210 1238 4274 multitudine
1254 4208 1341 4292 panis

151 4325 243 4387 quiam
277 4307 317 4371 ad
339 4307 456 4371 vietum
479 4307 518 4371 de
544 4310 790 4389 pertinentibus.
815 4310 919 4387 Quare
943 4309 983 4374 ad
1004 4309 1087 4375 idern
1110 4310 1251 4375 studium
1267 4318 1345 4375 tem·

151 4425 228 4488 pore
262 4407 404 4488 ejusdem
435 4409 501 4472 ili¹¹¹¹
536 4411 738 4491 imperatoris
760 4429 873 4491 magna
895 4410 1065 4475 multitudo
1087 4411 1285 4478 studentium
1306 4409 1343 4474 de

151 4509 299 4572 universo
322 4509 400 4573 orbe
426 4509 588 4576 affluebat.
612 4512 702 4588 Quod
724 4512 850 4594 quidem
873 4511 1012 4575 studium
1034 4512 1066 4574 in
1089 4513 1248 4594 principio
1269 4526 1379 4576 snae=

152 4609 343 4675 fundationis
365 4607 404 4673 do
427 4629 503 4675 suae
528 4612 734 4694 benignitatis
750 4611 958 4693 dispositione
980 4612 1011 4675 in
1035 4619 1173 4691 quatuor
1187 4613 1379 4684 nationes.⁵
