2992 5258
152 402 214 468 708
615 392 836 450 Additameutum
855 393 888 448 ii.

251 603 310 662 Ale
331 616 364 661 oo
385 598 496 660 ouidii?
514 599 622 659 Widim
639 599 758 658 swatost
779 599 838 659 telo
853 598 978 658 boiieho
1000 617 1018 658 a
1038 601 1117 661 kiwe
1140 599 1234 671 bodie,
1253 601 1338 675 J'okod

152 703 201 761 die
223 701 251 761 S.
274 703 432 776 Augustin:
455 703 522 761 Jest
543 699 667 759 widome
688 698 818 772 spesoba
840 699 999 760 newidome
1022 700 1142 762 milosti.

249 801 372 861 Ldmu‘li
392 819 423 860 ao
444 802 500 860 idle
523 798 627 859 bodie?
646 800 699 869 Ne,
725 799 848 869 nolimu,
871 800 928 859 neb
950 801 1000 859 tuli
1022 801 1092 875 stoJ'i
1114 801 1209 872 psano
1233 820 1258 859 w
1278 802 1339 860 kni-

149 901 224 962 hdeh
246 903 342 962 Exodi
364 921 388 961 w
411 901 469 961 XII
489 901 573 973 kam:
596 900 682 959 Kosti
704 899 866 959 nezldmate
888 917 913 959 w
934 899 1008 961 uem.

249 1002 306 1063 Ale
327 1021 360 1062 oo
382 1018 413 1060 ae
433 999 540 1061 laima?
581 1001 706 1062 Swatost
728 1000 788 1059 tela
809 1001 943 1060 boiieho.

248 1102 406 1177 Doty'kdoli
425 1118 458 1165 se
478 1102 538 1163 idda
559 1099 700 1160 boiieho?
738 1101 791 1171 Ne,
821 1098 1014 1175 uedo'ty'kam3
1034 1102 1121 1174 jokoi
1144 1102 1337 1174 spiewdmeo

150 1204 262 1265 boiiem
284 1202 357 1265 telo:
378 1201 471 1263 Johod
494 1202 655 1276 uedotikai
679 1218 729 1275 se,
757 1201 845 1276 jehod
868 1202 1005 1272 nevidii,
1027 1203 1160 1262 statodnd
1181 1206 1337 1276 potmuje

174 1322 184 1362 1
220 1321 245 1366 a.
717 1339 718 1342 =
1108 1339 1110 1343 ,

150 1321 218 1363 W
248 1404 306 1463 Ale
328 1404 395 1464 dedo
416 1421 447 1463 se
468 1401 613 1478 doty'aded
653 1400 790 1461 Swdtosti
812 1402 872 1461 tela
897 1401 1020 1461 bodieho
1041 1419 1060 1462 a
1081 1403 1159 1463 krwe
1182 1404 1276 1466 bodie.

247 1506 326 1565 Prod
339 1506 463 1565 numidii
484 1505 536 1564 oni
550 1522 581 1565 se
602 1501 750 1579 dotium?
769 1503 834 1563 Neb
850 1511 881 1563 ta
895 1503 987 1563 uraha
1001 1503 1122 1563 swatost
1135 1503 1197 1565 tela
1218 1505 1337 1564 boiieho
1399 1532 1401 1536 ⁴

149 1607 266 1668 akrwe
289 1606 372 1666 bodie
396 1605 498 1664 numdi
520 1607 665 1666 obsedeua
686 1605 748 1679 by'ti
771 1606 880 1679 smysiy
901 1603 1064 1678 teiesnimi.

249 1705 313 1767 Kio
335 1708 387 1766 auk
408 1705 479 1765 die?
519 1706 548 1767 S.
572 1706 668 1766 Pawel
691 1692 908 1764 kRimeuiudm
929 1722 955 1765 w
977 1705 1020 1763 XI
1041 1705 1122 1779 keu:
1156 1705 1199 1778 „0
1222 1706 1334 1780 wy'sosti

149 1807 321 1867 bohatstwie
348 1807 502 1867 aumenie
530 1805 662 1875 boiiehu
698 1806 803 1865 literali
828 1805 995 1864 neosiedeni
1012 1806 1062 1879 jau
1085 1805 1202 1865 sddowd
1224 1807 1333 1880 twoji!“

148 1908 241 1969 Jakod
253 1908 300 1968 die
313 1905 342 1966 S.
353 1907 450 1968 Pawel
471 1906 659 1966 kKorinadm
680 1907 724 1965 112
749 1905 825 1980 „Ani
847 1905 903 1963 olm
925 1904 1039 1976 widulo,
1061 1906 1109 1964 aui
1123 1906 1200 1967 ucho
1223 1907 1335 1982 slydalo

149 2009 198 2068 ani
210 2026 234 2067 w
249 2009 333 2068 srdee
351 2006 486 2066 dlowddie
502 2006 646 2079 wstdpilu
668 2006 774 2067 literali
788 2005 893 2066 mnohe
916 2005 986 2066 wdoi
1009 2006 1159 2079 piiprawil
1176 2008 1240 2081 Jest
1259 2007 1332 2066 buoh

149 2107 297 2182 milujicim
320 2109 379 2167 se.“

739 2287 816 2369 ¹¹¹²i=

248 2523 317 2590 Quia
334 2522 392 2577 aine
410 2522 462 2577 fide
480 2537 558 2577 nemo
578 2527 669 2590 potest
686 2521 776 2576 salvus
795 2537 864 2591 esse,
880 2524 952 2577 siout
968 2538 990 2578 a.
1007 2523 1110 2580 Paulus
1126 2526 1156 2580 iu
1174 2525 1288 2595 epistola
1303 2525 1335 2581 ad

149 2607 289 2662 Hebraeos
306 2622 364 2674 oap.
384 2605 423 2659 XI
441 2606 513 2659 etin
531 2605 647 2674 epistola
664 2605 699 2659 ad
717 2606 853 2662 Romanos
870 2623 928 2677 oep.
947 2607 972 2661 X
989 2607 1069 2662 dicit:
1106 2607 1261 2677 „Quomodo
1278 2625 1336 2678 ergo

150 2691 323 2758 invocabunt,
350 2691 377 2744 in
395 2692 475 2757 quem
492 2705 546 2742 uon
569 2688 759 2743 crediderunt?
776 2697 824 2744 aut
841 2691 973 2758 quomodo
990 2691 1103 2746 credent
1120 2693 1163 2761 ei,
1189 2710 1270 2762 quem
1290 2710 1336 2748 uon

149 2776 312 2832 audierunt?
328 2772 460 2842 quomodo
478 2779 568 2826 autem
586 2773 698 2827 audient
715 2775 774 2830 siue
791 2773 1002 2843 praedicatore?
1015 2815 1156 2830 .....
1186 2779 1260 2847 Ergo
1276 2778 1338 2833 fides

150 2875 183 2914 ox
201 2859 304 2927 auditu,
338 2856 446 2912 auditus
472 2863 563 2911 autem
580 2872 629 2927 per
651 2857 761 2912 verbum
784 2859 902 2913 Christi“
927 2866 1007 2913 -et
1028 2860 1094 2927 quia
1113 2860 1226 2918 verbum
1245 2863 1336 2917 Chn'ad

150 2953 272 3012 augetur,
290 2942 369 3011 cujus
386 2941 426 2996 rei
443 2941 544 3009 gratias
562 2940 613 2995 deo
631 2942 746 3010 agimus:
767 2949 911 3010 propterea
923 2942 1039 2997 libenter
1050 2941 1077 2996 id
1089 2944 1233 2999 audiamus
1251 2944 1337 3000 obser-

151 3035 254 3095 ventes,
272 3034 301 3081 et
316 3024 385 3080 fides
405 3032 498 3079 nostra
515 3025 666 3092 augebitur.

251 3110 325 3175 Quid
343 3120 381 3164 eat
393 3109 483 3177 fides?
517 3108 674 3177 Respondet
697 3125 718 3185 a.
738 3109 849 3164 Paulus
866 3111 894 3164 iu
912 3111 1030 3180 epistola
1046 3112 1082 3168 ad
1097 3113 1260 3185 Hebraeos,
1285 3133 1336 3187 cap.

152 3196 203 3248 XI.-
222 3194 291 3262 „Est
308 3201 398 3247 autem
412 3192 480 3246 fidos
498 3191 693 3260 sperandarum
706 3193 858 3248 substantia
870 3210 968 3261 rerum,
986 3204 1174 3264 argumentum
1188 3215 1241 3253 nou
1258 3216 1335 3271 appa·

151 3278 293 3332 rontium.“
312 3278 452 3329 Isidomm:
471 3276 570 3341 „Fides
583 3275 753 3343 eatoredere,
767 3278 839 3346 quod
856 3279 1229 3348 uequaquumlioetvidere.“
1247 3287 1340 3356 Aaou·

149 3365 255 3416 ocimo:
275 3361 371 3428 „Fides
390 3368 433 3415 est
450 3361 570 3428 credere,
588 3360 659 3428 quod
676 3378 731 3416 non
747 3363 893 3418 videmus.“

252 3447 409 3514 Quotupiea
425 3455 464 3499 eat
476 3446 566 3514 fides?
598 3447 706 3513 Duplex
724 3453 767 3501 est
783 3447 859 3516 fides,
877 3449 966 3505 altera
983 3451 1051 3519 viva,
1072 3451 1160 3507 ultera
1177 3463 1291 3511 mortua.

252 3531 330 3596 Quae
347 3530 419 3598 judee
442 3540 553 3584 mortua
571 3536 631 3585 eat?
663 3530 744 3585 Fides
766 3539 871 3586 mortua
886 3533 937 3587 'est
958 3534 1026 3589 fides
1050 3535 1128 3590 bonis
1146 3539 1273 3606 operibus
1290 3556 1337 3594 nou

151 3621 257 3680 ornata,
286 3614 355 3667 sicut
380 3629 401 3666 e.
416 3614 535 3669 Jacobue
562 3614 627 3668 dicit
644 3615 670 3667 in
695 3615 825 3683 epistolae
843 3618 991 3673 catholicae
1018 3634 1075 3687 oap-
1093 3621 1133 3675 11:
1168 3622 1267 3687 „Fides
1284 3626 1337 3679 sine

151 3701 277 3770 operibus
295 3704 399 3752 mortua
417 3701 483 3752 est.“

253 3785 331 3850 (guae
348 3783 415 3844 ideo
431 3785 495 3834 viva
513 3786 570 3834 est?
586 3781 666 3836 Fides
686 3783 744 3837 vivo
762 3791 803 3838 est
820 3785 888 3839 fidos
905 3786 982 3841 bouis
999 3786 1128 3856 operibus
1146 3797 1253 3845 ornato.
1271 3793 1338 3847 Dicit

151 3869 214 3923 item
241 3883 264 3924 e.
287 3866 407 3923 Jacobua
428 3881 486 3934 cap.
511 3868 552 3919 il:
580 3867 714 3933 „Ostende
732 3870 796 3922 mihi
819 3869 900 3924 iidem
918 3878 991 3924 tuam
1010 3872 1068 3925 aine
1086 3874 1232 3942 opedam
1251 3883 1279 3929 et
1295 3893 1340 3942 ego

150 3950 290 4006 ostendam
308 3949 356 4004 tibi
374 3964 408 4003 ex
425 3948 552 4016 operibus
569 3949 650 4002 fidem
668 3952 778 4004 meum.“

255 4034 353 4089 Utrum
365 4033 449 4102 fidem
472 4044 502 4087 iu
518 4035 659 4100 sequeris?
692 4036 793 4090 Vivam.

253 4118 331 4183 Quae
348 4127 387 4170 eet
403 4118 470 4179 tideo
487 4119 571 4171 viva?
604 4118 686 4173 Fides
703 4121 857 4176 christiana.

254 4202 308 4254 θαι·
315 4202 386 4270 fides
398 4202 552 4255 christiano
564 4204 726 4255 nominatur
743 4207 808 4258 viva
820 4208 908 4274 sedeo?
924 4208 1001 4278 Quia,
1016 4211 1060 4278 qui
1074 4226 1134 4265 eum
1147 4213 1240 4275 habet,
1258 4215 1342 4270 anima

150 4285 225 4338 vivus
243 4290 294 4350 est,
313 4285 382 4338 siout
401 4287 533 4353 propheta
551 4285 661 4340 Abacuc
679 4287 731 4341 ait:
767 4289 878 4354 „Justus
895 4292 922 4346 in
940 4292 993 4347 fide
1011 4309 1062 4349 sua
1078 4296 1175 4349 viveu“

253 4367 328 4432 Quid
347 4379 385 4420 eat
398 4369 469 4438 judee
487 4370 662 4422 variatione?
679 4370 787 4426 Sincere
800 4380 828 4427 ot
845 4390 939 4429 revera
956 4377 1083 4446 ampiecti
1102 4378 1241 4435 domiuum
1254 4382 1340 4436 desum

152 4452 288 4506 Christum
307 4452 421 4520 ejusque
439 4453 534 4520 legem.

203 4535 309 4673 ddOur
320 4536 392 4604 sedeo
409 4538 563 4592 adriaticum
584 4541 745 4594 nominatur
758 4519 829 4606 ‘fades
846 4545 1023 4613 apostolico?
1058 4544 1129 4615 Quin
1144 4549 1262 4617 apostoli
1286 4565 1342 4604 eam

151 4633 200 4674 eou
221 4619 229 4672 i
250 4626 336 4673 erunt.
1342 4646 1348 4659 ·
