2992 5258
221 393 259 452 12
678 388 819 458 Epistolae
838 391 954 458 scriptae

220 597 253 656 et
274 598 393 670 sancte,
417 593 556 673 pcccatis
571 592 842 672 abrenuntiantes,
865 594 971 671 vivite,
993 593 1117 674 deinde,
1141 614 1222 676 qnae
1244 604 1319 661 sunt
1341 616 1412 663 coe-

219 692 321 772 lestia,
344 711 383 757 ca
403 691 563 772 allectate;
594 699 755 776 postremo
778 693 870 758 deum
893 714 931 758 ex
955 701 1021 761 toto
1045 696 1141 760 corde
1162 697 1294 778 diligite,
1325 704 1359 762 ct
1380 698 1412 761 in

220 809 290 856 cum
306 792 464 874 confidite,
488 795 572 876 quod
587 811 643 859 vos
659 802 791 877 propter
806 796 920 861 merita
941 796 961 862 J
963 815 1018 860 esu
1042 796 1161 863 Christi
1182 799 1215 862 in
1241 815 1298 863 sua
1312 799 1413 878 gloria

219 893 354 973 ornabit,
377 902 411 959 et
433 896 481 960 sui
505 896 595 976 regni
618 896 790 978 participes
812 896 917 961 faciet.
941 897 1050 961 Amen.

318 1026 394 1080 Edit.
412 1028 442 1080 in
463 1027 534 1097 Opp.
554 1026 669 1089 1,100b
692 1037 717 1081 et
735 1027 797 1081 125.

718 1203 913 1212 ——n-——-.

798 1378 833 1453 6.

486 1533 491 1540 ’
544 1568 600 1651 m.
635 1569 851 1655 sichardo
881 1570 1080 1683 ongum.

221 1787 340 1839 Gralicm
356 1791 416 1857 opit
433 1805 485 1858 pro
504 1789 698 1841 adhortatione
715 1789 755 1842 od
772 1788 836 1848 fidei
854 1789 1040 1840 constantiam
1057 1796 1177 1854 notoque
1189 1786 1264 1855 jacit
1283 1787 1308 1837 ci
1320 1785 1410 1838 Bolse-

489 1889 595 1926 moram
610 1888 756 1942 propensa
773 1874 803 1924 in
821 1873 980 1940 relipa'onem
998 1872 1101 1925 stadia.
1116 1872 1146 1936 *)

767 2040 863 2108 (1410.)

842 2225 965 2292 „Literce
984 2225 1021 2277 M.
1040 2225 1099 2278 Hus
1116 2225 1143 2278 in
1163 2223 1311 2293 Angliamf‘

318 2398 382 2462 Pax
406 2396 523 2461 Christi
545 2396 686 2460 abundet
707 2396 739 2459 in
762 2395 911 2460 cordibus
934 2394 1049 2460 vestris
1073 2393 1298 2476 perspiritum
1321 2412 1411 2460 sanc·

220 2505 295 2573 tum,
318 2497 371 2578 qui
394 2496 488 2561 datus
511 2503 561 2560 est
580 2496 679 2575 vobis,
703 2495 865 2561 carissime
886 2496 919 2561 in
942 2494 1069 2560 Christo
1092 2495 1186 2561 Jesu!

318 2596 404 2662 Tuae
427 2595 577 2661 Caritatis
608 2595 757 2677 epistola,
780 2615 861 2677 quae
883 2596 923 2661 de
951 2614 1076 2661 sursum
1104 2616 1123 2660 a
1145 2602 1236 2677 patre
1258 2595 1410 2660 luminum

219 2697 392 2777 descendit,
416 2698 447 2760 in
464 2695 591 2762 Christo
610 2696 762 2761 fratribus
785 2696 991 2761 vehementer
1006 2695 1151 2761 accendit
1166 2696 1316 2760 animum:
1340 2695 1414 2776 quia

220 2805 342 2864 tantum
364 2796 553 2873 dulcedinis,
582 2794 756 2875 efficaciae,
788 2796 1000 2861 roborationis
1023 2802 1055 2861 et
1077 2796 1303 2862 consolationis
1322 2796 1355 2860 in
1378 2813 1413 2860 se
1454 2873 1456 2879 ¹

220 2899 376 2975 continet,
400 2897 492 2978 quod,
516 2898 542 2961 si
558 2897 620 2962 alia
641 2897 761 2979 scripta
783 2897 907 2978 singula
929 2916 987 2979 per
1000 2897 1227 2962 Antichristum
1249 2913 1413 2961 consume·

220 3005 332 3062 rentur
346 2999 506 3077 voragine,
528 2997 599 3079 ipsa
613 2997 731 3062 Christi
755 2996 900 3063 fidelibus
921 2996 1083 3063 sufficeret
1097 2998 1137 3063 ad
1152 2998 1296 3063 salutem.
1320 2995 1412 3062 Unde

220 3097 288 3178 ejus
313 3098 480 3163 medullam
512 3104 545 3162 et
573 3098 812 3178 vigorositatem
841 3098 873 3163 in
903 3116 972 3164 meo
1002 3099 1169 3163 revolvens
1197 3099 1318 3175 auimo,
1349 3097 1413 3162 dixi

219 3217 324 3264 coram
347 3198 454 3263 multis
475 3198 655 3264 hominibus
677 3199 709 3262 in
732 3216 878 3264 sermone
909 3199 1051 3282 publico,
1082 3199 1114 3263 in
1138 3218 1199 3279 quo
1223 3206 1258 3265 ut
1279 3198 1412 3264 aestimo

218 3301 347 3365 luerunt
369 3318 469 3382 prope
491 3299 599 3365 decem
625 3299 724 3364 millia
751 3300 924 3364 hominum:
958 3316 1032 3364 ecce
1061 3299 1176 3364 iratres
1199 3298 1413 3364 dilectissimi!

220 3408 367 3482 quantam
390 3418 497 3466 curam
523 3401 562 3465 de
588 3408 695 3465 vestra
717 3400 819 3464 salute
841 3400 960 3465 Christi
982 3400 1219 3482 praedicatores
1241 3397 1413 3464 fidelissimi

221 3501 252 3564 in
275 3500 387 3566 alienis
409 3507 525 3582 gerunt
546 3501 703 3582 partibus,
734 3501 817 3583 quod
847 3499 978 3581 cupiunt
1000 3505 1101 3565 totum
1123 3517 1178 3565 cor
1200 3518 1291 3566 suum
1315 3499 1414 3565 effun-

220 3601 310 3679 dere,
341 3601 367 3666 si
390 3607 523 3683 possent
545 3619 602 3667 nos
625 3602 658 3666 in
679 3601 750 3681 lege
773 3600 891 3666 Christi
922 3600 1112 3666 vel-domini
1135 3618 1334 3666 conservare.
1372 3599 1414 3665 Et
1459 3609 1461 3614 '

220 3701 382 3783 subjunxi:
416 3721 490 3767 ecce
523 3701 707 3767 carissimus
734 3702 834 3767 irater
866 3709 976 3767 noster
998 3701 1189 3779 sichardus,
1218 3701 1259 3766 M.
1281 3702 1415 3768 loannis

223 3802 363 3884 Wyklcff
375 3804 408 3868 in
424 3803 578 3884 evangelii
595 3803 757 3869 laboribus
772 3804 947 3882 consocius,
970 3805 1098 3886 scripsit
1113 3804 1202 3869 vobis
1217 3808 1326 3868 tantae
1341 3819 1414 3868 eon-

220 3903 401 3968 fortationis
428 3903 610 3986 epistolam,
645 3904 738 3985 quod,
769 3905 795 3969 si
820 3922 879 3984 ego
904 3905 1021 3970 nullam
1052 3904 1202 3969 haberem
1224 3903 1414 3985 scripturam

219 4002 321 4080 aliam,
344 4003 493 4070 deberem
509 4023 558 4069 me
580 4023 639 4088 pro
656 4004 775 4071 Christi
797 4005 961 4086 evangelio
984 4023 1145 4087 exponere
1161 4022 1262 4086 usque
1277 4002 1318 4069 ad
1332 4021 1415 4068 mor·

220 4110 299 4182 tem3
323 4112 357 4169 et
370 4103 491 4184 faciam,
514 4105 688 4171 auxiliante
710 4106 836 4172 domino
859 4113 968 4172 nostro
988 4107 1067 4172 Jesu
1082 4105 1219 4172 Christo.
1242 4105 1294 4170 Sic
1308 4111 1416 4170 autem

220 4211 409 4270 exarserunt
431 4204 540 4270 fideles
554 4207 681 4272 Christi
704 4208 737 4272 in
767 4209 836 4289 ipsa
858 4208 1002 4290 epistola,
1026 4207 1109 4288 quod
1125 4213 1280 4287 rogamini
1298 4223 1358 4284 me,
1382 4213 1416 4268 ut

221 4307 322 4388 ipsam
344 4314 585 4390 transponerem
609 4310 641 4374 in
663 4311 800 4390 linguam
824 4316 953 4375 nostrae
976 4309 1088 4388 gentis.

260 4543 285 4604 *)
303 4544 395 4591 Litcrss
413 4546 572 4593 Richardiud
591 4547 698 4593 Hussnm
717 4555 741 4593 et
753 4546 869 4593 Bohemoa
887 4547 955 4593 datas
973 4546 1094 4605 (hundini,
1113 4549 1128 4593 8
1153 4546 1218 4607 Sept.
1234 4545 1310 4611 illo)
1328 4548 1417 4594 videsis

305 4629 370 4689 typis
380 4630 493 4690 vulgatas
511 4631 535 4676 in
553 4629 672 4690 Operibus
689 4629 772 4686 Humi,
790 4630 809 4686 1,
818 4645 842 4692 p.
856 4632 899 4677 101
912 4635 937 4677 et
948 4631 1001 4685 126,
1013 4632 1048 4684 it.
1058 4645 1096 4691 ap.
1107 4630 1228 4678 Honorum
1239 4629 1270 4687 Π,
1290 4630 1415 4677 ato-12.
