2992 5258
182 435 244 505 372
319 469 326 481 ·
435 432 639 489 controversiae
658 429 692 488 de
710 429 840 502 religione
858 433 884 487 in
903 429 1044 488 Bolentia:
1064 431 1136 488 ttue.

749 664 812 741 20.

184 893 365 1006 Zbynco
397 892 747 1002 archiepiscopus
779 902 823 974 et
854 892 991 974 clerus
1023 893 1114 1000 ejus
1146 890 1379 1004 Progensis

213 1028 435 1112 declarant
481 1055 550 1130 ,se
580 1024 634 1107 D.
666 1022 961 1110 Alexandrum
991 1023 1032 1107 V
1062 1027 1276 1137 recepisse
1308 1028 1351 1109 In

381 1172 612 1271 papamet
641 1189 854 1243 summum
884 1159 1172 1269 pontificem.“

611 1408 724 1476 Progne,
744 1410 817 1475 1409,
835 1411 852 1462 2
871 1407 945 1476 Sept.

378 1711 422 1778 (E
437 1709 500 1766 Its
518 1712 663 1766 uoluerit.
681 1709 773 1780 Prop.
791 1710 850 1772 XI.
869 1710 907 1764 D.
924 1708 953 1770 5.
966 1708 1019 1778 fol.
1042 1707 1099 1764 180
1114 1711 1172 1778 oq.)

677 1855 884 1865 m„—

173 2039 177 2047 ·
279 2015 402 2097 Sbynco
418 2014 471 2080 dei
486 2014 588 2095 gratia
604 2021 734 2078 sanctae
750 2012 921 2094 Pragensis
937 2013 1092 2078 ecclesiae
1114 2013 1374 2099 archiepiscopus
1438 2043 1484 2086 ε

177 2117 371 2200 apostolicae
387 2114 472 2180 sedis
488 2115 627 2196 legatus:
643 2113 801 2178 universis
814 2113 851 2177 N.
864 2112 1000 2178 dominis
1011 2113 1188 2195 abbatibus,
1205 2116 1374 2197 prioribus,
1408 2172 1475 2197 ε,

176 2217 215 2282 Ν.
229 2215 432 2299 praepositis,
456 2215 594 2295 decanis,
617 2214 763 2296 plebanis
784 2221 818 2279 et
840 2215 1136 2298 vIcepIebouisper
1157 2223 1191 2284 et
1212 2217 1298 2284 intra
1312 2218 1469 2284 dia·—

125 2380 126 2385 ,
178 2323 324 2384 conatum
341 2316 571 2382 Bechinensem
593 2316 786 2396 constitutis,
808 2315 847 2380 ad
864 2333 945 2396 quos
959 2321 1147 2398 praesentes
1158 2321 1461 2400 pervenerint„

178 2417 313 2484 salutem
337 2417 368 2481 in
391 2416 518 2482 domiuo
541 2417 777 2500 sempiternam.

278 2517 447 2583 Notorium
469 2524 503 2583 et
530 2516 730 2582 manliestum
754 2516 873 2596 existit,
896 2518 1033 2598 qualiter
1053 2537 1156 2601 nuper
1178 2539 1237 2603 pro
1260 2522 1450 2588 unione-,-

176 2619 330 2685 insaucia
343 2617 542 2683 deiecclesia
564 2617 709 2683 facienda
722 2617 782 2700 (et)
805 2617 970 2683 sedatione
985 2617 1017 2700 *)
1040 2619 1185 2700 pestiferi
1207 2620 1442 2692 scismatis.-

176 2717 260 2801 quod
292 2736 331 2783 ex
362 2719 469 2784 divina
502 2718 712 2801 permissione
735 2725 868 2800 propter
892 2725 1024 2800 peccata
1045 2720 1206 2786 hominum
1228 2721 1439 2804 plumbo&

173 2821 267 2886 anule
289 2820 408 2901 viguit,
441 2820 475 2883 In
498 2820 626 2884 civitate
648 2819 764 2884 Pisana
786 2819 927 2900 generali
951 2819 1085 2885 concilio
1107 2821 1281 2904 celebrato,
1303 2829 1438 2907 post

174 2922 365 2988 seutentiam
402 2918 596 2986 definitivam
634 2939 692 3001 per
725 2926 866 2985 sanctam
900 2926 933 2984 et
965 2920 1175 2986 universalem
1208 2924 1367 3006 synodum
1388 2969 1436 2995 -‚

178 3023 344 3088 eeclesIam
377 3022 565 3086 militantem
599 3028 910 3104 repraesentantem,
946 3027 1057 3086 contro
1079 3022 1317 3091 contendentes
1338 3025 1436 3091 ‹lt-:3

176 3129 304 3206 papatu,
328 3121 479 3187 videlicet
495 3120 650 3200 Angelum
673 3120 821 3187 Corrario
837 3121 1027 3202 Gregorium
1049 3122 1111 3187 XII
1133 3129 1167 3189 et
1188 3123 1325 3191 Petrum
1339 3127 1443 3193 de

176 3224 266 3289 Luna
299 3222 507 3288 Benedictum
541 3221 620 3286 XIII
651 3223 726 3287 olim
748 3223 935 3305 appellatos,
968 3224 1062 3288 latam
1096 3232 1129 3290 et
1150 3224 1184 3289 in
1205 3227 1456 3310 scripturis

174 3324 413 3405 promulgatam,
437 3323 603 3403 collegium
620 3340 675 3387 rev
678 3332 762 3360 ¹¹¹¹¹¹¹¹
784 3328 910 3404 patrum
937 3323 1135 3390 dominorum
1158 3323 1466 3394 Cardinaliurn‘·

175 3424 205 3489 S.
239 3425 329 3489 Rom.
352 3423 530 3500 Ecclesiae,
563 3422 639 3487 sede
666 3423 843 3504 apostolica
876 3442 914 3488 en
942 3424 1028 3489 dicta
1048 3425 1211 3491 sententia
1232 3437 1484 3495 vocante-

175 3524 331 3590 electione
347 3524 386 3589 de
402 3523 509 3588 tuturo
525 3540 645 3587 summo
669 3522 818 3604 pontitice
834 3526 985 3596 canonice
1001 3525 1170 3606 celebrato,
1186 3529 1395 3609 praemissi
1415 3532 1485 3583 S

177 3622 294 3689 debitis
321 3624 520 3702 tractatibus,
543 3633 657 3686 rev¹¹¹¹²¹¹¹
692 3623 724 3687 in
747 3624 875 3691 Christo
891 3631 1014 3707 patrem
1029 3626 1159 3692 Petrum
1181 3625 1224 3692 de
1247 3627 1483 3695 candias

176 3733 252 3791 tunc
273 3723 303 3788 S.
328 3725 415 3789 Rom.
431 3723 515 3788 Eccl.
541 3722 751 3798 Cardinelem,
775 3726 806 3790 in
830 3735 992 3808 papamet
1014 3745 1169 3792 summum
1191 3728 1481 3811 ponnfieerun

175 3825 342 3906 elegerunt
364 3833 397 3890 et
420 3826 538 3905 eligere
563 3826 754 3892 unanimiter
774 3837 974 3909 curaverunt,
998 3828 1213 3895 Alexandrum
1229 3834 1346 3912 quintu
1361 3836 1477 3893 ιῐ]

174 3927 427 4004 nominaverunt,
450 3926 691 4008 hujusmodique
714 3928 902 3993 electionem
924 3930 1010 3995 clero
1034 3937 1067 3995 et
1088 3931 1207 4012 populo
1230 3932 1469 4014 publiea-

175 4034 292 4092 verunt
304 4034 337 4091 et
359 4025 506 4109 (dictum)
523 4028 682 4092 dominum
694 4030 726 4092 in
738 4049 850 4111 papam
864 4038 1106 4096 coronaverunt.
1128 4029 1259 4113 Etonia
1275 4034 1420 4117 majo
1430 4038 1464 4086 1

175 4144 250 4209 pars
272 4127 349 4192 cleri
381 4135 414 4192 et
442 4127 551 4210 populi
575 4129 762 4194 universaIIs
785 4131 959 4211 ecclesiae,
982 4131 1156 4214 praemISsa
1178 4133 1287 4199 onmia
1301 4147 1450 4217 pro-

176 4228 287 4293 bantes
304 4234 336 4293 et
352 4226 584 4309 confirmantes
608 4229 725 4295 dictum
742 4230 779 4294 D.
798 4230 1015 4297 Alexandmm
1030 4249 1087 4314 pro
1103 4251 1187 4315 papa
1201 4239 1235 4299 et
1250 4241 1438 4298 summv

175 4326 324 4410 pontifice
362 4337 568 4410 receperunt,
601 4349 638 4394 ac
672 4330 886 4396 obedientiam
919 4340 952 4398 et
985 4333 1197 4398 reverendam
1230 4333 1424 4400 debitam

175 4428 276 4494 eidem
310 4436 345 4494 ut
377 4448 498 4494 summo
528 4429 670 4511 pontifici
695 4432 880 4497 obtulerunt
901 4443 935 4497 et
956 4433 1171 4498 exhibuerunt
1192 4451 1230 4498 ac
1251 4430 1411 4499 saelum!

180 4608 373 4620 mu·—

227 4679 251 4743 *)
269 4682 318 4731 IIS.
340 4685 493 4732 sedationem.
