2992 5258
221 445 283 510 478
464 430 677 495 vControversiae
695 442 728 496 de
746 440 875 509 religione
894 443 920 495 in
938 439 1080 496 Bohemia:
1102 444 1175 496 1413.

221 653 325 711 terum
358 642 533 724 doctorum,
563 644 648 724 qnod
669 644 744 709 Scdi
767 644 980 726 apostelicae,
1010 644 1169 710 Romanae
1201 644 1356 711 ecclesiae
1389 653 1421 710 et

221 747 372 828 praelatis
394 754 444 810 est
459 745 669 810 obediendum
685 764 743 826 per
765 744 933 811 inferiores
947 747 980 809 in
996 745 1141 810 omnibus
1161 745 1412 827 quibuscunque,

221 847 272 910 ubi
296 864 358 911 nen
381 845 570 928 prehibetur
592 864 705 927 purum
729 848 843 911 bonum
867 865 926 911 nce
948 847 1143 929 praecipitur
1159 864 1273 929 purum
1288 846 1415 923 malum,

221 946 277 1010 sed
307 945 453 1024 medinm,
484 946 567 1026 qued
598 965 655 1028 pre
677 946 780 1026 medo,
804 947 882 1025 lece,
906 956 1049 1030 tempere
1072 947 1121 1011 vel
1144 964 1284 1029 persona
1306 950 1418 1028 potest

223 1064 293 1110 esse
316 1045 433 1110 bonnm
456 1046 505 1110 vel
528 1047 651 1125 melum,
671 1047 763 1128 juxta
779 1049 969 1112 sententiam
985 1049 1153 1113 salvatoris
1165 1044 1418 1112 MatthXlII:

222 1147 354 1225 „Omnia
375 1163 581 1228 quaecunque
605 1145 744 1211 dixerint
765 1147 863 1226 vebis
886 1154 1013 1211 servate
1036 1153 1069 1213 et
1089 1146 1214 1227 iaclte‚'‘
1239 1152 1273 1212 et
1297 1146 1328 1212 b.
1343 1144 1420 1211 Ber-

220 1248 311 1312 nardi
334 1248 365 1311 in
389 1247 525 1328 epistola
546 1246 587 1311 ad
608 1245 709 1311 Adam
731 1247 926 1312 monachum.

319 1396 452 1475 Quidam
474 1404 580 1462 autem
602 1396 641 1460 de
663 1398 748 1462 clero
771 1398 802 1461 in
827 1415 926 1479 regne
950 1397 1120 1465 Bebemiee
1135 1417 1200 1462 nen
1215 1399 1329 1466 velunt
1343 1416 1419 1464 een·

220 1499 349 1577 sentire,
373 1506 534 1577 cenantes,
557 1505 707 1578 qnantum
730 1499 831 1563 ineis
854 1506 912 1572 est,
939 1499 1090 1564 indecere
1112 1497 1236 1565 fidelem
1265 1500 1420 1583 populum

219 1600 260 1665 ad
291 1599 539 1665 inobedientium
571 1607 719 1680 respectu
752 1599 968 1680 praelatorum
998 1607 1030 1664 ct
1063 1600 1309 1667 irreverentiam
1345 1618 1421 1682 erga

218 1700 372 1783 papalem,
383 1699 595 1781 episcopalem
607 1707 640 1763 et
652 1698 881 1764 sacerdotalem
896 1699 1078 1779 dignitates,
1093 1717 1155 1765 nen
1172 1701 1418 1767 considerantes

218 1800 298 1866 illud
318 1800 495 1882 Augustini,
525 1817 673 1864 sermone
694 1800 856 1864 LXXXVI
883 1801 929 1865 sie
950 1799 1101 1866 dicentis:
1125 1800 1176 1882 ,Si
1209 1801 1421 1883 jejunaveris,

220 1901 331 1966 diebus
354 1907 387 1968 et
408 1900 554 1966 nectibus
576 1900 753 1965 orationem
775 1900 898 1973 feceris
913 1900 941 1965 si
955 1901 989 1966 in
1003 1919 1096 1966 secee
1110 1900 1210 1967 leeris
1231 1901 1283 1966 vel
1298 1905 1420 1981 cinere,

221 2000 247 2065 si
277 2002 321 2065 nil
348 2001 434 2066 alind
462 2000 587 2077 feceris,
615 2001 677 2066 nisi
707 2000 790 2082 qued
819 2008 1026 2083 pracceptum
1052 2001 1187 2068 esttibi
1219 2001 1253 2067 in
1275 2003 1367 2086 lege,
1390 2008 1425 2069 et

219 2102 278 2167 tibi
303 2102 365 2183 ipsi
394 2103 480 2166 visus
506 2102 605 2166 fueris
633 2102 769 2183 sapiens
798 2109 833 2168 et
861 2102 1013 2168 obediens
1040 2119 1103 2167 nen
1124 2101 1223 2168 leeris
1246 2104 1335 2184 patri
1367 2111 1423 2169 tue

221 2202 378 2283 (intellige
401 2221 463 2266 nen
479 2203 563 2283 petri
579 2201 736 2283 corporali
752 2201 810 2267 sed
824 2202 1007 2286 spirituali),
1032 2221 1142 2269 omncs
1156 2204 1295 2269 virttrtes
1310 2202 1422 2287 perdi·

219 2303 307 2376 disti;
328 2301 413 2367 unde
434 2303 616 2368 obedientia
638 2301 709 2384 plns
736 2303 829 2381 valet,
858 2322 951 2384 quarn
981 2322 1091 2369 omncs
1117 2312 1246 2371 ceterae
1277 2303 1420 2371 virtutes

219 2403 383 2468 morales.“
429 2403 518 2469 Haec
540 2404 602 2467 ille.

317 2553 398 2631 Quia
420 2572 495 2619 vero
519 2560 651 2633 constat,
675 2554 761 2636 qnod
782 2555 967 2637 principalis
988 2556 1089 2621 honor
1112 2561 1146 2621 et
1167 2554 1271 2637 glorie
1286 2556 1420 2622 univer·

217 2672 325 2719 sorum
347 2653 614 2730 Christianorum,
642 2672 756 2719 nemen
785 2650 937 2720 baeretici
968 2674 1044 2737 prae
1073 2655 1218 2721 omnibns
1241 2656 1335 2722 malis
1358 2674 1417 2723 ne·

217 2754 354 2819 minibus
376 2754 625 2834 abhorrentium,
649 2761 707 2831 est,
737 2760 772 2819 ut
800 2755 833 2819 in
863 2761 932 2821 teta
957 2757 1092 2822 materia
1118 2754 1192 2822 fidei
1220 2763 1254 2823 et
1273 2758 1419 2824 inomni

217 2856 351 2920 materia
374 2855 589 2920 ecclesiastica
611 2855 752 2920 sentiant
773 2861 807 2920 et
827 2856 960 2921 credent
975 2856 1057 2922 sicut
1073 2875 1181 2922 cerum
1196 2864 1301 2924 mater
1315 2876 1417 2941 saepe

217 2955 304 3021 dieta
324 2956 466 3021 Romana
497 2955 632 3021 ecclesia
658 2961 690 3020 et
724 2973 786 3020 nen
819 2956 928 3035 aliter;
965 2963 1090 3023 constat
1122 2959 1219 3024 etiam
1241 2958 1418 3025 Behemiae

219 3075 321 3137 reges,
345 3057 513 3139 principes,
537 3056 682 3134 herenee,
706 3056 838 3138 nobiles
851 3057 1035 3138 armigeros
1059 3060 1318 3124 communitatem
1335 3059 1416 3124 cleri

218 3158 535 3237 communitatemque
567 3155 675 3238 pepuli
706 3156 784 3237 ejus
814 3157 929 3221 nedum
951 3158 1077 3223 noviter
1098 3167 1131 3224 et
1153 3158 1335 3240 aliquande,
1358 3158 1418 3224 sed

218 3276 343 3338 semper
365 3257 397 3321 in
420 3255 575 3338 ejusmodi
592 3257 693 3336 glorie
707 3257 877 3338 praecipua
893 3256 1059 3323 nranifeste
1075 3257 1225 3324 rutilasse
1241 3266 1274 3324 et
1289 3261 1418 3342 magni·

216 3357 275 3422 fiee
300 3357 450 3422 rutilare:
471 3355 554 3436 ideo,
589 3363 624 3421 ut
646 3357 709 3420 ista
735 3356 901 3438 magnifice
927 3358 1028 3438 gloria
1058 3360 1091 3423 in
1120 3376 1220 3440 regno
1241 3358 1419 3425 Bebcmiae

218 3460 383 3538 refulgeat,
412 3458 642 3540 multiplicetur
669 3465 701 3521 et
728 3465 945 3537 conservetur,
969 3467 1003 3522 et
1024 3478 1064 3523 ne
1085 3457 1160 3524 huic
1181 3458 1305 3541 gloriae
1328 3462 1418 3542 regis

219 3568 253 3626 et
276 3561 366 3640 regni
388 3558 558 3624 Behemiae
581 3559 715 3639 quisque
737 3559 777 3621 de
800 3576 899 3639 regne
915 3559 1067 3627 maculam
1082 3558 1202 3625 inferre
1217 3570 1416 3643 praesumat,

218 3680 255 3726 ac
284 3662 379 3725 etiem
408 3666 443 3723 ut
472 3659 552 3724 mala
583 3659 664 3724 lama
693 3659 733 3723 dc
764 3648 933 3739 regnicolis
963 3659 1095 3726 suborta
1124 3661 1277 3742 sepiatur,
1300 3661 1419 3727 medus

218 3761 318 3829 facilis
340 3769 435 3839 esset,
460 3769 496 3826 nt
518 3762 576 3825 sub
598 3761 710 3843 poenis
731 3760 926 3840 gravissimis
949 3750 1173 3827 ecclesiasticis
1195 3763 1246 3827 vel
1261 3762 1413 3828 civilibus

217 3860 435 3945 provideatur,
463 3866 497 3926 ut
524 3861 629 3925 nrrllns
659 3860 698 3924 de
727 3879 825 3942 regno
848 3861 1018 3927 Behemiae
1051 3868 1170 3943 teneat,
1203 3871 1331 3930 asseram
1366 3864 1419 3931 vel

136 4016 140 4025 .
217 3960 408 4044 dogmatiset
437 3963 532 4027 aliter
560 3980 653 4043 quem
675 3961 817 4027 Romana
839 3962 974 4027 ecclesis
995 3963 1027 4026 1ιι
1050 3980 1239 4045 quacunque
1271 3966 1412 4031 materia

217 4064 373 4132 catholica
401 4064 451 4127 vel
481 4063 705 4140 ecclesiastica,
730 4070 762 4126 et
785 4062 968 4144 specialiter
989 4063 1028 4127 de
1051 4070 1174 4145 septem
1197 4066 1413 4131 sacramentis

218 4165 373 4232 ccclesiae
402 4170 435 4228 et
462 4164 532 4229 eliis
555 4163 703 4245 superius
724 4163 903 4243 nominatis
927 4163 983 4227 sed
1006 4163 1089 4245 quod
1112 4165 1144 4228 in
1167 4165 1253 4229 omni
1277 4166 1415 4233 materie

218 4265 371 4333 catholica
387 4265 435 4330 vel
453 4264 669 4330 ecclesiastice
685 4284 719 4328 se
730 4264 948 4345 unusquisque
961 4264 1133 4330 universali
1144 4265 1244 4331 tetius
1256 4267 1417 4333 ecclesiae

218 4366 396 4433 sententiae
426 4365 609 4444 conformet,
638 4373 671 4429 ct
691 4365 724 4429 in
747 4366 831 4431 ornei
852 4366 985 4430 materia
1007 4364 1163 4431 catholica
1184 4366 1234 4431 vel
1257 4368 1411 4433 ecclesie·

219 4469 300 4533 stica
320 4466 466 4532 standum
489 4473 540 4530 est
561 4464 644 4544 fidei,
667 4468 845 4532 sententiae
876 4475 909 4531 et
930 4465 1188 4533 determinationi
1211 4465 1307 4534 Sedis
1328 4471 1416 4552 Apo·

217 4568 348 4633 stelieae
371 4576 403 4633 et
425 4568 578 4633 ecclesiae
600 4568 769 4648 Romanae,
793 4587 829 4633 ac
860 4585 918 4649 per
939 4567 999 4633 hoe
1021 4567 1233 4633 obediendum
1256 4570 1301 4635 sit
1323 4588 1414 4653 prae·

217 4668 290 4736 latis
313 4686 371 4752 per
392 4668 559 4734 interiores
580 4669 613 4733 1ιι
636 4668 780 4735 omnibus
796 4669 1045 4750 quibuscunque,
1068 4668 1123 4734 ubi
1137 4686 1201 4734 nen
1224 4670 1416 4752 prehibetur
