2992 5258
220 413 281 475 512
470 406 675 462 Controversiae
693 403 727 460 de
741 398 875 474 'religione
893 407 921 461 in
939 406 1080 463 Bohemia:
1101 410 1174 463 1413,

776 618 849 694 255.

220 846 378 930 Rector
404 849 516 929 univ.
551 845 678 957 Prag.
709 825 1054 954 conquerens‘de
1080 849 1244 957 injuriis
1274 862 1318 933 et
1347 878 1423 933 ca-

219 983 409 1085 lumniis,
452 981 604 1090 quibus
637 980 854 1064 scholares
894 983 1008 1064 univ.
1043 974 1171 1094 Prag.
1219 1015 1246 1066 a
1286 982 1423 1067 Vien-

214 1116 439 1220 nensibuS,
480 1117 673 1224 inprimis
715 1144 741 1196 a
766 1114 823 1197 M.
856 1112 1060 1226 SybartO,
1102 1117 1421 1223 afficiebantur,

221 1251 413 1359 postulat
452 1250 507 1332 ab
547 1251 822 1332 universitate
850 1247 1103 1357 Viennensi,
1144 1279 1199 1336 ne
1231 1253 1423 1362 amplius

649 1387 828 1494 injuriae
868 1383 987 1467 fiant.

661 1632 775 1700 Pragae,
795 1631 869 1699 1413,
887 1634 904 1685 8
920 1631 976 1685 Jul.

720 1841 821 1847 ———
827 1840 917 1847 -..m—⁴

320 1935 363 2000 (E
380 1933 441 1987 ΜΒ.
468 1932 565 2009 Vicus,
582 1931 667 1995 4299,
686 1935 712 2004 s.
731 1933 797 1988 232.
817 1963 845 1972 -
867 1933 929 1987 MS.
948 1933 1040 2003 Pray.
1058 1935 1137 1990 renio.
1155 1934 1181 1997 1,
1202 1934 1236 1986 0.
1257 1934 1317 2000 11.)

716 2071 841 2079 ——-..
853 2072 914 2079 -—

318 2236 482 2301 Sincerum
510 2236 703 2302 desiderium
734 2238 957 2320 complacendi,
980 2238 1179 2303 venerabiles
1208 2237 1362 2305 doctores
1385 2246 1420 2323 et

217 2339 376 2417 magistri!
410 2339 528 2418 Longis
551 2339 747 2420 temporibus
777 2359 816 2404 ex
843 2346 935 2422 parte
965 2339 1161 2420 quorundam
1190 2338 1418 2420 magistrorum

217 2446 395 2504 vestrorum
423 2438 556 2519 injmias
585 2439 618 2502 in
645 2441 763 2505 nostris
792 2440 941 2505 menbris
968 2439 1162 2520 sustulimus,
1195 2438 1284 2505 nulla
1320 2457 1419 2506 causa
1470 2498 1474 2507 .

217 2539 350 2604 notabili
378 2540 535 2619 exigente.
578 2539 671 2605 Unde
698 2540 857 2621 miramur,
889 2559 946 2606 cur
973 2541 1006 2605 in
1033 2547 1164 2606 nostrae
1192 2539 1418 2607 universitatis

219 2642 385 2723 supposita
419 2659 531 2706 manus
571 2641 747 2707 extendunt
776 2642 902 2723 quidam
934 2648 1061 2707 vestrae
1093 2641 1315 2706 universitatis
1349 2661 1415 2707 ma·

218 2742 324 2822 gistri,
346 2743 416 2824 ipsa
448 2742 588 2824 turpiter
610 2741 790 2823 tractando,
824 2743 1011 2824 captivando
1045 2748 1078 2807 et
1108 2743 1141 2807 iu
1174 2759 1338 2806 carcerem
1360 2740 1416 2807 de·

218 2841 370 2908 ducendo.
414 2843 456 2907 Et
490 2843 616 2923 quidam
645 2843 725 2924 ldgr.
754 2845 845 2909 Joan.
877 2844 1000 2925 Sybart,
1030 2861 1106 2908 suae
1133 2842 1329 2921 honestatis,
1359 2842 1417 2908 sed

216 2943 323 3007 venus
345 2943 424 3023 legis
441 2942 559 3008 Christi
580 2945 759 3023 immernor,
782 2943 1005 3009 diffamationis
1028 2943 1137 3008 literas
1164 2943 1204 3008 ad
1226 2942 1415 3025 episcopum

215 3043 389 3123 Zagrabiae
427 3051 460 3109 et
500 3045 672 3126 capitulum
705 3044 838 3124 direxit,
872 3046 905 3109 in
937 3045 1051 3126 quibus
1085 3044 1247 3109 scholares
1281 3049 1415 3110 nostrae

160 3208 163 3215 ,
217 3145 436 3208 universitatis
463 3146 605 3227 appellat
634 3146 776 3228 perversi
813 3146 969 3226 dogmatis
997 3150 1184 3224 sectatores,
1215 3144 1278 3209 mel
1302 3144 1336 3207 in
1358 3162 1415 3209 ore

217 3253 380 3326 gerenteS,
405 3252 439 3311 et
453 3264 608 3310 venenum
623 3247 798 3311 insanabile
821 3247 964 3328 aspidum
984 3247 1018 3311 in
1034 3245 1139 3311 corde.
1154 3245 1222 3309 Nec
1236 3243 1368 3309 suffecit
1382 3244 1415 3309 in

216 3352 280 3410 tam
295 3345 406 3427 grandi
422 3346 558 3426 iufamia,
575 3345 632 3410 sed
647 3347 779 3428 adjecit:
793 3348 855 3410 Per
869 3347 1051 3412 Bohemiam
1067 3353 1142 3411 sunt
1156 3344 1414 3424 haeresiarchae,

217 3447 271 3527 qui
283 3452 437 3510 conantur
448 3447 489 3511 ad
500 3446 721 3528 spoliationem
733 3447 939 3511 ecclesiarum
948 3453 1096 3528 potentes
1108 3446 1208 3512 seculi
1218 3463 1416 3526 provocare;

216 3546 342 3611 demum
357 3546 442 3628 quod
453 3547 538 3628 Mag.
560 3546 773 3628 Hieronymus
795 3548 834 3612 de
851 3549 961 3629 l’raga,
977 3546 1201 3612 disseminator
1212 3545 1335 3610 erroris
1350 3563 1415 3612 non

216 3646 372 3727 minimus,
395 3648 498 3727 gratia
519 3648 736 3713 subversionis
766 3648 807 3713 ad
837 3667 945 3728 regern
976 3648 1125 3713 Poloniae
1154 3665 1189 3712 se
1219 3646 1416 3713 contulit-et

216 3749 347 3815 fratrem
358 3749 452 3813 illius.
475 3748 539 3829 Ipsi
549 3748 699 3829 judicate,
723 3750 750 3813 si
763 3750 924 3831 praelatus
939 3750 1099 3830 magister,
1115 3747 1259 3814 cordium
1278 3747 1414 3813 abscon·

215 3848 447 3930 ditajudicans,
470 3849 682 3915 infamationis
705 3857 768 3914 tam
791 3850 896 3930 gravis
919 3849 1075 3914 direxerit
1099 3849 1209 3913 literas
1235 3847 1413 3913 secundum

216 3949 357 4031 regulam
372 3949 536 4014 caritatis?
559 3949 657 4015 Stilus
687 3956 720 4013 ct
745 3950 853 4029 lingua
881 3949 1015 4014 mendax
1044 3948 1174 4031 scripsit
1202 3947 1413 4024 mendacium,

215 4049 299 4131 quod
328 4051 362 4115 in
393 4050 476 4115 diem
497 4051 608 4115 mortis
638 4069 714 4115 suae
743 4051 812 4132 ipse
834 4051 949 4131 Sybart
977 4053 1161 4131 praestante
1188 4048 1319 4115 domino
1349 4067 1413 4115 non

214 4151 372 4232 probabit.
395 4151 487 4216 Unde
503 4152 667 4216 hortamur
679 4151 811 4214 Vestras
824 4151 1031 4215 Reverentias
1043 4152 1075 4215 in
1091 4150 1228 4229 domino,
1251 4155 1412 4232 quatenns

215 4249 387 4330 dignemini
409 4251 593 4317 vexationes
616 4260 797 4316 nostrorum
820 4251 1011 4316 scholarium
1033 4250 1270 4333 praescindere,
1293 4259 1330 4317 et
1350 4250 1411 4335 ipsi

215 4350 256 4414 M.
279 4351 395 4432 Sybart
413 4352 530 4432 justam
553 4354 783 4418 correctionem
804 4353 999 4434 impendere,
1022 4371 1063 4416 ne
1084 4351 1218 4435 amplius
1239 4351 1321 4418 false
1338 4370 1411 4435 pro·

215 4452 306 4516 rimis
327 4452 472 4534 imponat
493 4453 659 4533 haeresim,
683 4453 739 4518 sed
761 4453 863 4518 discat
882 4454 1020 4533 linguam
1035 4452 1219 4521 mendacem
1235 4459 1269 4518 et
1283 4452 1408 4519 detrac-

214 4551 311 4617 tionis
334 4571 545 4635 compescere,
569 4553 663 4618 etde
686 4559 871 4635 perpetrato
891 4553 1012 4618 scelere
1035 4551 1208 4618 efficaciter
1230 4555 1408 4636 poenitere.

214 4649 303 4718 Haec
342 4654 457 4719 vestris
497 4655 643 4721 amicitiis
676 4655 859 4736 scribimus,
894 4654 1059 4737 cupientes
1091 4671 1231 4720 amorem
1263 4655 1408 4723 annm
