2992 5258
388 431 418 486 .1.
454 434 523 487 Acta
540 440 603 487 ante
620 433 673 487 iter
689 402 901 492 Con'ntanticnse.
1197 443 1259 506 243

60 634 103 694 ad
125 640 235 694 certam
257 635 333 694 diem
355 635 426 695 dicti
440 637 548 696 mensis
564 639 730 697 convocatis
746 644 777 696 et
791 638 984 712 cougregatis,
1006 643 1125 712 paratus
1140 656 1259 713 semper

57 734 103 795 ad
130 734 361 794 satisfactionem
390 737 468 794 omni
495 738 629 810 poscenti
651 755 716 795 eum
736 739 1026 797 reddere¹rati0nem
1058 739 1096 798 de
1118 756 1161 809 ea,
1184 759 1258 814 quae

50 838 94 896 in
115 835 184 907 ipso
207 842 260 904 est,
282 832 339 893 lide
361 841 391 894 et
412 853 481 913 spe,
504 837 593 896 etad
614 814 768 895 videndum
792 845 821 896 et
842 832 1015 919 audiendum
1037 855 1139 897 omnes
1154 847 1185 898 et
1199 841 1257 899 sin-

49 934 159 1010 gulos,
182 935 232 1007 qui
254 937 362 995 erroris
385 937 576 1008 pertinaciam
597 937 644 995 vel
659 937 805 996 haeresim
820 955 1027 1012 quamcumque
1043 940 1100 997 sibi
1115 940 1261 999 voluerint

44 1039 232 1105 imponere,
264 1040 297 1093 ut
324 1052 357 1094 se
383 1036 545 1095 inscribant
570 1037 679 1095 ibidem
703 1039 787 1109 juxta
815 1037 889 1110 legis
917 1037 966 1096 dei
995 1046 1024 1097 ct
1042 1039 1117 1113 juris
1141 1040 1260 1113 exigcn-
1350 1068 1358 1085 0

46 1134 137 1198 tiam
169 1136 207 1193 ad
239 1152 362 1207 poenam
390 1137 525 1214 talionis,
567 1137 672 1215 quibus
701 1138 834 1196 omnibus
861 1155 957 1197 coram
972 1138 1008 1196 D.
1028 1139 1259 1213 Archiepiscopo

48 1236 213 1307 ngensi
243 1237 376 1307 praefato
407 1244 438 1295 et
465 1238 531 1308 ipso
553 1237 590 1297 D.
613 1237 736 1295 Nicolao
758 1237 898 1309 episeopo
920 1237 1092 1311 inquisitore
1113 1240 1260 1300 antedicto

52 1350 107 1396 ao
128 1336 268 1406 praelatis
291 1342 321 1394 et
342 1336 430 1395 ctiam
450 1337 481 1394 in
504 1337 638 1407 proximo
660 1336 791 1409 generali
813 1337 937 1397 concilio
960 1337 1179 1398 constantiensi
1199 1340 1262 1398 vult

55 1433 264 1505 respondere,
283 1436 343 1508 jnri
365 1443 444 1495 stare
466 1452 499 1495 ac
519 1438 604 1508 juxta
623 1443 787 1494 sanctorum
809 1443 924 1507 patrum
945 1436 1065 1495 decreta
1086 1444 1117 1497 et
1130 1455 1261 1499 canones

50 1514 212 1612 justitiam
252 1551 334 1593 suarn
373 1537 584 1594 demonstrare.
629 1534 725 1607 Super
762 1535 867 1609 quibus
904 1536 1037 1594 omnibus
1076 1543 1106 1595 et
1136 1538 1261 1610 singulis

56 1629 121 1700 M*
140 1633 269 1692 loannes
285 1635 322 1694 de
335 1635 469 1694 Jesenicz
486 1640 659 1707 procurator
674 1640 704 1693 ct
716 1636 832 1694 nomine
853 1636 1064 1708 procuratorio,
1086 1654 1142 1711 quo
1165 1654 1262 1713 supra,

61 1734 159 1809 petiit
196 1734 253 1794 sibi
291 1752 346 1807 per
374 1750 420 1793 me
449 1734 594 1793 notarium
616 1733 762 1805 publicum
784 1732 1000 1806 infrascriptum
1022 1733 1086 1794 fieri
1109 1742 1139 1795 et
1159 1733 1263 1797 confioi

73 1848 163 1890 unum
182 1834 230 1892 sel
251 1835 338 1906 pluro
359 1835 476 1906 publica
496 1835 696 1893 insturmenta.
724 1834 799 1894 Acta
815 1841 881 1893 sunt
895 1835 968 1892 haec
983 1851 1069 1910 anno,
1091 1835 1261 1907 indictione,

77 1932 136 2002 die,
159 1951 267 2004 mense,
296 1936 377 2006 hora,
406 1936 479 2005 loco,
508 1933 677 2007 pontificatu
706 1935 811 2007 quibus
833 1952 929 2007 supra,
952 1935 1156 2007 praesentibus
1179 1938 1262 1996 nobi·

82 2031 153 2090 libus
172 2041 202 2094 et
222 2034 341 2094 famosis
362 2036 433 2095 viris
456 2036 580 2095 dominis
602 2033 759 2093 Wilhelmo
782 2035 819 2093 de
834 2035 1027 2105 Zwierzeticz,
1048 2035 1159 2094 barone
1181 2036 1265 2110 regui
1300 2024 1305 2033 ⁴

88 2130 236 2203 Bohemiae,
262 2135 352 2194 Petro
374 2132 434 2194 filio
455 2136 557 2207 ipsius,
583 2135 776 2194 Hlawarzone
799 2136 834 2193 de
855 2136 966 2194 Ronou
988 2136 1124 2194 similitor
1144 2135 1263 2208 barone,

94 2227 247 2293 chceslao
277 2236 314 2294 de
341 2236 452 2306 Luam,
482 2235 616 2295 Onssone
650 2237 686 2294 dc
718 2236 890 2295 llliolrouicz
922 2235 1077 2308 purgravio
1111 2238 1199 2296 castri
1228 2237 1264 2296 de

97 2326 289 2412 Lichtemburg,
305 2335 434 2395 Stiborio
457 2336 493 2394 de
508 2336 682 2395 Bobdanocz
704 2336 856 2407 armigeris
872 2341 902 2394 et
926 2336 1083 2394 Wilhelmo
1100 2336 1136 2395 de
1153 2337 1265 2409 Dupow

101 2429 170 2491 milito
195 2436 291 2495 dietae
319 2437 447 2495 diocesis
476 2436 643 2509 Pragensis,
676 2443 706 2494 ct
727 2434 824 2494 multis
846 2436 912 2494 aliis
934 2435 1058 2494 testibus
1080 2431 1138 2495 fide
1160 2436 1265 2509 dignis,

101 2534 188 2592 roratis
208 2536 245 2595 ad
267 2536 430 2608 praemisso
451 2536 621 2608 specialiter
642 2541 672 2594 et
692 2536 812 2608 rogatis

229 2653 270 2713 Et
287 2670 342 2728 ego
353 2653 482 2714 Michael
500 2660 585 2712 natus
598 2650 740 2726 quondum
753 2651 868 2710 Nicolai
880 2651 916 2710 de
928 2650 1098 2711 Prachaticz
1109 2651 1267 2726 Pragensis

333 2754 469 2830 diocesis,
491 2754 623 2826 publicus
645 2751 792 2824 imperiali
813 2752 985 2811 auctoritate
1007 2753 1137 2810 notarius
1161 2759 1215 2811 ete.

572 2920 770 2928 .-.—-—-<.-.-—.

180 3037 238 3098 lios
260 3039 401 3099 Nicolaus
424 3040 473 3098 dei
493 3039 589 3112 gratia
610 3038 766 3110 episcopus
782 3036 997 3105 Nazaretensis,
1019 3035 1175 3108 inquisitor
1196 3049 1265 3105 pra·

104 3127 179 3196 dtath
196 3116 370 3201 ¹haereticae
397 3139 524 3198 ciuitatis
555 3143 585 3196 ot
611 3136 739 3196 diocesis
765 3135 921 3208 Pragensis
951 3133 1125 3219 persedem
1148 3140 1267 3205 aposto-

30 3300 42 3317 ,
104 3225 169 3295 licam
194 3241 362 3317 specialiter
391 3240 554 3311 deputatus,
584 3246 688 3296 tenore
717 3236 915 3308 praesentium
936 3239 1036 3292 uotum
1058 3232 1179 3293 iacimus
1201 3233 1267 3292 uni·

106 3338 183 3410 iouh,
212 3341 290 3416 qnod
323 3356 378 3400 nos
406 3357 425 3400 a
454 3339 612 3397 retroactis
640 3337 822 3409 temporibus
844 3335 976 3395 crebrius
998 3333 1269 3393 communicavimus

106 3431 254 3501 honorando
276 3442 339 3513 uiro
361 3441 500 3513 magistro
523 3438 630 3498 Joanni
651 3437 714 3496 Hus
744 3453 845 3497 sacrae
879 3435 1044 3507 theologiae
1076 3433 1268 3493 baccalaureo

103 3531 204 3600 lomato
240 3541 334 3601 almae
371 3539 570 3598 uniuersitatis
608 3539 696 3597 studii
717 3537 886 3613 Pragensis,
920 3550 1075 3608 secumque
1107 3533 1207 3607 plures
1238 3541 1270 3592 et

101 3641 176 3701 unas
190 3658 290 3702 sacrae
305 3640 467 3712 scripturae
490 3637 700 3701 collocutiones
722 3642 753 3696 ot
774 3637 952 3696 diversarum
973 3634 1159 3693 materiarum
1179 3632 1269 3705 repli-

97 3742 210 3802 cationes
224 3724 387 3817 habuimus‚
410 3746 440 3798 et
460 3739 490 3797 in
513 3737 646 3797 omnibus
669 3738 730 3796 suis
752 3737 849 3806 dietis,
874 3735 988 3795 actibus
1011 3739 1041 3793 et
1061 3733 1152 3806 gestis
1174 3734 1271 3805 ipsum

95 3844 174 3903 uirum
200 3840 316 3902 idolam
342 3847 373 3899 et
401 3838 573 3899 catholicum
601 3837 665 3896 iore
687 3836 882 3908 probavimus,
903 3833 976 3894 nihil
997 3834 1064 3892 mali
1087 3833 1134 3891 rel
1155 3831 1270 3892 sinistri

92 3964 138 4006 seu
165 3940 384 4018 quomodolibet
410 3940 526 3998 erronei
555 3938 737 4010 reperientes
766 3938 796 3995 in
830 3953 865 3994 eo
897 3953 989 4009 usque
1025 3928 1122 3993 modo.
1163 3932 1269 3991 Prote·

89 4056 192 4107 samur
214 4043 347 4115 denique,
371 4040 514 4114 quomodo
536 4032 684 4111 praefatus
706 4037 845 4110 magister
866 4037 996 4095 Joaunes
1018 4049 1112 4105 nuper
1133 4033 1170 4091 de
1192 4047 1268 4089 anno

83 4145 190 4208 domini
210 4137 471 4216 M⁰cccoxl111⁰,
486 4139 536 4200 die
551 4137 666 4196 XXVII
687 4137 796 4195 mensis
811 4135 944 4213 Augusti,
971 4135 1001 4192 in
1023 4131 1150 4212 ecclesia
1169 4130 1269 4189 cathe-

81 4247 155 4309 drali
176 4242 320 4316 Pragensi
347 4249 376 4301 et
401 4242 431 4299 in
459 4239 526 4298 aliis
556 4237 690 4297 ecclesiis
713 4235 876 4308 collegiatis
899 4241 929 4293 ot
950 4231 1166 4306 parochialibus
1189 4229 1269 4289 etin

80 4345 214 4420 collegiis
238 4341 437 4401 urdversitatis
477 4339 569 4398 studii
607 4337 733 4396 civitatis
765 4337 943 4409 praedictae
985 4331 1143 4407 Pragensis
1183 4347 1218 4389 ao
1238 4329 1268 4389 iu

76 4430 188 4524 poros
215 4450 247 4503 et
286 4442 378 4500 varus
424 4439 603 4499 serenissim
644 4438 785 4512 principis
822 4443 853 4495 et
891 4434 1001 4495 domini
1031 4432 1068 4492 n.
1100 4429 1270 4491 wenceslai

74 4550 277 4609 Romanorum
309 4542 390 4617 regis
418 4546 448 4599 et
468 4539 626 4600 Bohemiae
655 4538 742 4612 regis,
763 4532 1002 4597 reverendissimi
1020 4532 1112 4609 patris
1134 4530 1170 4590 D.
1192 4531 1269 4591 Con·

73 4647 144 4709 radi
171 4641 387 4717 archiepiscopi
408 4640 567 4715 Pragensis
595 4638 774 4711 apostolicae
803 4637 881 4696 sedis
914 4634 1003 4707 legati
1036 4639 1067 4692 et
1100 4630 1270 4692 cancellarii

1075 4745 1121 4799 16*
