2992 5258
215 378 276 442 166
461 368 655 424 decusationes
672 365 709 419 M.
727 366 753 418 J.
771 364 830 418 lius
848 363 961 432 ejusque
978 378 1117 433 responsa
1150 366 1175 418 2.

213 584 301 656 tune,
323 594 418 640 manu
439 571 600 654 applicata
623 587 752 635 mensae
775 569 918 633 fortiter:
942 568 1016 649 quid
1038 569 1180 635 Romana
1201 568 1357 635 ecclesia?
1370 567 1417 634 ibi

216 675 431 743 Antichristus
454 672 523 736 fixit
544 670 666 754 pedem,
691 670 742 752 qui
767 668 895 734 difficile
918 675 1025 750 potest
1046 670 1175 734 moveri.

314 776 498 837 Romanam
520 772 677 834 ecclesiam
699 790 871 850 numquam
893 769 1006 851 adjeci,
1036 770 1108 850 qnia
1139 788 1209 832 eroco
1231 770 1419 832 Romanam

215 878 384 954 ecclesiam,
412 873 782 953 transdoromam,
811 872 1020 952 Acrpuatinue,
1042 878 1071 932 et
1093 868 1152 932 aiii
1173 872 1287 946 sanati,
1310 890 1419 933 omnes

215 978 416 1055 christianos,
446 976 497 1056 qui
511 975 611 1057 fidem
628 973 748 1037 Christi
770 979 881 1050 tenent,
904 992 998 1052 quam
1020 971 1194 1034 dooaemnt
1214 973 1318 1034 oanni
1339 990 1417 1052 apo·

214 1081 288 1142 stoli
304 1081 421 1142 Petrus
436 1085 463 1139 et
486 1075 613 1139 Paulus
633 1077 764 1138 Romae.
789 1073 835 1136 Et
845 1074 980 1154 pianum.
1002 1081 1055 1149 est,
1084 1073 1165 1135 aiant
1179 1075 1284 1136 sancti
1298 1072 1418 1151 dicarat,

221 1180 302 1261 quod
324 1181 438 1241 nedum
461 1178 678 1241 Antichristus
692 1177 713 1237 i.
736 1197 759 1240 e.
783 1173 999 1254 homomolua,
1016 1175 1070 1237 sed
1092 1182 1120 1237 et
1141 1181 1235 1256 capa
1255 1172 1420 1237 malaura

218 1282 394 1353 hominnm,
425 1282 496 1357 fierit
513 1279 627 1360 podem
648 1279 668 1342 i.
692 1278 836 1359 affectum
859 1297 966 1356 arerem,
995 1283 1032 1337 nt
1048 1277 1151 1357 possit
1172 1283 1302 1338 aratore
1315 1274 1419 1359 fldem

213 1385 292 1447 Jesn·
315 1383 443 1454 Christi,
469 1391 498 1444 et
517 1382 706 1464 praesertim
727 1383 762 1443 in
784 1381 874 1443 caria
895 1381 1057 1442 Romano.

315 1488 397 1550 Item
428 1487 571 1566 ponitur.
600 1483 683 1566 quod
712 1483 856 1548 domiuus
886 1490 996 1546 noster
1018 1482 1277 1564 archiepiscopus
1299 1480 1419 1546 nedum

214 1606 273 1669 per
295 1604 370 1651 suas
392 1593 540 1667 patentes
563 1587 682 1665 literas
706 1584 880 1649 sedetiam
904 1582 1099 1665 synodaliter
1131 1582 1310 1665 probibuit,
1332 1581 1420 1664 quod

217 1688 404 1752 scandaloso
425 1706 489 1750 non
512 1687 738 1768 praedicentur
753 1704 810 1767 per
833 1685 1020 1766 quempiam,
1044 1682 1100 1748 sed
1123 1681 1333 1762 euangelium,
1348 1683 1404 1765 epi

215 1789 332 1867 stolae,
356 1806 466 1853 sacrae
489 1786 686 1869 scripturae,
710 1784 914 1851 aedificantes
937 1785 1081 1850 subditos
1103 1784 1142 1849 ad
1165 1784 1317 1862 salutem;
1332 1782 1420 1865 quod

218 1893 267 1953 est
290 1907 408 1967 verum,
432 1889 590 1953 notarium
612 1895 645 1952 et
667 1885 876 1951 manifestum.
1394 1875 1400 1889 ’

317 1988 428 2051 Placet
449 1990 548 2066 mint,
583 1988 664 2068 quod
685 1988 730 2049 sto
752 1989 795 2050 D.
821 1989 1085 2068 Arcaiapiscopue,
1119 2007 1188 2049 cnm
1210 1993 1238 2048 et
1260 1984 1421 2048 dormitio

212 2090 382 2170 prohibuit.

319 2191 400 2256 Item
430 2192 560 2273 ponitur
582 2190 809 2268 articulariter,
839 2189 923 2270 quod
947 2189 1129 2271 praedictus
1155 2189 1195 2253 ld.
1217 2189 1330 2255 loann.
1347 2187 1420 2254 Hus

217 2298 292 2374 post
314 2292 561 2374 prohibitionem
584 2310 646 2355 nou
670 2292 816 2369 cessavit,
840 2309 942 2371 neque
966 2300 1071 2357 cessat
1093 2298 1126 2356 et
1148 2289 1276 2355 desistit
1291 2310 1310 2355 a
1325 2309 1419 2373 pcae-

219 2392 431 2457 rimationibus
454 2392 665 2472 scandalosis,
688 2400 801 2458 contra
822 2393 941 2457 olerum
966 2393 1128 2457 excessivo
1151 2398 1185 2456 et
1208 2408 1346 2456 erronee
1363 2408 1419 2473 po·

217 2493 325 2575 pulum
359 2493 545 2572 excitando,
576 2501 609 2558 et
638 2493 750 2558 lamam
772 2494 912 2575 ipsorum
937 2500 968 2558 et
991 2512 1099 2558 eorum
1122 2491 1267 2558 subditos
1289 2490 1418 2557 destru-

218 2593 299 2657 endo
327 2599 360 2658 et
389 2594 428 2658 ab
451 2594 632 2661 obedientia
654 2595 863 2674 retrahendo,
891 2597 937 2660 ita
959 2595 1044 2676 quod
1065 2594 1248 2660 discurrunt
1269 2592 1312 2660 ad
1333 2611 1416 2669 eum,

218 2694 271 2759 ubi
304 2695 459 2761 deberent
492 2697 524 2760 in
556 2715 665 2761 eorum
698 2696 842 2776 plebibus
870 2713 1059 2777 permanere
1090 2703 1123 2761 et
1145 2695 1261 2761 instrui
1285 2697 1419 2779 delego

219 2793 337 2860 Christi
361 2805 394 2860 et
417 2797 597 2861 obedientia
622 2797 829 2877 superiorum.

317 2897 384 2959 Hic
405 2899 488 2971 dion,
522 2899 605 2978 qnod
626 2897 822 2970 scandaloso,
855 2918 945 2979 spero
968 2898 1135 2978 depretia
1156 2898 1215 2973 dei,
1239 2919 1420 2981 nncheam

216 2997 400 3078 praedicari
411 3019 418 3076 3
440 3000 648 3062 contrariari
671 2999 807 3060 crimina
824 3000 1010 3080 praedicati
1032 3007 1060 3061 et
1076 2999 1288 3081 praedicabo,
1318 3022 1419 3082 opero,

221 3103 255 3161 in
269 3101 408 3179 concilio,
438 3122 501 3163 non
517 3101 665 3164 arcessite
675 3121 730 3163 nea
745 3121 877 3179 erronee,
900 3120 954 3163 nec
970 3101 1095 3168 somam
1109 3121 1215 3163 eornm
1230 3103 1420 3166 destruendo

218 3204 349 3271 hornam,
382 3202 436 3263 scd
465 3202 671 3283 reformando
699 3205 813 3263 donam
835 3208 864 3261 et
886 3200 1075 3262 destruendo
1096 3200 1227 3267 malcum.
1250 3202 1316 3280 Qui
1336 3205 1420 3267 enim

216 3302 352 3364 intendit
375 3304 511 3364 crimina
533 3304 567 3363 in
578 3304 736 3382 praenimia
758 3304 836 3362 hono
858 3302 971 3381 affectu
992 3300 1160 3380 destruere,
1184 3302 1239 3365 tlte
1260 3302 1420 3366 desiderat

114 3422 118 3432 ¹
216 3404 359 3482 ipsorum
380 3406 556 3464 marrianam
574 3403 704 3482 *harnam
727 3401 920 3463 laudabilem
942 3401 1124 3476 reformare.
1150 3403 1178 3465 O
1209 3421 1304 3484 qnam
1322 3402 1417 3486 plori-

218 3524 306 3564 oaurn
328 3505 388 3563 erit
408 3503 479 3581 illi,
514 3508 565 3583 pui
583 3511 714 3584 propter
734 3503 1013 3583 praedicationem,
1045 3524 1139 3585 puram
1161 3504 1286 3567 audiuit
1308 3513 1421 3568 contro

216 3625 276 3666 sua
304 3605 448 3682 wintino,
477 3606 549 3686 ipra
571 3605 685 3667 deserit
707 3613 735 3666 et
764 3610 838 3684 pont
859 3607 931 3666 bane
954 3607 1055 3667 niueae
1076 3605 1202 3668 headan
1224 3605 1274 3668 dci
1295 3613 1324 3667 et
1345 3627 1420 3670 oan-

216 3712 337 3767 ctorum
359 3709 498 3767 omnium
508 3711 724 3786 promeretur!
743 3704 950 3768 Srcbditorum
966 3706 1096 3786 famam
1118 3713 1147 3768 et
1168 3725 1223 3768 neo
1242 3707 1329 3788 ipooa
1351 3726 1421 3768 oum

217 3806 268 3867 dei
288 3806 398 3887 pratia
420 3806 582 3883 destruat,
603 3828 656 3869 nco
676 3809 716 3868 ah
739 3806 914 3869 odedientia
935 3815 1047 3870 sancta
1068 3807 1199 3886 rotroni,
1221 3805 1278 3868 sed
1299 3808 1341 3869 ah
1354 3804 1420 3870 itti·

216 3908 286 3981 cita,
309 3928 347 3967 ue
368 3908 403 3968 in
425 3907 510 3969 malo
530 3906 686 3987 praelatio
707 3907 755 3968 uel
772 3907 917 3987 plebanis
939 3908 1058 3970 artata·
1081 3907 1247 3971 obedirent.

315 4007 395 4072 Item
418 4009 457 4072 ad
480 4009 618 4089 speciem
641 4006 863 4072 descendendo
887 4009 1018 4089 ponitur
1040 4016 1072 4073 et
1097 4008 1301 4086 articulatur,
1335 4008 1420 4091 quod

216 4108 398 4191 praedictus
412 4109 453 4172 ll.
466 4109 486 4173 J
488 4127 578 4173 oaun.
592 4108 661 4172 llus
677 4115 711 4173 et
727 4107 913 4189 praedicare
928 4116 962 4174 et
974 4109 1080 4173 dicere
1093 4128 1155 4172 nou
1170 4108 1299 4174 erubuit
1310 4109 1344 4174 in
1355 4128 1420 4174 am·

216 4209 307 4285 bone,
325 4226 387 4272 non
401 4207 634 4287 distinguendo,
647 4228 686 4272 an
700 4216 812 4289 postea
823 4209 874 4272 vel
886 4215 960 4273 ante
976 4213 1246 4274 sacramentorum
1258 4208 1421 4275 ministra·

109 4313 116 4330 '
217 4308 344 4381 tioucrn
369 4308 556 4389 quuicurnquc
580 4308 679 4386 exigit
699 4305 826 4387 aliquid,
851 4314 901 4372 est
924 4309 1112 4387 haereticus
1137 4316 1169 4372 et
1192 4308 1238 4372 sic
1257 4326 1421 4390 persuum

216 4426 381 4470 erroneam
409 4408 678 4488 praedicationem
706 4408 862 4473 ructlitiose
885 4409 917 4471 in
944 4409 1112 4488 inlarniaru,
1139 4408 1287 4490 injuriam
1309 4414 1343 4473 et
1366 4407 1421 4475 de·

217 4507 425 4571 sanctionum
439 4508 661 4588 plebanorum,
678 4507 843 4573 declarans
858 4508 1097 4584 antecedentia,
1118 4508 1174 4572 sed
1190 4512 1421 4590 carnequentia

217 4606 388 4683 occcultaus
411 4607 492 4671 utin
509 4608 646 4690 capitulo
663 4606 710 4672 hd
728 4607 934 4690 apostolicam
951 4608 990 4674 de
1009 4607 1143 4674 simonia
1159 4606 1276 4675 dicitur
1290 4607 1350 4675 ibi:
1375 4608 1420 4691 ,E
