2992 5258
163 402 223 464 130
386 397 526 465 Epistulae
544 397 659 464 scriptae
679 397 851 453 constantiae
869 414 960 454 mense
977 400 1059 455 lunio
1079 404 1141 455 1415

161 599 379 665 crudelitatem
394 597 538 664 extendit
552 598 784 665 Antichristus!
808 601 864 665 sed
880 619 984 683 spero,
1007 602 1091 685 quod
1111 604 1353 672 abbreviabitur

159 700 303 783 potentia
324 716 390 778 sua,
423 700 611 781 etamplius
633 699 845 765 denudabitur
866 702 1016 782 iniquitas
1039 703 1108 786 ejus
1129 705 1163 770 in
1184 704 1270 772 fideli
1292 723 1349 788 po·

158 802 233 884 pulo
256 816 323 864 suo.
366 799 454 863 Deus
474 800 674 879 omnipotens
698 799 890 866 confortabit
917 802 1014 868 corda
1045 820 1174 868 snomm
1200 803 1350 889 fidelium,

158 919 238 982 quos
267 899 366 980 elegit
390 903 466 963 ante
487 898 595 964 mundi
617 899 888 979 constitutionem,
919 908 954 966 ut
982 902 1140 984 accipiant
1166 904 1347 970 immarces-

158 1001 282 1067 cibilem
309 997 428 1079 gloriae
449 1016 608 1064 coronam.
647 998 689 1064 Et
710 1000 817 1079 furiat,
839 1008 991 1081 quantum
1012 1002 1098 1082 velit,
1120 1002 1347 1085 Antichristus,

157 1120 220 1168 non
241 1099 437 1183 praevalebit
457 1105 570 1165 contra
581 1099 750 1180 Christum,
773 1101 827 1181 qui
848 1101 937 1165 illum
960 1100 1129 1168 interficiet
1154 1103 1271 1185 spiritu
1284 1103 1349 1169 oris

156 1201 216 1282 sui,
242 1208 280 1266 ut
299 1200 345 1265 ait
364 1199 546 1281 Apostolus,
589 1200 632 1265 Et
660 1205 735 1265 tuno
756 1201 946 1265 liberabitur
977 1208 1126 1268 creatura
1152 1204 1349 1270 aservitute

157 1299 379 1381 corruptionis,
412 1299 445 1363 in
475 1299 655 1364 libertatem
687 1301 807 1380 gloriae
829 1299 965 1365 liliorum
993 1301 1062 1382 Dei,
1094 1302 1141 1367 ait
1168 1302 1349 1386 Apostolus,

156 1401 315 1466 subdens:
350 1398 435 1476 „Nos
456 1398 517 1481 ipsi
539 1400 624 1463 intra
646 1416 704 1463 nos
725 1400 879 1481 gemimus
910 1400 1114 1483 adoptionem
1136 1400 1271 1467 liliorum
1286 1403 1348 1483 ‹lci¹

156 1506 380 1583 exspectantes
401 1498 654 1580 redemptionem
677 1500 820 1581 corporis
842 1501 973 1565 nostri.“

255 1599 354 1665 Valde
375 1618 426 1664 me
447 1599 632 1664 consolatur
651 1599 730 1663 illud
752 1600 881 1664 verbum
904 1601 1072 1666 salvatoris
1095 1602 1212 1666 nostri:
1237 1602 1349 1682 „Beati

155 1701 263 1779 aritia,
292 1718 363 1765 cnm
383 1717 440 1765 vos
462 1699 589 1764 oderint
610 1700 771 1764 homines“
796 1709 829 1764 ot
853 1699 952 1775 „Cum
975 1701 1196 1783 separaverint
1226 1719 1283 1767 vos
1316 1707 1350 1767 et

154 1799 417 1882 exprobraverint
449 1804 483 1864 et
515 1799 668 1880 ejecerint
709 1816 824 1863 nomen
865 1807 1011 1864 vestrum
1043 1806 1201 1881 tamqmm
1232 1801 1350 1864 malum

111 1964 114 1969 .
152 1906 286 1982 propter
307 1897 404 1965 lilium
426 1899 571 1977 hominia,
594 1898 730 1979 gaudete
762 1907 796 1964 et
822 1900 991 1980 exsultate;
1022 1918 1096 1966 ecce
1118 1901 1202 1967 enim
1226 1917 1351 1966 merces

152 2005 260 2065 vestra
280 2001 380 2065 multa
402 2006 452 2065 est
472 1999 507 2064 in
528 1999 643 2064 coelis“
683 1999 803 2073 (Lucae
830 1999 896 2080 VI.)
939 1999 1038 2080 Bona,
1071 2001 1133 2065 imo
1156 2000 1276 2082 optima
1297 2017 1348 2065 aa·

153 2101 275 2181 lutatio,
291 2101 347 2165 sed
359 2102 474 2184 gravis
487 2119 549 2165 non
561 2099 601 2165 ad
616 2099 865 2178 intelligendum,
882 2099 938 2165 sed
953 2100 993 2165 ad
1008 2101 1101 2183 plene
1116 2100 1348 2175 sustinendmn.

153 2203 276 2270 scilicet
307 2202 447 2284 gaudere
479 2202 511 2264 in
545 2201 607 2265 illis
640 2200 907 2265 tribulationibus.
950 2200 1039 2265 Illam
1069 2200 1218 2287 regulam¹
1243 2201 1349 2266 tenuit

153 2300 222 2369 cum
244 2303 399 2387 apostolis
420 2303 490 2368 aliis
512 2301 659 2379 lacobus,
682 2300 735 2380 qui
758 2300 849 2365 dicit:
872 2300 972 2366 Omne
994 2300 1142 2381 gaudium
1165 2301 1346 2367 existimate

151 2406 268 2469 iratres
286 2404 358 2481 mei,
391 2422 461 2469 cum
483 2402 515 2465 in
538 2401 731 2467 tentationes
754 2401 857 2466 varias
879 2400 1065 2479 incideritis,
1086 2400 1235 2481 scientes,
1258 2401 1345 2482 quod

151 2504 298 2587 probatio
320 2510 447 2569 vestrae
469 2500 543 2566 fidei
564 2500 750 2582 patientiam
772 2507 934 2582 operatur,
956 2502 1110 2582 patientia
1130 2507 1237 2567 autem
1262 2520 1344 2585 opus

152 2606 328 2687 perlectum
350 2603 456 2668 habet.
499 2605 561 2667 Pro
584 2608 671 2666 certo
694 2619 789 2680 grave
812 2608 870 2681 cst,
892 2601 1113 2682 inperturbatc
1136 2601 1287 2683 gaudere,
1309 2608 1344 2670 et

152 2723 243 2770 omne
265 2702 413 2783 gaudium
436 2703 616 2768 existimare
638 2701 670 2763 in
692 2701 787 2764 variis
809 2700 1059 2780 tentationibus;
1092 2701 1161 2767 leve
1184 2707 1234 2768 est
1255 2701 1344 2784 loqui

154 2811 187 2869 et
208 2802 285 2869 illud
308 2820 476 2884 exponere,
500 2802 556 2867 sed
579 2820 675 2883 grave
697 2801 839 2882 implere,
861 2819 931 2865 cum
953 2802 1204 2883 patientissimus
1225 2807 1259 2868 et
1279 2802 1345 2867 for-

152 2906 293 2970 tissimus
315 2904 414 2982 miles
437 2903 553 2979 sciens,
576 2900 659 2982 qvvod
675 2900 726 2964 die
743 2901 838 2965 tertia
852 2910 1008 2981 resurget,
1031 2920 1089 2983 per
1103 2908 1237 2967 mortem
1252 2920 1342 2967 suam

70 3060 74 3067 .
151 3005 281 3070 vincens
302 3002 448 3067 inimicos
468 3009 503 3067 et
518 3001 677 3065 redimens
699 3018 718 3064 a
739 3000 940 3067 damnatione
962 3001 1091 3081 electos,
1113 3009 1188 3084 post
1209 3018 1342 3068 coenmu

151 3105 294 3170 nltimam
316 3102 463 3168 turbatus
490 3107 542 3167 eat
573 3101 698 3182 spiritu,
732 3107 766 3165 et
787 3099 882 3164 dixit:
920 3100 1053 3181 „Tristis
1075 3107 1126 3168 est
1145 3102 1251 3168 anima
1271 3120 1344 3167 mes

151 3223 253 3286 usque
276 3203 316 3268 ad
337 3202 500 3268 mortem.“
560 3201 608 3265 De
631 3218 692 3282 quo
715 3198 792 3265 dicit
814 3200 1020 3280 evangelium,
1051 3199 1136 3283 quod
1157 3201 1266 3282 coepit
1286 3220 1344 3283 pa·

150 3322 235 3383 vere,
268 3303 399 3368 medere
432 3307 464 3366 et
496 3307 637 3366 moestus
670 3316 759 3378 esse3
791 3299 853 3364 imo
878 3297 980 3364 iactus
1008 3300 1041 3363 in
1068 3300 1192 3382 agonia,
1228 3308 1280 3367 est
1300 3301 1341 3368 ab

150 3405 263 3486 angelo
286 3401 492 3481 confortatus,
521 3403 610 3483 cujus
632 3401 730 3466 sudor
758 3400 861 3466 lactus
884 3406 933 3465 est
955 3399 1112 3482 tamqnam
1135 3404 1248 3481 guttae
1268 3419 1341 3467 san·

151 3505 255 3585 guinis
285 3502 484 3568 decurrentis
505 3503 537 3566 in
561 3509 687 3566 terrum.
708 3501 765 3567 Ille
787 3510 902 3580 tumen,
924 3501 971 3566 sic
993 3502 1149 3582 turbatus,
1171 3500 1253 3566 dixit
1274 3502 1340 3566 suis

150 3604 310 3670 fidelibus:
335 3604 424 3677 „Non
446 3601 594 3667 turbetur
616 3620 670 3666 cor
690 3608 840 3675 vostrum,
862 3619 966 3683 neque
987 3601 1148 3681 lormidat;
1182 3619 1248 3669 non
1269 3608 1337 3668 tur·

150 3707 388 3787 beturproptcr
408 3702 470 3767 mei
486 3703 614 3768 brevem
628 3702 812 3781 absentiam,
834 3720 937 3783 neque
952 3702 1100 3767 lomnidet
1128 3701 1339 3767 saevientium

150 3805 382 3884 crudelitatem,
415 3803 489 3885 quia
517 3808 550 3867 et
568 3820 619 3867 me
645 3802 851 3867 aeternaliter
882 3801 1039 3867 habebitis
1064 3808 1097 3867 et
1118 3800 1339 3868 cmdelitatem

150 3905 357 3972 saevientium
377 3902 539 3968 vincetis.“
577 3901 670 3967 Unde
684 3902 773 3967 illum
793 3902 905 3968 ducem
926 3907 960 3967 et
980 3920 1089 3983 regem
1110 3901 1231 3983 gloriae
1254 3902 1339 3986 aspi·

151 4007 272 4073 cientes
294 4004 344 4067 sui
364 4004 493 4083 milites,
514 4009 674 4068 certamen
689 4021 835 4084 magnum
849 4002 1037 4082 babuerunt,
1060 4002 1260 4067 transierunt
1280 4018 1339 4085 per

150 4110 255 4187 ignem
277 4112 311 4169 ct
331 4122 460 4185 aquam,
493 4109 527 4169 et
547 4103 626 4168 salvi
647 4102 723 4168 lacti
745 4109 836 4183 sunt,
870 4109 902 4168 et
930 4120 1078 4167 coronam
1105 4108 1340 4186 acceperunta

64 4212 68 4219 '
150 4207 276 4273 domino
298 4203 368 4283 deo,
390 4203 431 4270 de
451 4221 515 4285 qua
534 4203 673 4269 Jacobus
695 4204 727 4268 in
750 4203 901 4269 canonica
922 4203 1017 4268 dicit:
1043 4202 1182 4284 „Beatus
1202 4203 1263 4284 vir,
1283 4201 1339 4285 qui

150 4304 263 4371 suiiert
283 4303 501 4381 tentationem,
534 4301 608 4383 quia
629 4318 698 4366 eum
720 4301 873 4383 probatus
895 4302 998 4381 luerit
1034 4302 1170 4385 accipiet
1190 4319 1341 4369 coronam

150 4406 243 4483 vitae,
277 4422 369 4484 quam
390 4402 573 4484 repromisit
594 4401 672 4466 deus
693 4401 898 4481 diligentibus
921 4409 984 4468 se.“
1008 4404 1075 4468 lsta
1095 4419 1222 4482 corona,
1244 4418 1341 4485 spero

151 4504 299 4584 firmiter,
326 4503 422 4568 laniet
442 4522 492 4567 me
514 4502 659 4567 dominns
681 4503 868 4584 participem
891 4524 953 4571 una
974 4505 1149 4582 vobiscum,
1180 4502 1339 4569 zelatores

151 4604 295 4668 veritatis
309 4601 552 4683 ferventissimi„
565 4621 635 4667 cum
649 4603 804 4683 ornuibua
827 4604 879 4685 quui
901 4605 1033 4669 tirmiter
1047 4609 1081 4668 ot
1095 4608 1342 4685 perseveranter
