2992 5258
410 397 465 449 100.
484 394 577 465 Poggii
595 395 673 463 epist.
692 394 726 449 de
744 395 877 464 supplicio
895 395 1060 463 Hieronymi.
1266 398 1328 463 (529

144 597 373 681 respondendi:
395 596 452 662 sed
473 614 596 679 vereor,
616 616 657 664 ne
679 598 783 664 omnia
805 599 837 663 in
858 603 981 681 pestem
1002 616 1091 664 suam
1119 599 1181 664 sihi
1211 598 1330 664 luerint

141 719 161 765 a
182 706 297 765 natura
319 717 479 765 concessa.

239 800 355 865 Datum
388 800 502 865 deinde
535 801 670 881 spatium
707 799 893 882 poenitendi
925 799 1031 865 biduo.
1077 801 1207 867 Interim
1239 800 1328 866 multi

136 902 178 968 ad
206 901 295 966 illum
321 919 485 967 accessere
513 901 573 965 viri
603 901 819 980 eruditissimi,
850 907 886 967 ut
915 901 1019 984 ipsum
1048 903 1250 967 asentcntia
1272 919 1329 966 sua

135 1003 342 1068 dimoverent,
385 1003 473 1068 Inter
511 1019 589 1082 <pros
623 1003 791 1067 cardinalis
819 1002 1022 1067 Florentinus
1062 1022 1132 1069 eum
1165 1002 1261 1081 adiit,
1293 1007 1330 1065 ut

137 1105 242 1186 ipsum
272 1102 415 1168 flecteret
445 1102 484 1167 ad
516 1108 634 1167 rectam
656 1102 747 1168 viam,
791 1102 853 1169 Sed
875 1122 946 1168 cum
968 1104 1164 1187 pertinacius
1187 1104 1219 1167 in
1242 1120 1328 1167 erro-

139 1204 226 1269 m'hus
242 1210 473 1285 perseveraret,
497 1221 555 1285 per
571 1203 737 1269 concilium
758 1196 928 1271 haereseos
951 1205 1117 1270 damnatus
1141 1211 1190 1269 cst
1213 1210 1246 1268 et
1261 1203 1326 1283 igni

137 1303 330 1371 combustus.
372 1304 518 1370 Jueunda
555 1303 661 1370 fronte
689 1310 722 1370 et
749 1305 840 1370 hilari
869 1306 958 1372 vultu
987 1324 1025 1371 ac
1053 1304 1133 1371 laeic
1161 1303 1258 1370 alacri
1289 1304 1329 1370 ad

139 1404 258 1472 exitum
288 1422 379 1469 suum
407 1404 558 1484 accessit3
587 1422 650 1470 non
673 1405 778 1485 ignem
801 1407 937 1487 expavit,
960 1424 1023 1472 non
1045 1405 1196 1472 tormenti
1219 1422 1329 1485 genus,

139 1524 202 1572 non
241 1513 382 1572 mortem.
426 1506 541 1570 Nullus
581 1525 726 1588 umquam
766 1506 943 1571 Stoicorum
982 1505 1042 1572 luit
1073 1511 1137 1571 tam
1171 1505 1329 1571 constanti

139 1606 243 1673 animo
276 1612 402 1688 tamque
434 1607 510 1672 lorti
537 1612 671 1671 mortem
698 1624 878 1688 perpessus,
909 1626 1001 1688 quam
1035 1605 1209 1690 appetiisse
1241 1605 1327 1671 vide-

143 1712 241 1772 retur.
286 1705 363 1771 Cum
391 1708 531 1773 venisset
557 1707 597 1772 ad
627 1707 729 1771 locum
755 1708 877 1785 mortis,
911 1726 945 1772 se
979 1708 1081 1789 ipsum
1115 1707 1202 1771 exuit
1234 1706 1330 1771 uesti-

141 1808 272 1886 montis;
295 1815 360 1872 turn
390 1809 609 1889 procumbens,
638 1807 728 1871 flexis
756 1808 910 1887 genubus,
940 1812 1111 1872 veneratus
1143 1814 1192 1871 est
1214 1805 1331 1888 palum,

142 1910 183 1975 ad
214 1928 309 1990 quem
335 1908 451 1989 ligatus
480 1908 548 1972 lhit.
592 1907 715 1972 Deinde
738 1908 962 1989 circumposita
982 1908 1068 1988 ligna
1090 1914 1203 1990 pectus
1226 1914 1329 1986 tenue,

140 2028 203 2077 uon
224 2008 400 2074 minuscule
421 2008 477 2075 sed
498 2026 620 2089 grosso,
643 2008 743 2090 paleis
764 2008 951 2090 interjectis.
995 2008 1074 2072 Tum
1096 2006 1219 2073 flamma
1240 2007 1331 2073 adhi-

142 2110 217 2191 bita,
246 2128 361 2175 canere
389 2109 495 2191 coepit
521 2109 679 2190 hymnum,
709 2127 802 2190 quem
832 2108 936 2174 sumus
966 2115 1000 2174 et
1031 2109 1114 2190 ignis
1147 2108 1329 2190 interrupit

142 2210 211 2277 Hoc
232 2216 338 2276 autem
360 2210 526 2275 maximum
548 2211 722 2276 constantis
746 2209 843 2275 animi
864 2210 1003 2291 signum:
1028 2229 1097 2276 oum
1119 2210 1213 2277 lictor
1227 2210 1331 2291 ignem

142 2319 217 2396 post
237 2318 370 2394 tergum,
392 2328 433 2374 ne
455 2310 487 2375 id
509 2310 640 2392 videret,
665 2311 798 2394 injicere
819 2311 929 2392 vellet,
952 2311 1042 2391 ,Huc
1063 2310 1193 2393 (inquit)
1214 2309 1330 2376 accede

142 2421 175 2481 et
202 2413 237 2476 in
263 2418 434 2494 conspectu
466 2411 603 2477 accende
625 2412 747 2492 ignem;
770 2412 798 2477 si
820 2413 903 2478 enim
924 2413 1012 2488 illum
1035 2414 1219 2491 timuissem,
1241 2430 1330 2476 num·

143 2532 235 2597 quam
259 2512 299 2578 ad
324 2514 407 2577 hunc
429 2515 541 2592 locum,
570 2530 663 2593 quem
680 2512 822 2595 fugiendi
840 2514 974 2580 facultas
995 2519 1073 2594 erat,
1096 2511 1329 2579 accessissem.“

140 2614 210 2681 Hoc
231 2615 324 2679 modo
348 2613 396 2677 uir
418 2619 547 2695 praeter
568 2611 661 2678 fidem
683 2614 830 2695 egregius
852 2620 1034 2679 consumtus
1057 2618 1115 2679 est
1154 2612 1227 2678 Vidi
1248 2612 1332 2677 hune

143 2716 271 2796 exitum,
294 2714 435 2795 singulos
458 2720 548 2779 actus
570 2713 708 2795 inspexi:
731 2714 798 2779 sive
821 2712 962 2796 perfidia,
985 2714 1051 2780 sive
1074 2713 1251 2796 pertinacia
1271 2712 1331 2777 hoc

142 2816 263 2898 egerit,
293 2818 381 2880 certe
418 2833 456 2880 ex
488 2813 707 2896 philosophiae
741 2814 849 2881 schola
880 2816 983 2879 virum
1019 2815 1224 2881 interemtum
1256 2830 1328 2879 esse

140 2914 377 3003 descripsisses.

239 3016 380 3096 Longam
402 3015 459 3080 tihi
475 3015 663 3080 cantilenam
678 3014 814 3095 narravi,
837 3013 893 3079 otii
909 3032 1018 3079 causa:
1041 3015 1119 3079 nihil
1134 3014 1218 3080 enim
1232 3031 1332 3094 agens

139 3116 260 3200 aliquid
281 3134 377 3197 agere
399 3117 493 3197 volui,
516 3126 550 3181 et
571 3134 623 3181 res
645 3116 704 3181 tihi
729 3133 859 3180 narrare
881 3115 1041 3197 paululum
1056 3115 1174 3181 similes
1190 3114 1332 3179 historiis

141 3219 327 3302 priscorum.
371 3217 451 3281 Nam
473 3233 576 3297 neque
598 3216 720 3280 dlutius
740 3215 795 3281 illc
817 3222 881 3279 tom
902 3213 1014 3281 fidenti
1034 3215 1138 3280 animo
1154 3232 1267 3296 passus
1283 3221 1332 3279 est

141 3319 317 3385 membrrun
351 3317 420 3397 uri,
452 3336 546 3398 quam
578 3318 638 3382 iste
672 3318 854 3381 universum
887 3333 1017 3398 oorpus;
1058 3334 1161 3396 neque
1183 3315 1331 3381 Socrates

140 3426 205 3485 tem
220 3426 334 3502 sponte
357 3434 513 3483 venenum
535 3418 624 3496 bibit,
648 3436 741 3498 quatu
763 3418 824 3482 iste
846 3417 951 3498 iguem
974 3416 1123 3499 suscepit
1167 3413 1231 3479 Scd
1253 3415 1330 3479 haec

140 3510 239 3596 sotis,
255 3537 350 3601 parce
368 3519 473 3584 verbis
488 3520 575 3599 meio,
598 3519 624 3583 si
646 3519 771 3600 longior
784 3518 838 3582 fui.
867 3518 931 3583 Res
946 3524 1051 3582 tamen
1066 3519 1135 3599 ipsa
1148 3515 1332 3598 amph0rem

140 3621 357 3688 narrationem
386 3621 551 3702 poscebat:
580 3619 637 3685 sed
658 3621 745 3685 nolui
767 3637 840 3685 esse
863 3618 992 3683 nimium
1013 3617 1136 3699 loquax.
1180 3616 1268 3695 Vale,
1289 3616 1332 3679 mi

136 3719 369 3805 jucundissime
391 3719 569 3786 leonardo!

242 3820 290 3885 En
312 3820 508 3895 Constantia,
535 3820 583 3884 ΙΙΙ
603 3820 672 3885 Kal.
693 3820 790 3900 Junii,
823 3838 884 3901 quo
906 3818 958 3884 dio
979 3818 1192 3900 Hieronymus
1213 3835 1332 3900 poenas

141 3922 211 3989 luit
254 3922 375 3987 ltcrum
397 3921 475 4000 vale,
497 3939 609 4001 meque
632 3919 736 4001 dilige.
