2992 5258
468 407 545 462 annis
565 407 781 461 1412—141401
798 407 887 462 exilio.
921 410 962 462 23.
980 394 1021 463 24'.
1300 412 1337 475 51

149 613 282 678 iterum:
305 610 332 676 Ο
353 628 410 676 vos
432 628 550 691 omnes,
572 611 626 692 qui
649 611 792 678 transitis
814 629 872 693 per
887 610 977 691 viam,
999 611 1156 677 attendite
1173 621 1206 678 et
1222 613 1338 693 videte,

148 713 177 777 si
200 720 250 779 est
271 711 380 786 dolor,
414 712 498 777 sieut
518 710 609 777 dolor
629 729 728 777 meus.
771 712 852 777 Item
875 711 988 777 clamat
1009 712 1050 777 ad
1071 720 1194 794 patrem
1216 714 1339 780 dicens:

150 812 252 878 Deus!
288 813 420 895 utquid
441 811 639 895 dereliquisti
661 812 736 878 me?
769 812 820 878 Sic
841 798 955 894 nempe
977 812 1141 895 clamabat,
1164 833 1233 878 cum
1255 822 1340 881 atro-

149 916 231 979 citer
252 920 287 978 et
315 913 524 997 ignominiose
544 914 577 979 in
610 931 705 979 eruce
734 912 903 995 pependit,
937 918 970 976 et
991 931 1062 979 cum
1083 933 1103 979 a
1123 915 1341 980 sacerdotibus

151 1015 379 1099 blasphemiam
394 1016 583 1099 patiebatur,
606 1016 660 1097 qni
675 1033 769 1081 cruce
785 1014 936 1080 circinata
957 1014 1135 1080 clamabant
1149 1020 1244 1098 atque
1271 1035 1342 1081 eoa·

152 1116 269 1182 rabant
291 1115 448 1182 dicentes:
470 1113 610 1182 confidit
630 1117 664 1180 in
685 1115 792 1194 deum;
816 1114 931 1180 liberet
951 1115 1054 1197 ipsum
1075 1115 1147 1197 Jam.
1181 1116 1264 1196 Vae,
1287 1117 1339 1197 qui

153 1217 293 1284 destruis
315 1218 466 1300 templum
487 1217 548 1297 dei,
571 1216 729 1283 descende
750 1236 833 1282 nunc
855 1217 894 1282 de
917 1217 1025 1282 erucel
1058 1216 1130 1299 Ipse
1152 1222 1258 1282 autem
1280 1217 1342 1282 cla-

154 1319 274 1384 mabat:
297 1317 393 1399 Deus,
415 1318 493 1383 deus
508 1336 606 1398 meus,
630 1327 665 1384 ut
680 1319 754 1400 quid
769 1318 967 1400 dereliquisti
983 1318 1057 1383 me?
1079 1316 1208 1397 Clamat,
1233 1326 1267 1384 ut
1282 1319 1339 1382 mi-

155 1420 359 1486 sericordiam
380 1418 449 1502 ejus
463 1419 647 1484 immensam
668 1425 861 1499 notaremus,
882 1437 952 1484 cum
974 1418 1028 1484 illo
1043 1417 1270 1500 blasphemiam
1292 1437 1343 1483 ca-

156 1521 280 1587 ritative
302 1525 497 1603 pateremur,
521 1521 554 1585 in
576 1521 767 1587 necessitate
789 1539 861 1585 eum
881 1521 1110 1599 invocaremus,
1134 1527 1166 1584 et
1188 1520 1227 1584 de
1249 1522 1342 1584 mise-

156 1621 304 1700 ricordia,
339 1639 402 1702 qua
422 1639 481 1686 nos
509 1641 528 1687 a
548 1620 750 1686 damnatione
771 1629 928 1704 perpetua
949 1621 1099 1700 redemit,-
1132 1623 1214 1702 grati
1237 1621 1342 1687 simus.

157 1721 325 1802 sicigitur
347 1726 397 1786 cst
427 1721 644 1787 misericordia
666 1721 754 1786 vobis
784 1742 804 1786 a
835 1722 895 1786 deo
928 1727 1019 1805 patre
1052 1727 1086 1786 et
1117 1721 1243 1803 domino
1264 1721 1342 1785 Jesu

158 1821 282 1889 Christo
305 1823 471 1902 salvatore,
494 1841 596 1904 aquo
618 1823 712 1888 etiam
734 1841 793 1904 pax
817 1822 915 1887 vobis.
949 1822 1065 1887 Docuit
1086 1823 1237 1903 magister
1259 1822 1343 1903 paci·

158 1922 230 1989 icus
252 1942 328 1989 suns
351 1922 522 2005 discipulos
545 1921 700 2004 pacificos,
724 1929 767 2001 ut,
791 1924 823 1987 in
845 1941 1072 2005 quamcumque
1088 1922 1214 1987 domum
1235 1924 1342 2004 ingre·

157 2024 290 2104 diantur,
314 2023 438 2091 dicant:
460 2044 521 2107 pax
543 2023 647 2103 vobis;
679 2030 713 2090 et
734 2041 906 2106 resurgens
928 2043 967 2089 ex
989 2026 1136 2103 mortuis,
1159 2025 1282 2090 intrans
1303 2022 1343 2088 ad

157 2125 225 2192 illos
246 2125 386 2191 dicebat:
419 2143 480 2208 pax
502 2124 608 2203 vobis;
638 2125 747 2190 volens
775 2143 899 2207 qnoque
921 2125 961 2191 ab
983 2124 1046 2189 illis
1076 2127 1124 2190 ire
1146 2126 1179 2189 in
1199 2132 1342 2199 mortem,

156 2228 282 2293 dicebat
304 2227 381 2291 illis:
402 2244 512 2308 pacem
533 2226 678 2307 relinquo
700 2225 800 2306 vobis,
822 2245 931 2308 pacem
954 2245 1054 2292 meam
1076 2226 1117 2292 do
1140 2225 1237 2291 vobis.
1260 2224 1343 2290 Hinc

157 2329 259 2409 etiam,
283 2327 446 2406 carissimi,
469 2328 537 2408 ejus
559 2343 647 2391 more
669 2344 778 2408 pacem
800 2327 840 2392 ab
862 2326 917 2393 illo
939 2329 1032 2410 cupio
1053 2327 1158 2405 vobis;
1181 2345 1242 2408 par
1255 2324 1344 2390 vobis

156 2430 192 2494 ab
214 2446 263 2507 eo,
286 2437 323 2494 nt
347 2428 488 2493 virtuose
510 2427 654 2491 viventes
675 2426 793 2507 hostes,
815 2426 983 2508 diabolum,
1005 2426 1154 2492 mnndum
1169 2434 1202 2492 et
1218 2445 1344 2492 carnem

156 2528 346 2607 devincatis3
368 2546 428 2611 pax
444 2528 533 2595 vobis
555 2528 595 2594 ab
609 2528 673 2608 illo,
695 2535 731 2593 ut
746 2529 888 2608 invicem,
911 2529 1054 2594 inimicos
1069 2546 1194 2610 quoque
1208 2533 1342 2597 vestros.

156 2629 309 2713 diligatis3
332 2649 392 2713 par
415 2630 513 2708 vobis,
535 2635 572 2695 nt
587 2625 715 2711 pacifice
731 2629 861 2694 verbum
876 2629 976 2712 ipsius
991 2629 1142 2696 audiatis:
1168 2647 1227 2711 par
1243 2628 1342 2705 vobis,

156 2740 189 2798 nt
208 2731 387 2815 prudenter
411 2730 601 2812 loquamini:
624 2748 684 2812 pax
710 2729 814 2810 vobis,
841 2736 877 2795 ut
901 2729 1041 2813 proficue
1062 2735 1169 2795 tacere
1194 2728 1342 2794 noscatis.

156 2830 214 2911 Qui
224 2832 310 2897 enim
331 2830 494 2896 humiliter
516 2829 613 2907 audit,
636 2830 663 2894 is
687 2831 842 2896 malitiose
865 2848 928 2896 non
949 2831 1067 2912 litigat3
1091 2828 1143 2911 qui
1167 2827 1342 2910 prudenter

155 2933 301 3015 loquitur,
334 2931 507 3013 litigiosum
539 2937 684 3013 snperat3
717 2932 770 3013 qui
804 2932 926 2997 utiliter
955 2932 1043 3011 silet,
1076 2949 1139 2996 non
1172 2931 1235 2994 cito
1269 2947 1342 2995 eon·

156 3032 319 3098 scientiam
352 3031 457 3097 laedit
501 3032 636 3112 Propter
668 3049 748 3112 quae
774 3050 835 3111 pax
869 3030 973 3108 vobis,
1017 3031 1119 3110 gratia
1151 3049 1189 3095 aa
1219 3029 1342 3095 miseri·

156 3133 269 3211 cordia,
293 3132 406 3214 gratia,
427 3150 447 3196 a
468 3128 608 3213 peccatis
630 3130 838 3210 corrservatio,
861 3128 1087 3208 misericordia,
1111 3129 1193 3209 ignis
1216 3129 1337 3194 aeterni

155 3232 317 3313 liberatio,
350 3236 385 3295 et
405 3249 466 3313 pax
488 3236 561 3314 post
588 3231 669 3296 hanc
690 3229 786 3296 vitam
808 3229 990 3294 vilissimam
1012 3230 1044 3294 in
1066 3229 1189 3294 laetitia
1210 3236 1341 3294 aeterna

156 3333 298 3399 omnibus
331 3331 420 3397 vobis
449 3328 595 3396 fidelibus
624 3337 775 3396 aeternae
808 3329 928 3411 requiei
960 3350 979 3395 a
1010 3329 1069 3394 deu
1103 3332 1195 3411 patre
1227 3333 1261 3393 et
1286 3327 1341 3392 do·

157 3433 237 3499 mino
257 3432 337 3499 lesu
361 3431 487 3498 Christo
510 3431 668 3498 salvatore
689 3438 809 3509 nostro,
843 3431 893 3495 cui
915 3429 1048 3495 sitlans
1069 3429 1102 3492 in
1124 3428 1231 3494 secula
1252 3447 1342 3494 seeun-

157 3532 265 3598 lonnn.
286 3534 396 3598 Amen.

252 3666 281 3719 E
298 3664 359 3719 MS.
378 3666 470 3720 eodem
482 3664 535 3736 sol.
552 3661 613 3719 113.
648 3663 711 3718 MS.
729 3666 802 3719 unio.
821 3663 910 3733 Prap.
929 3663 969 3724 X,
988 3664 1025 3718 Ε.
1040 3662 1086 3718 24.

252 3749 307 3803 Eo
324 3751 356 3802 in
374 3749 447 3818 Opp.
465 3748 539 3811 Huc,
558 3748 583 3809 I,
600 3745 636 3801 97
654 3757 680 3801 et
698 3747 760 3801 122.
796 3746 893 3817 Hester
910 3746 953 3809 11,
970 3743 1033 3801 219.
