2992 5258
150 430 212 496 644
400 426 608 482 Controversiae
624 423 659 482 do
674 426 806 495 religIono
822 427 851 481 in
868 427 1013 482 Bobomia:
1032 429 1107 484 1416.
1180 494 1187 503 ¹

734 629 764 696 0.

446 812 638 879 civibus
675 813 1056 885 Boraunonoibuo.

583 996 696 1065 Progne,
715 1012 736 1052 s.
754 1013 780 1052 a
799 998 825 1064 (2
842 997 919 1061 Dec)

217 1264 278 1329 (Ea
295 1264 456 1332 extmplari,
474 1264 549 1330 qaod
565 1264 654 1319 eduliis
672 1258 701 1313 0.
718 1257 824 1330 Hdfler,
841 1280 896 1317 rer.
915 1262 1026 1319 Hmoit.
1043 1275 1118 1318 tomo
1135 1266 1179 1329 11,
1198 1264 1283 1327 286.)

360 1565 567 1631 wenceslaus
589 1564 641 1629 dei
663 1565 766 1646 gratia
788 1580 824 1629 sc.

255 1715 381 1782 Fideles
396 1715 519 1781 dilectit
549 1715 711 1780 Fidelitati
728 1716 862 1781 Vestrae
885 1717 1107 1798 praesentibus
1122 1719 1244 1786 serlose
1259 1739 1346 1804 prae

154 1819 287 1901 cipimus
299 1823 333 1883 et
344 1818 538 1898 mandamus,
560 1816 852 1897 omniuovoleutes‚
875 1818 1213 1900 quatennsuniversos
1235 1828 1269 1886 et
1288 1822 1347 1887 siu·

154 1921 246 2002 gulos
258 1919 519 2004 presbyterorum
532 1924 565 1983 et
576 1917 777 1984 sacerdotum
799 1936 922 2000 consuo,
945 1920 1029 2001 apud
1040 1937 1097 1985 vos
1108 1939 1167 2002 per
1178 1939 1344 2002 quemcun-

154 2041 217 2105 quo
228 2027 404 2088 arrestatos
420 2026 453 2085 ot
467 2021 630 2100 bucusque
645 2024 804 2098 retentos,
826 2019 895 2084 vice
907 2038 1001 2086 versa
1011 2019 1231 2102 dearrestetis‚
1245 2031 1279 2089 et
1293 2024 1350 2089 eis·

156 2123 228 2189 dern
242 2121 440 2205 presbyteris
456 2127 488 2187 et
504 2120 723 2186 sacerdotibus
739 2118 919 2202 hujusmodi
935 2139 1043 2186 eorum
1059 2139 1174 2187 census
1190 2141 1264 2189 mox
1278 2124 1349 2189 visis

154 2223 379 2306 praesentibus
401 2222 478 2286 dare
502 2227 535 2285 ot
556 2222 624 2286 sine
653 2221 906 2299 contradictione
929 2223 1070 2305 qualibet
1091 2225 1277 2306 persolvere
1298 2224 1347 2290 de·

154 2324 258 2390 beatis
291 2322 493 2406 integraliter
524 2329 558 2388 et
579 2321 619 2387 ad
640 2322 777 2404 plenum.
822 2322 992 2404 Signanter
1018 2322 1114 2389 etiam
1135 2323 1299 2406 volumus,
1320 2330 1349 2389 et

154 2425 377 2507 praesentibus
413 2424 503 2490 vobis
534 2441 687 2507 expresse
720 2423 920 2504 mandamus,
952 2430 1108 2507 quatenus
1142 2426 1293 2491 universa
1319 2432 1348 2490 et

155 2525 281 2607 singula
301 2526 335 2589 in
364 2526 507 2591 articulis
537 2526 761 2608 praesentibus
791 2526 972 2591 interclusis
1003 2532 1154 2591 contenta
1175 2527 1246 2593 sine
1267 2544 1349 2591 mora

157 2627 296 2707 exsequi,
320 2631 353 2690 et
374 2626 484 2692 eadem
505 2626 538 2690 in
560 2633 656 2691 antea
671 2625 803 2691 firmiter
825 2628 997 2692 observare
1016 2633 1049 2692 et
1064 2632 1179 2692 tenere
1201 2627 1348 2705 debeatis

157 2733 255 2809 prout
276 2745 383 2792 rerurn
407 2733 440 2793 et
462 2746 630 2809 corporum
652 2733 830 2793 vestrorunt
845 2747 942 2809 gravo
965 2727 1166 2810 dispendium
1188 2728 1348 2794 volueritis

158 2828 290 2893 evitare.

242 2928 329 3001 Dat.
352 2928 488 3010 Plagae,
522 2927 573 2992 die
595 2928 627 2992 Π
648 2927 850 3007 Decembris
872 2947 1044 3010 regnorum
1065 2934 1252 2994 nostrorum
1273 2945 1347 2993 anuo

157 3026 328 3092 Bobenriao
351 3026 424 3093 LIII
448 3029 530 3111 (eie),
555 3031 767 3119 Romanorum
789 3048 864 3094 vero
886 3031 959 3095 XLI
981 3028 1054 3114 (sic)
1068 3029 1101 3112 *)

782 3145 831 3210 lid
859 3145 1041 3212 mandatnm
1068 3147 1107 3210 D.
1129 3147 1245 3229 Regis:

661 3247 802 3312 Ioannes
825 3247 989 3327 Wailburg
1011 3247 1215 3314 decretorum
1236 3249 1347 3314 doctor.

359 3364 512 3444 Magistro
542 3365 672 3444 civium,
699 3365 892 3444 consulibus,
920 3366 1041 3446 jurans
1069 3373 1104 3431 et
1136 3365 1346 3433 connnunitati

441 3464 579 3529 civitatis
601 3465 804 3530 Beronensis.

359 3615 542 3696 Sequuntur
563 3615 706 3680 Articuli.

259 3732 363 3796 Prbno
388 3732 569 3796 obedientia
592 3742 625 3796 et
649 3733 830 3797 reverentia
851 3733 1005 3800 ecclesiae
1027 3734 1187 3799 Romanae
1209 3742 1244 3801 et
1264 3735 1294 3800 in
1313 3751 1346 3799 ea

161 3833 417 3917 praesidentibus
450 3831 621 3897 secundnm
656 3834 817 3915 antiquam
855 3835 1116 3901 consuetudinem
1143 3842 1291 3903 teneatur
1317 3842 1345 3898 et

161 3935 359 4000 observetur.

260 4034 298 4098 It.
321 4032 405 4115 quod
427 4032 553 4114 plebani
576 4041 609 4098 et
642 4033 821 4100 beneficiati
844 4034 884 4100 ad
906 4037 1046 4117 ipsorurn
1069 4037 1226 4102 benefida
1247 4044 1279 4102 et
1298 4054 1346 4118 pu·

161 4135 287 4201 roobias
309 4135 520 4198 restituantur
542 4140 575 4197 et
597 4154 711 4199 consus
733 4154 842 4200 eorurn
864 4154 923 4218 per
944 4137 1080 4219 amplius
1102 4155 1167 4203 non
1192 4139 1343 4204 tollantur.

162 4271 314 4279 ——v-----
332 4270 358 4275 -··

219 4334 244 4399 *)
263 4338 326 4383 Anrti
345 4352 469 4397 regnorum
492 4352 538 4383 non
555 4347 696 4398 congruunt.
716 4340 777 4393 „Die
796 4342 978 4387 &Decembris‘
1002 4343 1056 4387 ortui
1077 4344 1141 4391 1415
1162 4344 1341 4390 numerabuntur

259 4435 385 4480 regnorum
409 4424 464 4467 anni
488 4423 518 4468 53
536 4428 562 4468 et
576 4424 619 4479 40,
647 4437 707 4468 auno
734 4426 796 4470 1416
819 4425 874 4470 anni
892 4426 924 4470 ot
942 4431 966 4470 et
983 4427 1027 4483 41,
1055 4441 1116 4472 anno
1143 4428 1206 4472 1417
1225 4428 1256 4473 ts
1272 4433 1295 4471 et
1312 4423 1345 4468 12.

261 4506 381 4561 Forsitan,
401 4513 428 4550 ut
445 4512 525 4552 nostra
536 4508 615 4567 opinio
637 4506 694 4564 fert,
714 4507 882 4567 praeferendus
905 4511 937 4555 ait
960 4523 1035 4556 annus
1056 4514 1127 4560 1416.
1164 4512 1184 4558 E
1205 4512 1255 4561 MS.
1273 4508 1346 4555 mend!

184 4596 191 4610 ⁰
261 4591 318 4635 baec
337 4591 455 4649 ‹anrigero
473 4605 519 4636 non
537 4592 618 4646 IIcuit,
637 4605 691 4636 cunr
709 4593 833 4650 olgnatura
851 4593 938 4639 codicis
956 4589 999 4657 (X,
1019 4597 1041 4640 o.
1053 4596 1086 4658 8),
1105 4611 1120 4641 a
1138 4596 1234 4642 IIoflero
1251 4594 1346 4656 prodite,

262 4672 375 4725 Iulsasit·
