2992 5258
423 378 478 433 103.
496 377 533 430 hd.
552 379 732 434 Christaunus
748 379 923 447 reprehendit
941 378 1099 433 Curandum,
1296 384 1357 447 635

164 589 215 653 m'u
238 585 310 651 Non
332 582 467 649 deducto
489 580 657 665 principah
679 581 862 663 evangelico
885 587 1012 664 punctu,
1034 587 1177 648 ceterum
1199 582 1277 648 alias
1300 599 1354 648 nu·

164 688 282 753 vitatus
294 703 357 752 non
379 683 528 750 lundam
539 688 742 762 attentamus,
758 689 854 767 prout
869 701 939 749 cum
954 682 1075 749 endem
1090 683 1221 749 verbum
1236 701 1357 749 annun·

165 790 256 856 tinnt
279 787 327 852 Ex
348 786 432 852 omni
454 791 545 868 parte
567 785 650 850 enim
662 785 832 866 insurgunt
842 784 945 850 nostri
955 783 1261 868 pseudosacerdotes
1274 784 1359 850 ebri-

164 890 222 971 osi,
250 886 404 955 luxuriosi
430 892 464 952 et
490 903 587 968 snpra
614 885 740 951 modum
762 884 949 962 scandalosi,
972 884 1025 966 qui
1053 886 1111 950 sub
1130 884 1300 967 hypocrisi,
1323 890 1358 951 ut

166 987 287 1071 aliquid
308 985 601 1053 videanturiecisse
623 986 706 1066 novi,
729 987 841 1052 bursas
863 985 1027 1050 viduarum
1040 992 1202 1065 evacuant,
1222 1004 1358 1069 pauper·

166 1095 265 1157 tatem
287 1086 482 1170 praedicant,
512 1087 569 1152 sed
590 1087 788 1169 paupertatis
817 1087 1020 1168 ignominiam
1050 1085 1195 1153 devalata
1224 1087 1358 1168 quadam

165 1188 327 1273 hypocrisi
342 1186 482 1268 palliant,
505 1187 615 1253 volunt
637 1188 755 1253 habere
770 1188 924 1253 ecclesiae
946 1186 1099 1266 redditus,
1122 1188 1179 1252 sed
1191 1188 1259 1252 sine
1272 1187 1358 1252 lubo-

165 1291 253 1357 ribus
275 1289 307 1353 in
330 1287 475 1354 omnibus
491 1287 667 1367 abnndare;
690 1289 768 1354 alias
783 1290 810 1354 si
833 1287 1105 1354 nonsuffieienter
1120 1288 1276 1366 dederint
1299 1287 1356 1353 tri-

163 1391 279 1457 turatis
300 1388 426 1455 horreis
456 1388 639 1470 pinguiores
662 1388 780 1455 adeunt
807 1389 968 1470 ecelesias,
997 1396 1031 1454 et
1058 1389 1225 1456 sarcinatis
1252 1387 1357 1453 bursis

163 1490 289 1571 abinde,
315 1488 458 1568 dicendo,
485 1495 614 1570 oportet
635 1507 694 1555 nus
716 1495 748 1554 ot
773 1489 844 1557 aliis
868 1490 1094 1570 evairgelisare,
1123 1489 1284 1556 recedunt.
1307 1488 1356 1553 Ex

163 1609 226 1675 quo
248 1591 415 1657 manifeste
438 1589 648 1671 concluditur,
676 1589 759 1672 quod
781 1590 814 1654 hi
835 1607 898 1655 non
921 1590 1036 1673 spiritu
1059 1589 1186 1670 domini,
1215 1589 1272 1655 sed
1294 1589 1356 1671 spi·

162 1693 227 1760 ritu
249 1691 405 1757 mendacii
427 1691 596 1772 agitantur.
639 1690 687 1754 Tu
708 1697 815 1756 autem
837 1690 936 1756 irater
959 1709 1021 1756 non
1044 1692 1099 1771 sie,
1121 1689 1178 1755 sed
1198 1689 1357 1772 apostulu-

161 1812 233 1858 rum
255 1811 348 1874 quam
371 1791 535 1874 praedicas
558 1793 699 1873 rugulam
715 1793 747 1857 in
769 1791 852 1858 iacto
875 1791 1011 1857 imitare.
1027 1791 1189 1872 Nusquam
1211 1789 1353 1855 animle·

160 1896 265 1977 gimus
286 1892 447 1976 apostolus
469 1892 596 1957 sibimet
616 1892 744 1957 inbono
766 1890 1003 1972 dissentientes,
1028 1891 1095 1972 sed,
1117 1897 1153 1956 nt
1174 1890 1274 1956 Israel
1290 1890 1352 1955 sal·

161 2015 234 2061 vum
260 1993 411 2074 haerent,
443 1997 476 2059 et
503 1993 564 2075 ipsi
587 1992 776 2074 quandoque
802 1992 1014 2075 jndaisabant,
1045 1993 1078 2057 in
1108 1991 1356 2070 circumcisione,

160 2095 304 2179 quamvis
319 2111 377 2177 pro
394 2099 468 2159 tunc
490 2111 552 2159 nun
586 2094 775 2173 necessaria,
809 2092 1058 2172 consentiebant
1095 2109 1130 2156 se
1146 2092 1356 2173 ipsussecun·

160 2195 235 2261 dum
257 2195 338 2259 ritus
361 2210 471 2258 eurum
485 2190 734 2271 sanctificabant,
757 2198 793 2257 ut
806 2192 896 2258 Pauli
917 2196 1084 2258 namnetur
1105 2191 1273 2271 sententia,
1302 2190 1354 2272 qui

161 2296 208 2362 sic
229 2294 349 2375 inquit:
371 2293 446 2358 Sine
468 2290 643 2358 offensione
666 2298 769 2358 estote
790 2292 922 2358 Judaeis
945 2299 978 2358 et
1006 2292 1165 2374 gentibus,
1193 2298 1226 2357 et
1255 2291 1355 2356 eccle·

160 2396 227 2463 siae
249 2395 310 2475 dei,
334 2394 416 2459 sicut
438 2398 471 2458 et
493 2411 552 2474 ego
572 2411 631 2476 per
653 2395 757 2459 omnia
784 2394 928 2460 omnihus
951 2394 1071 2476 placeo,
1100 2411 1165 2458 non
1186 2410 1352 2474 quaerens,

160 2496 245 2579 quod
266 2495 343 2561 mihi
365 2495 443 2561 utile
466 2500 529 2574 est,
562 2494 620 2559 sed
650 2495 734 2577 quod
762 2495 883 2576 multis,
920 2503 956 2561 ut
988 2494 1065 2561 salvi
1099 2492 1192 2572 fiant,
1221 2494 1262 2559 ad
1284 2491 1355 2557 Cur.

159 2598 215 2662 X‘t
240 2595 334 2662 Certe
357 2595 384 2659 si
406 2595 486 2660 hanc
509 2595 611 2659 nostri
634 2603 807 2676 pensarent
829 2596 1027 2674 sententiam,
1058 2613 1226 2676 numquam
1258 2613 1297 2658 eu
1319 2611 1354 2658 se

159 2702 273 2763 contra
286 2695 422 2762 fratrum
442 2694 628 2778 prosilirent
650 2696 849 2776 sententiam,
879 2696 936 2761 sed
959 2702 1067 2762 essent
1090 2696 1206 2761 ceteris
1228 2692 1351 2760 confor-

159 2815 227 2862 mes
249 2797 282 2862 in
311 2795 434 2876 ritihus,
466 2802 502 2861 ut
523 2813 632 2861 omnes
667 2796 771 2861 salvos
792 2796 943 2862 facerent.
966 2796 1044 2861 Mihi
1073 2796 1191 2861 eteuim
1220 2800 1354 2874 constat,

159 2902 279 2980 quanta
300 2896 415 2977 audivi,
445 2902 626 2978 quantaque
664 2897 739 2976 seio,
771 2914 852 2977 quae
874 2897 1015 2977 quotidie
1037 2894 1116 2960 fiunt
1138 2914 1197 2977 per
1218 2901 1354 2974 nostros,

160 2999 245 3081 quod
267 3016 330 3064 non
342 2998 444 3062 solum
459 2997 602 3062 inimicos
617 2997 762 3063 veritatis
777 2996 817 3062 ad
834 2996 1060 3079 acceptandam
1078 2996 1246 3062 veritatum
1263 2995 1354 3075 (non)

158 3100 311 3178 alliciunt,
342 3098 399 3163 sed
420 3097 504 3178 quod
525 3097 642 3163 amicos
664 3097 854 3163 fortissimos
876 3097 967 3163 nobis
988 3104 1021 3162 et
1043 3104 1242 3179 promotores
1273 3096 1355 3162 veri·

160 3201 237 3266 tatis
252 3198 421 3281 repellunt.
442 3198 559 3263 Verum
583 3204 642 3278 est,
663 3198 808 3264 dominus
823 3183 932 3264 Cenko
953 3216 1055 3280 nuper
1078 3197 1259 3264 convocatis
1279 3215 1352 3262 nos-

156 3301 217 3365 tris
248 3299 429 3364 senioribus
452 3299 613 3380 magistris
634 3298 712 3365 dure
734 3305 861 3365 nostros
876 3297 1042 3389 redarguit
1063 3298 1277 3381 presbyteros,
1301 3297 1356 3379 qui

156 3398 297 3465 dimissis
319 3399 468 3478 consiliis,
491 3398 599 3478 dietis,
616 3400 744 3482 scriptis
759 3399 992 3482 magistrorum,
1015 3417 1073 3465 suo
1089 3399 1268 3463 innituntur
1280 3416 1353 3480 pro·

155 3499 227 3584 prio
249 3498 362 3581 capiti3
394 3499 448 3579 qui
470 3517 540 3564 cum
568 3499 728 3581 magistris
746 3499 910 3579 conclusit,
943 3498 1027 3580 qued
1048 3499 1172 3565 literam
1187 3499 1353 3579 magistra·

155 3601 219 3665 lem
233 3599 275 3666 de
296 3599 523 3665 ecclesiasticis
539 3599 652 3665 ritibrm
675 3601 707 3665 in
729 3618 786 3666 sue
802 3599 940 3666 dominio
955 3601 1022 3664 vult
1041 3598 1192 3665 mandare
1208 3617 1247 3663 ex
1269 3599 1354 3666 omui

156 3704 250 3782 parte
270 3699 388 3777 teneri3
404 3699 553 3775 secundo,
567 3699 653 3764 nullo
669 3701 761 3766 modo
777 3700 927 3783 pativult,
950 3699 1035 3782 quud
1049 3699 1171 3782 parvuli
1184 3705 1259 3780 pust
1278 3699 1353 3782 bap·

156 3801 285 3865 tismum
305 3799 414 3865 statim
432 3799 710 3866 communicentur.
726 3800 768 3866 Et
782 3800 842 3866 hoe
857 3800 941 3866 idem
956 3807 989 3866 et
1004 3819 1061 3866 rex
1076 3805 1109 3865 et
1124 3817 1234 3866 omnes
1248 3801 1352 3866 nostri

154 3900 262 3968 lacere
276 3899 478 3982 oportebant
497 3901 524 3965 si
539 3902 683 3967 volumus
698 3902 790 3968 nubis
804 3903 896 3983 regui
911 3901 1106 3968 commodum
1121 3900 1280 3967 indefesse
1295 3920 1347 3968 ac·

154 4000 292 4082 quirere
316 3999 359 4064 Et
382 4001 524 4081 quumvis
536 4001 601 4066 sint
622 4002 748 4083 aliquae
769 4002 948 4085 scripturae
962 4021 1021 4086 pro
1038 4003 1257 4068 communione
1277 4022 1349 4085 par·

154 4100 309 4177 animum,
324 4101 378 4183 qui
393 4102 580 4183 quandoque
596 4103 641 4168 sic
659 4104 979 4184 communicabantur,
996 4103 1191 4184 etquuedam
1202 4102 1235 4168 iu
1250 4120 1348 4186 oppo-

153 4200 251 4268 situm
263 4199 385 4266 directe
408 4209 522 4267 sonant
548 4204 736 4285 scripturae,
758 4204 874 4269 bonum
894 4205 979 4270 iuret
999 4209 1033 4269 et
1055 4203 1144 4279 utile,
1162 4221 1226 4269 nun
1241 4203 1348 4269 statim

155 4300 189 4365 in
202 4300 339 4367 alterum
361 4309 485 4384 partem
508 4303 724 4370 inconsuetum
745 4305 901 4386 prosilire,
935 4304 996 4368 nisi
1018 4304 1107 4386 prius
1129 4304 1256 4386 saepius
1279 4322 1349 4370 curn

156 4398 262 4467 doctis
284 4400 485 4482 conterendo,
517 4422 557 4468 an
580 4402 727 4486 expediat
748 4404 794 4470 sic
823 4405 873 4470 vel
898 4405 992 4470 aliter
1007 4404 1063 4469 has
1090 4404 1247 4470 novitates
1275 4422 1348 4488 pru·

150 4500 284 4582 uulgari.
306 4500 375 4583 Ego
397 4503 442 4567 nil
464 4508 584 4569 temere
607 4502 744 4569 diffinire
767 4504 878 4581 audeo,
909 4504 984 4587 quid
1014 4504 1073 4571 deo
1096 4505 1138 4571 sit
1159 4507 1192 4570 in
1214 4505 1274 4571 hoc
1296 4524 1348 4571 ac·

147 4600 282 4683 ceptius,
305 4601 466 4668 humiliter
488 4604 616 4669 exulare
639 4622 748 4669 omnes
768 4606 871 4686 cupio,
894 4612 928 4669 ut
950 4604 1085 4671 deducto
1108 4605 1276 4689 principali
1298 4605 1339 4671 de
