2992 5258
148 399 210 461 102
368 393 508 462 Epistolae
526 393 641 461 scriptae
660 393 832 447 Constantine
850 407 942 446 mense
958 392 1040 447 bunio
1059 392 1124 445 1415

149 596 402 678 pauperioribus.
447 597 510 662 Sed
532 597 641 676 timeo,
669 616 709 661 ne
732 595 811 661 illud
832 596 1004 677 impleatur
1025 597 1058 660 in
1080 594 1255 678 aliquibus:
1284 592 1350 676 „Co

149 714 165 762 s
188 699 248 778 obi,
270 703 303 783 to
326 717 342 762 ι
365 696 530 779 mysli.“*)

251 812 280 864 E
296 812 358 865 MS.
378 813 504 867 Mladen.
519 832 549 884 p.
567 809 614 866 96¹.
649 811 733 866 MSS
765 811 861 865 Vicera.
881 810 967 874 4524,
987 813 1012 881 f.
1031 810 1074 866 87.
1094 841 1118 849 -
1143 808 1228 872 4557,
1247 811 1274 882 j.
1287 807 1349 865 159.

154 927 180 936 -
202 892 288 963 4902,
301 896 327 965 s.
346 894 392 950 ao
429 896 491 950 ιιι.
510 900 594 966 capa.
615 896 702 966 may.
724 896 758 949 ιι.
777 896 822 959 ιι,
835 896 860 966 s.
882 893 922 951 ra

251 999 327 1052 Edit.
345 1001 376 1050 in
393 999 448 1066 etp.
467 1001 544 1067 piiss.
566 999 599 1051 G.
618 998 644 1051 4.
682 1000 753 1068 Opp.
772 998 846 1066 Huc,
865 999 888 1061 I,
908 995 947 1051 69
963 1000 986 1066 ιι
1004 997 1048 1052 88.

652 1166 849 1178 *na—.--

712 1345 769 1420 61.

246 1535 409 1620 Amicis
440 1541 526 1622 suis
559 1536 838 1622 Constantiae
871 1541 1248 1623 commorantibus.

152 1753 199 1806 Ad
228 1753 384 1805 cautionem
414 1753 603 1805 adhibendam
626 1754 806 1816 exhortatur,
834 1754 934 1807 deinde
952 1755 1083 1822 coempto
1106 1754 1158 1806 dei¹
1165 1757 1309 1822 potentiae
1327 1771 1358 1806 er

154 1837 242 1889 literis
257 1837 347 1887 sacris
361 1836 510 1905 proferena
527 1836 661 1904 affirmat,
689 1837 770 1889 deum
788 1854 816 1889 ae
834 1853 938 1904 quoque
955 1854 1066 1889 aerarare
1081 1854 1171 1905 poene.
1198 1839 1224 1889 ai
1241 1840 1359 1892 vetitae

152 1922 178 1972 ai
195 1919 226 1972 id
243 1919 387 1989 expediat,
407 1920 524 1988 denique
542 1920 611 1988 quid
635 1920 740 1973 doctori
758 1921 871 1973 cuidam
889 1922 1092 1992 abjurationem
1104 1921 1234 1973 arradeati
1244 1939 1358 1991 reapon-

628 2003 708 2070 derit‚
725 2005 881 2074 perscribit.

646 2174 732 2239 (1415,
751 2189 786 2226 m.
804 2173 879 2240 Jun.)

361 2357 501 2422 „Reeumlt
518 2370 592 2424 spem
604 2357 631 2409 in
645 2356 733 2423 deum,
752 2372 962 2410 commemorans
981 2365 1099 2421 sanictos,
1117 2372 1185 2424 quos
1201 2357 1270 2412 deus
1286 2356 1356 2412 libe·

420 2440 488 2494 ravit
505 2454 522 2494 a
538 2447 631 2494 morte.
665 2440 763 2494 Refert
779 2440 851 2495 dicta
868 2440 984 2508 illorum,
1004 2443 1050 2508 qiu
1069 2456 1129 2495 eum
1150 2441 1186 2496 ad
1204 2441 1354 2509 obturatio·

421 2540 482 2578 nem
501 2523 631 2579 inducere
647 2524 841 2579 conabantur.“

254 2693 365 2761 Adhuc
392 2695 503 2762 hortor
518 2703 650 2778 propter
665 2696 768 2782 deum
791 2696 876 2777 quod
896 2696 1010 2763 literae
1032 2697 1110 2763 nulli
1132 2702 1355 2776 pareantum

155 2797 366 2881 publicentur,
379 2796 453 2878 quia
461 2797 556 2863 timeo
567 2797 742 2879 periculum
750 2812 967 2879 personarum.
984 2795 1078 2862 Cauti
1085 2796 1197 2863 sitisin
1207 2797 1357 2865 verbiset

155 2899 189 2965 in
199 2898 359 2981 operibus.
384 2898 486 2978 Vitas,
498 2898 525 2962 si
538 2898 685 2977 manebit,
702 2897 798 2964 debet
808 2916 881 2963 csse
901 2897 992 2963 valdo
1005 2905 1126 2965 cautus.
1150 2899 1261 2966 Adhuc
1284 2917 1355 2966 sum

156 3001 247 3089 ¹valde
268 3001 397 3085 gavisus
416 2999 565 3077 audiens,
586 2999 944 3085 quoddominusmeus
966 2999 1127 3083 gratiosus
1147 3000 1243 3085 venit
1287 3001 1356 3071 Sol-

155 3112 247 3171 vator
258 3109 369 3187 noster
383 3101 537 3167 lazarum
549 3100 792 3182 quatriduanum
804 3098 957 3167 foetidum
972 3100 1058 3164 vitae
1069 3101 1228 3180 restituit;
1239 3102 1260 3167 J
1262 3120 1356 3187 onam

156 3204 337 3270 triduanum
361 3203 397 3267 in
411 3203 499 3285 pisce
521 3218 714 3268 conservans
729 3200 769 3265 ad
784 3198 1053 3283 praedicationem
1075 3201 1215 3280 remisit;
1237 3201 1356 3267 Danie-

154 3306 218 3372 lem
238 3303 280 3369 de
301 3303 371 3369 lacu
386 3303 512 3369 leonum
533 3303 574 3368 ad
589 3300 794 3366 scribendum
809 3300 994 3383 prophetias
1017 3302 1172 3380 extraxit;
1194 3306 1262 3369 tres
1276 3321 1356 3385 pue·

155 3423 210 3473 ros
230 3405 265 3471 in
287 3405 408 3471 camino
431 3402 681 3485 ignisailamma
702 3401 917 3478 conservavit;
942 3399 1118 3468 Susannam
1129 3402 1195 3484 Jam
1207 3402 1356 3471 condem-

155 3511 262 3573 natam
290 3506 331 3570 ad
356 3510 490 3571 mortem
513 3510 733 3569 transeuntem
761 3501 917 3568 liberavit.
963 3502 1067 3580 Quare
1098 3501 1201 3569 adbuc
1225 3522 1277 3569 me
1298 3504 1387 3587 mi·

156 3625 272 3687 serum,
294 3607 322 3672 si
342 3612 428 3672 esset
446 3623 504 3688 pro
526 3604 629 3686 gloria
645 3621 711 3681 sua,
735 3621 792 3685 pro
814 3601 954 3677 fidelium
981 3605 1127 3684 proiectu
1148 3610 1183 3669 et
1204 3622 1262 3686 pro
1284 3622 1356 3673 meo

156 3705 294 3788 meliori,
327 3725 391 3772 non
413 3712 524 3788 posset
537 3722 595 3788 pro
619 3704 678 3770 bac
699 3704 767 3769 vice
791 3721 950 3770 coarcere
973 3711 1007 3770 et
1027 3723 1047 3767 a
1067 3710 1170 3770 morte
1190 3702 1356 3773 liberare?

156 3807 227 3874 Non
241 3813 291 3872 est
308 3806 495 3874 abbreviata
515 3806 661 3889 potentia
681 3823 747 3883 sua
773 3806 828 3886 qui
849 3806 988 3885 Petrum,
1008 3806 1072 3886 Jam
1096 3805 1149 3886 qui
1172 3804 1286 3871 debuit
1305 3806 1355 3893 le-

158 3907 324 3990 rosolpmis
338 3906 470 3990 produci
493 3907 533 3973 ad
554 3913 696 3987 mortem,
718 3925 776 3989 per
795 3906 941 3987 angelmn
964 3907 1003 3971 de
1019 3923 1149 3972 carcere
1173 3904 1293 3987 eduxit,
1315 3905 1356 3972 de

157 4010 248 4093 onius
269 4008 413 4073 manibus
428 4007 611 4074 ceciderunt
629 4014 771 4075 catenae.
793 4007 924 4091 Semper
939 4005 995 4072 ilat
1007 4007 1153 4072 voluntas
1165 4024 1240 4086 sua,
1262 4025 1356 4089 quam

157 4115 233 4193 opto
255 4107 382 4191 impleri
404 4109 437 4173 in
458 4127 508 4174 mo
531 4128 589 4191 pro
611 4110 714 4191 gloria
735 4127 793 4175 suo
815 4116 848 4173 ot
869 4126 928 4191 pro
951 4108 1092 4190 peccatis
1114 4107 1203 4171 meis.

258 4209 391 4289 Quidam
419 4209 532 4276 doctor
560 4209 640 4275 dixit
668 4210 760 4291 milri,
790 4208 889 4292 quod,
918 4208 1072 4291 quidquid
1099 4208 1252 4286 facerem,
1282 4207 1356 4274 sub

144 4313 288 4396 ⁴mittens
314 4329 367 4376 me
396 4310 545 4389 concilio,
576 4308 659 4392 quod
690 4317 793 4376 totum
824 4316 911 4376 esset
932 4310 1009 4374 mihi
1031 4310 1148 4374 bonum
1171 4316 1205 4374 et
1226 4307 1355 4387 licitum,

159 4418 192 4478 et
206 4411 377 4495 subjunxit,
402 4413 487 4495 qnod
503 4413 550 4494 „si
565 4411 732 4479 concilium
747 4411 878 4490 diceret,
900 4409 985 4492 quod
1006 4416 1039 4475 tu
1059 4410 1158 4475 babes
1172 4427 1269 4475 unum
1280 4426 1354 4475 ocu·

157 4578 357 4595 ponam-n·-

226 4662 339 4727 *lQnod
356 4681 388 4713 ex
405 4667 488 4722 eculin,
508 4666 532 4712 ld
549 4679 580 4712 ex
597 4661 681 4713 mento
694 4661 827 4719 {bominum
840 4660 915 4724 abit).
