2992 5258
150 445 212 510 466
395 446 597 503 controversiae
615 447 649 503 cle
667 448 799 517 religione
816 451 845 505 iu
862 451 1004 505 Boheania:
1028 454 1100 505 1412.

151 644 272 723 pietate
293 654 428 729 patema
449 650 630 730 benigniter
652 660 829 734 acceptare.
863 653 957 719 Unda
977 655 1181 719 manifestum
1203 664 1264 733 est,
1287 674 1348 720 non

150 744 323 812 incurrisse
345 768 396 813 me
419 758 525 815 notam
548 753 780 822 contumaciae,
804 772 873 818 cum
896 773 959 819 narr
987 774 1025 820 ex
1048 763 1211 820 contemtu
1233 755 1291 820 sed
1313 774 1350 820 ex

151 846 254 910 causis
276 848 518 916 rationabilibus
541 852 657 918 citatus
679 854 712 916 in
728 855 869 919 ltouraua
883 855 972 920 curia
993 873 1056 920 itan
1079 858 1258 937 comparui:
1284 865 1351 920 tum

150 946 224 1024 quia
244 947 380 1014 insidiae
404 952 542 1033 undique
565 955 688 1034 positae
714 963 790 1019 sunt
811 956 885 1019 mihi
908 956 941 1020 in
963 956 1089 1034 itinere,
1113 962 1181 1022 tum
1205 957 1280 1038 quia
1301 974 1351 1020 me

149 1046 254 1110 aliena
282 1047 430 1117 focerunt
461 1054 602 1135 pericula
633 1063 774 1131 cautium,
805 1057 1030 1136 magistrorum
1051 1056 1203 1122 Stanislai
1227 1064 1261 1121 et
1281 1055 1349 1122 sta·

151 1145 247 1226 phani
276 1149 390 1215 Paleou
418 1155 566 1236 spoliatio
598 1164 630 1220 et
656 1157 880 1237 incarceratio,
910 1159 963 1238 qui
986 1158 1018 1221 iu
1040 1157 1185 1223 Bononia
1206 1157 1352 1240 pecuniis

152 1251 185 1309 et
205 1246 277 1311 aliis
300 1251 404 1331 rebus,
428 1255 572 1320 voleutos
595 1257 684 1320 citati
711 1276 834 1338 parere,
858 1263 932 1321 sunt
955 1259 1082 1339 spoliati
1104 1269 1138 1323 et
1160 1257 1352 1324 incarcerati

151 1347 290 1428 turpiter
323 1359 355 1416 ot
389 1357 516 1421 tractati
551 1365 708 1437 tamquam
742 1356 888 1433 malefici,
923 1358 1009 1423 nulla
1039 1359 1170 1440 penitus
1190 1359 1352 1425 audientia

152 1449 379 1531 praecedentc;
403 1462 468 1518 tum
492 1456 603 1536 ctiam,
633 1458 708 1537 quia
729 1459 790 1523 mei
813 1466 1039 1538 procuratores
1061 1458 1233 1525 voluerunt
1255 1477 1290 1525 se
1312 1458 1351 1524 ad

151 1564 287 1627 poenam
319 1551 403 1631 ignis
435 1573 506 1619 cum
540 1575 728 1638 quocunque
760 1558 887 1623 volente
921 1565 1103 1624 contremo
1125 1577 1292 1641 opponere
1314 1580 1350 1625 ac

152 1651 275 1726 partem
308 1668 342 1716 se
376 1674 495 1736 ponere
529 1657 671 1722 incuria
703 1659 841 1724 Rornana
863 1660 1021 1740 obligare3
1044 1667 1111 1725 tum
1134 1662 1247 1739 etiam,
1280 1662 1351 1741 quia

152 1763 255 1811 meum
279 1762 521 1830 procuratorem
543 1756 717 1839 legitimum
733 1760 1013 1826 incarceraverunt
1033 1761 1067 1824 iu
1093 1760 1241 1841 praelata
1255 1762 1350 1839 curia,

152 1846 241 1911 nulla
263 1850 356 1935 culpa
378 1865 412 1922 ut
434 1858 568 1923 aestimo
591 1859 748 1938 exigente.

252 1959 329 2025 Cum
372 1958 469 2038 igitur
502 1961 640 2022 oninium
670 1959 789 2039 J'urium
822 1961 1039 2041 antiquorum,
1074 1968 1139 2025 tam
1171 1960 1348 2028 divinorum

152 2064 272 2131 vetoris
295 2070 328 2127 et
350 2061 421 2124 navi
445 2062 637 2138 testamenti,
660 2079 754 2140 quam
769 2077 924 2124 canonum
946 2069 1053 2126 exstat
1074 2062 1255 2143 dispositio,
1271 2063 1349 2143 quod

149 2166 273 2249 judices
295 2163 366 2227 loca
386 2161 526 2238 visitent,
550 2160 602 2224 ubi
619 2159 736 2225 dicitur
751 2161 868 2225 crimen
896 2161 1104 2241 commissum,
1127 2162 1238 2242 ibique
1252 2164 1349 2245 inqui·

152 2274 226 2332 rant
258 2271 370 2330 contra
403 2269 584 2325 accusatum
608 2261 658 2325 vol
678 2261 877 2340 infamatum,
912 2262 1123 2343 objectionem
1146 2263 1291 2328 criminis
1311 2264 1347 2329 ab

152 2367 225 2445 illis,
256 2365 310 2446 qui
338 2363 477 2428 accusati
500 2381 539 2428 ex
569 2362 810 2428 conversatione
834 2363 953 2428 habeut
973 2363 1128 2441 notitiam,
1152 2365 1272 2446 quique
1291 2383 1349 2429 non

153 2473 229 2532 sunt
249 2463 388 2530 malivoli
410 2463 524 2528 aemuli
541 2463 591 2526 vel
617 2463 735 2528 inimici
750 2465 890 2529 acearsati
913 2465 962 2528 vel
984 2463 1083 2529 delati
1105 2464 1255 2543 hominis,
1276 2465 1348 2530 sint

153 2586 215 2650 que
248 2565 391 2643 honesti,
424 2583 486 2628 nou
523 2563 761 2644 criminatores
796 2565 853 2629 sed
886 2565 966 2645 legis
999 2566 1077 2629 lesu
1101 2565 1222 2630 Christi
1244 2563 1350 2629 fervidi

154 2672 327 2744 zelatores;
355 2664 493 2746 denique
526 2664 609 2744 quod
639 2664 736 2729 citato
765 2665 814 2729 vel
835 2670 983 2731 accusato
1007 2664 1144 2729 idoneus
1166 2672 1201 2731 et
1224 2682 1348 2730 secunus

154 2772 264 2851 pateat
285 2766 347 2830 loci
368 2765 485 2842 aditus,
508 2771 540 2829 ct
557 2765 658 2845 judex
679 2783 742 2829 uon
765 2765 808 2829 sit
830 2784 893 2830 uua
915 2782 985 2829 cum
1009 2762 1145 2829 testibus
1168 2765 1272 2847 ipsius
1293 2765 1345 2831 ini·

154 2870 269 2935 micus:
285 2867 488 2933 manifestum
503 2872 562 2943 est,
585 2864 669 2945 apaaod
685 2865 734 2928 his
750 2865 986 2931 conditionibus
1001 2867 1076 2930 mihi
1088 2866 1130 2930 ad
1152 2865 1347 2948 competitio

154 2989 226 3035 nem
249 2967 482 3043 deficientibus,
511 2983 569 3046 pro
594 2965 658 3029 vita
684 2965 857 3043 seruanda,
880 2984 948 3030 suru
972 2983 1077 3031 coram
1098 2965 1165 3029 deo·
1192 2985 1212 3031 a
1244 2970 1346 3031 contu·

154 3071 256 3135 maoia
279 3076 312 3134 et
333 3065 657 3133 excommunicatione
683 3070 854 3145 praetensa
876 3073 909 3130 et
930 3065 1043 3130 irivola
1064 3073 1246 3132 excusatus.

255 3170 323 3249 Ego
345 3169 486 3233 Joannes
509 3166 579 3230 Has
602 3165 641 3229 de
664 3165 819 3243 Businca,
851 3168 1002 3247 irrugister
1028 3167 1059 3230 in
1082 3167 1223 3245 artibuS,
1244 3182 1345 3233 sacrae

156 3270 338 3352 theologiae
366 3269 591 3335 baccalaureus
618 3266 774 3331 formatus
800 3268 901 3332 altnae
925 3266 1143 3331 urriversitatis
1165 3267 1265 3332 studii
1280 3268 1342 3330 Pra-

156 3373 273 3452 geusis,
297 3370 466 3452 presbyter
488 3376 521 3433 et
543 3367 746 3449 praedicator
772 3366 975 3431 corilirmatus
996 3364 1038 3429 ad
1059 3363 1213 3445 capeliam
1234 3380 1342 3430 nuncu·

156 3480 262 3554 patam
277 3470 474 3547 Bethlehem,
498 3471 577 3532 hanc
592 3468 837 3549 appellationem
853 3467 952 3533 offero
978 3467 1056 3532 lesu
1073 3465 1202 3531 Christo
1218 3464 1340 3539 aomina

153 3572 252 3654 judici
278 3571 471 3652 justissimo,
500 3571 554 3650 qui
585 3570 700 3647 noscit,
729 3571 870 3651 protegit
891 3576 924 3634 et
946 3567 1082 3645 iudicat,
1116 3566 1338 3632 manifestata

157 3673 312 3753 praemiat
333 3670 592 3735 indefectibiliter
615 3670 783 3749 cuiuslibet
806 3670 940 3734 ltorniuis
959 3669 1079 3748 Justam
1101 3684 1238 3732 causam.
