2992 5258
1276 389 1322 454 Xl

129 593 244 676 egisse3
258 612 299 657 ne
320 592 488 677 scriptoris
509 593 680 658 verborum
701 614 840 677 usquam
861 591 1090 658 detrimentum
1112 588 1162 656 vel
1183 589 1322 674 mutatio
1386 577 1389 585 ’

128 691 232 758 fieret.

230 792 384 876 Quisquis
407 798 516 858 autem
538 798 622 870 erat,
645 793 701 877 qui
723 814 796 858 eum
817 792 938 859 librum
959 792 1105 858 exaravit
1126 789 1176 856 vel
1196 789 1322 855 exarari

125 893 234 975 jussit,
255 892 354 957 Hussi
364 894 551 959 memoriam
573 893 621 979 (id
644 894 732 979 quod
755 916 795 961 ex
816 896 924 974 rebus,
948 915 1032 977 quas
1046 898 1231 971 narrantur,
1255 889 1320 957 col·

129 991 229 1074 ligere
250 991 341 1074 licet)
356 993 409 1076 pie
430 1013 470 1057 ac
485 993 630 1059 studiose
647 994 786 1059 coluisse
802 995 939 1061 videtur.
962 996 1058 1058 Aliso
1079 1015 1154 1058 vero
1177 991 1323 1075 ejusdem

131 1094 236 1156 Musei
258 1094 346 1172 liter,
379 1094 435 1176 qui
457 1093 477 1154 4
499 1096 536 1157 D
564 1095 603 1156 12
625 1095 772 1177 signatus
803 1103 866 1174 est,
896 1095 999 1160 multa
1020 1095 1188 1160 literarum
1210 1113 1322 1157 monu-

132 1199 243 1257 menta
263 1214 303 1258 ac
323 1193 511 1259 testimonia
534 1195 680 1260 continet
694 1193 791 1280 plane
813 1196 985 1261 contraria.
1007 1195 1070 1260 Hic
1093 1213 1224 1279 quoque
1240 1191 1324 1258 liber

134 1293 326 1358 chartaceus
349 1300 416 1372 est,
445 1294 549 1358 forma
570 1295 796 1376 quartanaria,
828 1301 981 1360 constans
1003 1293 1089 1358 foliis
1111 1294 1188 1368 254,
1211 1288 1325 1355 eadem

134 1412 232 1457 manu
253 1392 296 1457 ab
318 1392 411 1459 initio
434 1413 538 1476 usque
560 1394 602 1459 ad
623 1394 720 1459 finem
736 1394 839 1460 literis
855 1394 965 1461 densis
986 1394 1197 1478 perscriptus.
1220 1389 1324 1474 Hujus

135 1491 209 1556 libri
231 1500 363 1572 auctor,
391 1494 447 1576 qui
469 1494 556 1559 idem
583 1494 736 1560 librarius
757 1495 835 1572 fuit,
868 1493 1022 1561 sacerdos
1043 1491 1120 1558 fidei
1142 1489 1324 1556 catholicae

135 1592 391 1657 studiosissimus
422 1594 524 1676 (quod
552 1615 590 1659 ex
616 1593 691 1660 libri
720 1600 909 1677 argumento
939 1593 1091 1677 colligere
1114 1592 1203 1675 licet)
1227 1589 1326 1654 luisse

135 1691 278 1770 ridetur,
313 1693 369 1776 qui
391 1694 425 1759 in
447 1694 590 1777 quadam
618 1694 817 1760 meridianae
846 1694 1022 1759 Bohemiae
1049 1693 1181 1776 regione
1210 1688 1327 1754 vixerit

135 1813 283 1876 opusque
305 1814 331 1857 c.
354 1815 383 1858 a.
405 1796 485 1860 1419
508 1795 700 1873 confecerit3
723 1802 812 1861 certe
828 1795 907 1860 nihil
924 1796 1017 1866 inest,
1041 1793 1129 1876 quod
1152 1792 1193 1857 ad
1216 1786 1325 1875 poste·

134 1892 238 1957 riores
274 1914 376 1958 annos
408 1895 586 1978 pertineat,
619 1901 720 1978 atque
753 1897 852 1961 etiam
884 1895 1053 1960 literarum
1086 1894 1204 1959 ductus
1237 1890 1326 1954 illam

136 1998 278 2057 aetatem
299 1994 419 2078 prodit.
462 1995 523 2060 Est
544 2001 654 2061 autern
681 1996 735 2061 hic
765 1995 848 2061 liber
870 1996 974 2061 codex
994 1993 1236 2071 miscellaneae,
1271 1989 1325 2074 qui

136 2091 273 2170 dicitur,
306 2093 392 2159 sicut
413 2095 602 2162 sacerdotes
633 2095 719 2159 illius
749 2097 868 2162 aetatis
901 2096 991 2161 varia
1018 2094 1239 2160 describentes
1261 2110 1326 2155 uno

136 2191 220 2257 libro
237 2195 512 2278 comprehendere
527 2196 616 2262 soliti
632 2203 734 2276 erant,
757 2218 822 2262 non
835 2198 940 2263 solum
956 2217 1003 2275 ea,
1025 2215 1108 2279 quae
1124 2194 1196 2259 usui
1209 2196 1327 2269 essent,

137 2291 195 2357 sed
228 2293 327 2358 etiam
349 2317 433 2378 quae
466 2297 608 2361 animum
636 2297 865 2364 exhilararent.
907 2299 1022 2362 Insunt
1042 2295 1151 2360 variae
1173 2294 1327 2358 disserta·

137 2393 252 2474 tiones,
275 2393 399 2475 literae,
422 2399 566 2463 carmina
588 2419 718 2481 quoque
734 2397 846 2481 lingua
866 2398 970 2463 latina
992 2405 1025 2462 et
1045 2395 1218 2463 bohemica
1240 2413 1326 2457 com·

136 2493 254 2576 busita,
278 2495 367 2560 velut
387 2518 498 2563 versus
520 2498 692 2576 bohemici,
715 2498 771 2581 qui
793 2499 1015 2564 inscribuntur
1039 2495 1192 2578 ,malleus
1214 2493 1327 2558 haere·

137 2591 295 2662 ticorum“
327 2596 396 2680 (fol.
431 2600 490 2662 107
513 2604 547 2663 ot
576 2600 646 2677 94),
679 2597 796 2664 deinde
820 2619 948 2665 carmen
975 2598 1152 2683 satyricum
1175 2594 1328 2659 adversus

137 2699 314 2763 monachos
336 2697 488 2781 fugitivos
516 2696 586 2781 (folss
615 2701 674 2763 186
702 2703 735 2763 et
762 2703 844 2776 241).
888 2699 1019 2764 Maximi
1042 2703 1151 2763 autem
1173 2692 1328 2760 momenti

137 2804 214 2863 sunt
234 2798 417 2881 permultae
449 2799 666 2879 ,riuvitatcs“,
686 2818 777 2881 quae
808 2797 976 2878 dicunt-ur,
1011 2797 1276 2864 constantienses
1298 2815 1327 2858 a.

141 2900 355 2962 1415-1418.
399 2898 464 2963 Sed
493 2919 767 2983 supervacaneum
791 2905 870 2983 puto
901 2900 1023 2977 omnia,
1055 2920 1137 2982 quae
1160 2897 1223 2960 hoo
1244 2894 1328 2959 libro

139 2998 381 3077 contineantur,
409 3019 614 3076 enumerare,
646 3020 745 3081 quum
768 3021 808 3064 ea
830 2999 965 3082 singulis
988 2999 1068 3064 locis
1090 3003 1242 3064 accurate
1264 2995 1330 3059 sint

138 3104 397 3163 commemorata.

241 3199 368 3262 Tertius
390 3199 492 3263 codex
514 3199 730 3282 gravissimus,
754 3222 793 3263 ex
816 3221 881 3282 quo
898 3198 1061 3283 permulta
1082 3198 1257 3274 hausimus,
1280 3200 1331 3260 est

15 3308 22 3321 ·
140 3297 293 3361 tabularii
319 3300 526 3363 dheboneusis
547 3299 644 3377 liber,
667 3300 759 3383 signo
783 3304 812 3364 A
838 3301 876 3362 lo
899 3301 1093 3378 instructus,
1127 3300 1329 3372 chartaceus,

138 3396 244 3462 forma
266 3399 485 3481 quartanaria,
509 3399 595 3465 foliis
611 3407 764 3466 constans
779 3403 850 3477 452,
871 3401 966 3465 annis
991 3403 1071 3466 1462
1094 3420 1165 3483 sqq.
1188 3397 1338 3483 scriptus,

140 3518 283 3581 curaque
307 3498 419 3564 Crucis
441 3500 481 3566 de
502 3501 578 3566 Tele
601 3502 815 3585 compositus,
838 3501 988 3565 monachi
1011 3500 1244 3577 Trebonensis,
1275 3496 1330 3581 qui

141 3620 240 3681 quum
266 3597 413 3664 studiose
445 3599 611 3666 literarum
646 3601 889 3666 bohemicorum
915 3608 1126 3667 monumenta
1153 3598 1329 3682 colligeret,

140 3698 243 3763 multa
264 3699 306 3764 ab
329 3700 490 3766 oblivione
506 3709 605 3785 atque
627 3703 710 3768 adeo
725 3701 860 3767 interitu
875 3702 1059 3768 vindicavit.
1080 3702 1118 3766 ln
1129 3699 1331 3768 bibliotheca

140 3799 360 3865 universitatis
381 3801 554 3885 Pragensis
577 3803 749 3868 duodecim
765 3803 894 3868 codices
915 3802 1124 3880 miscellanei,
1147 3803 1217 3886 ejus
1232 3820 1332 3885 opera

141 3900 313 3984 compositi
334 3908 435 3984 atque
461 3903 582 3986 partim
604 3904 673 3985 ejus
696 3904 798 3986 ipsius
820 3924 917 3968 manu
939 3903 1062 3986 scripti,
1085 3908 1224 3980 exstant,
1252 3901 1330 3965 item

141 3999 268 4082 aliquot
289 4001 322 4065 in
344 4001 506 4068 tabulario
528 4003 745 4082 Trebononsi,
777 4005 864 4068 inter
893 4024 975 4087 quos
1001 4006 1033 4066 A
1061 4004 1100 4065 16
1128 4002 1258 4066 maximi
1281 4005 1332 4064 est

140 4101 307 4168 momenti.
349 4102 479 4169 Etenim
511 4125 661 4186 magnam
695 4107 822 4189 copiam
854 4102 1016 4170 variorum
1050 4108 1331 4168 monumentorum

142 4201 326 4266 breviorum
354 4204 519 4282 continet,
553 4225 636 4288 quae
666 4204 707 4269 ad
737 4205 907 4269 historiam
936 4203 1112 4269 Bohemiac
1144 4200 1330 4267 accuratius

141 4302 404 4385 cognoscendam
427 4311 503 4369 suut
524 4305 686 4389 perutilia.
708 4304 822 4388 Neque
844 4303 950 4370 solum
965 4303 1084 4381 insunt,
1107 4324 1191 4386 quae
1214 4302 1256 4367 ad
1272 4323 1329 4387 po-

141 4403 297 4468 steriores
325 4425 427 4469 annos
455 4405 657 4490 pertineant,
689 4406 778 4471 velut
806 4405 849 4469 M.
870 4405 1006 4469 loannis
1032 4405 1192 4470 Phbrami
1217 4404 1330 4481 „hiwot

140 4504 237 4569 kneii
259 4503 540 4590 Tdhorsky'ch“*),
574 4506 719 4590 ejusdem
741 4506 798 4569 viri
821 4504 950 4570 libellus
973 4504 1093 4570 latinus
1122 4511 1237 4571 contra
1259 4503 1330 4570 Wi-

198 4645 222 4708 ’)
240 4646 297 4692 Vita
314 4647 461 4692 sacordotum
478 4646 654 4695 Taboritarnm.
