2992 5258
201 411 265 479 ’198
453 411 646 467 accusationes
663 410 700 466 bi.
718 412 743 468 J.
761 411 820 468 ilus
838 412 951 482 eiusque
968 422 1105 484 respousa.
1139 417 1163 472 7.

202 612 420 696 multipliciter
448 617 481 678 et
510 630 639 678 servare
667 613 812 679 uolentes
835 621 868 681 et
889 621 1101 696 exsequentes
1123 622 1187 681 tam
1209 615 1242 680 in
1264 615 1398 685 ciuitate

202 713 356 794 Progensi
385 730 478 794 quam
507 722 599 778 extra
626 712 787 779 beneficiis
820 716 886 780 suis
908 717 1115 798 privaverunt
1137 724 1170 782 et
1191 716 1271 782 alios
1293 716 1399 784 intru-

202 820 329 892 serunt,
365 812 419 894 qui
441 819 595 878 rexerunt
617 819 650 878 et
670 814 772 887 adhuc
795 823 912 895 regunt
933 813 1084 881 ecclesias
1117 824 1150 881 et
1171 816 1281 899 plebes
1308 817 1396 900 ipsa·

203 931 283 992 rum,
305 930 369 977 nen
384 912 539 977 babentes
554 930 661 977 curam
677 914 850 979 animarum
873 932 933 979 nec
954 933 974 979 a
995 914 1071 985 sede
1091 916 1276 999 apostolica,
1292 934 1400 999 neque

203 1013 264 1079 loci
288 1011 458 1078 ordinario.

303 1113 383 1178 Item
411 1112 519 1195 plures
548 1117 611 1177 tam
644 1113 825 1195 presbyteri
855 1132 949 1195 quam
971 1114 1089 1195 laici*)
1111 1114 1144 1181 in
1166 1115 1295 1181 civitate
1319 1118 1398 1193 Pra7

203 1212 293 1293 gensi
315 1213 348 1277 in
370 1211 662 1293 regnoBohemiae,
685 1213 939 1280 contradicentes
960 1223 1024 1279 tam
1044 1216 1288 1282 doctriuaeHns
1302 1235 1401 1298 quarn

201 1312 414 1395 profanationi
428 1330 634 1393 processuum
653 1313 897 1393 praedictorum,
919 1316 1080 1380 ueletiam
1102 1333 1164 1380 nou
1178 1318 1398 1398 approbantes

203 1414 355 1497 capitales
387 1412 568 1478 inimicitias
600 1419 634 1479 et
666 1414 926 1496 persecutiones,
960 1415 1046 1497 passi
1072 1425 1147 1480 suut
1174 1423 1208 1481 et
1228 1416 1398 1496 patiuntur

202 1512 307 1594 bodie,
335 1512 398 1578 nisi
419 1512 586 1595 quonjam
608 1532 678 1578 oum
707 1514 755 1578 eis
776 1513 993 1579 dissimulatur
1014 1533 1114 1595 usque
1140 1516 1180 1580 ad
1202 1513 1298 1580 finem
1318 1534 1397 1598 pro·

201 1631 311 1681 cessus
333 1631 404 1679 cum
424 1613 515 1693 llus,
548 1614 695 1695 quoniam
716 1614 744 1679 si
766 1614 914 1679 dimissus
940 1615 1050 1684 luerit.
1083 1614 1213 1680 indubie
1242 1632 1399 1697 persecu·

201 1715 323 1781 tionem
335 1714 498 1797 patientur
512 1714 546 1779 in
558 1716 654 1780 rebus
670 1723 704 1779 et
725 1732 868 1796 corpore,
892 1721 926 1779 et
940 1717 1002 1780 erit
1016 1716 1128 1780 domus
1140 1726 1251 1781 contra
1264 1714 1397 1781 domum

119 1851 122 1858 ,
200 1815 325 1881 intuto
346 1814 627 1895 reguoBobemiae
650 1821 684 1879 et
705 1820 814 1895 serpet
835 1814 921 1879 istud
943 1816 1068 1895 rnatum,
1091 1816 1154 1881 imo
1175 1815 1267 1881 saliet
1288 1816 1400 1882 subito

201 1933 260 1997 per
281 1921 380 1981 totam
394 1914 589 1979 Alemauiarn
618 1924 650 1978 et
672 1911 813 1978 infinitae
835 1914 957 1978 animae
976 1915 1165 1993 inficientur,
1189 1922 1223 1979 ct
1243 1915 1316 1980 trdis
1331 1915 1400 1983 erit

201 2015 383 2096 persecutio
397 2014 476 2079 cleri
491 2020 525 2078 et
539 2011 687 2093 fidelium,
710 2013 811 2094 qualis
827 2030 890 2077 non
912 2015 971 2079 luit
992 2033 1011 2079 a
1029 2022 1173 2096 tempore
1195 2011 1401 2080 Constantini

201 2133 303 2197 usque
324 2115 357 2180 iu
378 2122 504 2196 tempus
525 2131 687 2195 praesens,
710 2114 785 2194 qrria
807 2132 871 2177 non
893 2114 1011 2178 desinit
1032 2114 1129 2179 laicos
1151 2120 1262 2181 contra
1276 2114 1401 2179 clerum

202 2223 235 2282 et
266 2233 342 2280 vere
375 2212 495 2278 Christi
526 2213 638 2279 fideles
670 2214 813 2278 incitare.
853 2214 896 2279 Et
922 2233 992 2279 cum
1015 2215 1120 2280 clerus
1142 2215 1243 2279 voluit
1261 2232 1334 2279 eum
1357 2214 1401 2281 ab

202 2315 328 2383 haeresi
348 2331 501 2379 revocare
523 2319 557 2378 et
578 2315 618 2379 ob
640 2315 701 2380 hoc
723 2315 825 2395 ipsum
841 2313 1027 2397 praedicare
1041 2315 1241 2396 prohibebat,
1264 2333 1304 2380 ue
1319 2315 1400 2380 hae·

201 2417 297 2483 resim
319 2415 450 2492 doceat,
484 2413 553 2495 ipse
575 2414 652 2480 dicit
673 2422 707 2479 et
734 2414 847 2493 docet,
881 2414 966 2495 quod
988 2415 1092 2479 clerus
1114 2415 1174 2479 boc
1206 2434 1244 2480 ex
1277 2414 1401 2481 invidia

202 2525 236 2586 et
256 2516 376 2582 malitia
396 2512 532 2592 iaciunt,
566 2513 641 2595 quia
661 2532 770 2579 eorum
794 2515 870 2579 vitia
891 2514 1049 2595 corrigat,
1076 2515 1199 2581 scilicet
1220 2514 1401 2596 simoniam,

202 2616 398 2701 superbiam,
419 2613 585 2678 avaridam
606 2631 644 2678 oc.

303 2716 384 2782 Item
416 2715 577 2798 principes
603 2713 763 2778 seculares
795 2713 930 2778 maxime
956 2713 1070 2778 incitat
1096 2720 1207 2780 contra
1236 2714 1402 2797 praelatos

202 2817 418 2893 ecclesiarum,
433 2815 698 2881 monasteriorum
721 2815 1054 2894 etuniversaliter**)
1077 2820 1177 2879 totum
1199 2814 1321 2880 clerum
1344 2835 1404 2898 per

202 2919 272 2998 boc,
294 2917 379 2999 quod
401 2915 495 2982 decet
525 2915 741 2995 etpraedicat,
765 2914 849 2996 quod
861 2916 994 2996 praelati
1006 2931 1044 2980 oe
1056 2933 1120 2979 non
1131 2916 1269 2983 debeant
1280 2916 1403 2982 babere

202 3017 390 3100 temporalia
415 3014 472 3081 sed
495 3015 595 3078 solum
618 3016 850 3096 elemosynam,
880 3024 914 3079 et
934 3015 1019 3095 quod
1040 3014 1138 3080 liceat
1158 3013 1247 3079 laicis
1270 3016 1400 3099 impune

200 3120 327 3186 anierre
359 3116 548 3199 temporalia
580 3115 731 3196 praelatis
763 3122 796 3180 et
830 3115 955 3180 clericis
988 3115 1073 3193 aliis;
1108 3121 1142 3179 et
1171 3133 1229 3196 per
1255 3114 1315 3182 boc
1333 3117 1400 3197 iam

201 3220 309 3284 multis
332 3217 491 3301 praelatis,
514 3215 638 3280 clericis
659 3224 693 3279 et
714 3215 860 3281 ecclesiis
882 3216 990 3280 nocuit
1007 3216 1041 3279 in
1062 3215 1347 3294 regnoBobemiae
1367 3224 1401 3281 et

202 3320 331 3385 civitate
353 3316 514 3396 Pragensi,
537 3314 683 3397 quoniam
706 3323 780 3379 sunt
801 3332 911 3379 eorum
935 3315 1137 3396 possessione
1160 3315 1298 3396 spoliati.
1331 3315 1399 3382 lure

201 3419 304 3491 docet,
327 3415 411 3497 quod
426 3416 631 3498 peccantibus
645 3414 769 3480 clericis
781 3414 875 3480 liceat
897 3415 987 3479 laicis
1002 3415 1140 3480 decimas
1163 3424 1195 3479 et
1218 3414 1398 3481 oblationes

201 3518 271 3584 sine
292 3523 424 3600 peccato
446 3514 586 3580 retinere
608 3515 658 3579 vel
680 3515 772 3580 alteri
792 3516 938 3582 ministro
954 3533 1169 3598 quaecumque
1190 3515 1275 3582 bonu
1296 3518 1399 3582 eccle·

202 3618 270 3684 siae
302 3616 454 3682 tribuere.
479 3614 534 3685 ,Et
554 3615 595 3679 ad
623 3614 684 3679 boc
705 3614 849 3680 inclinati
871 3624 948 3681 sunt
968 3617 1099 3681 multum
1122 3615 1286 3697 principes
1307 3632 1401 3681 secu·

201 3717 287 3784 iures
320 3723 354 3782 ct
385 3714 593 3782 communiter
626 3732 735 3779 omues
767 3715 853 3791 laici3
876 3722 1044 3798 praeterea
1072 3715 1163 3781 lacile
1185 3714 1400 3798 persuadetur

203 3817 291 3900 ipsis,
314 3816 388 3899 quia
409 3816 508 3882 trahit
528 3833 586 3880 sua
607 3832 762 3896 quemque
786 3817 942 3898 voluptas.

301 3916 408 3982 Habet
427 3933 487 3999 pro
509 3934 544 3980 se
560 3915 655 3979 etiam
670 3915 863 3995 generaliter
885 3935 993 3980 ornnes
1016 3916 1105 3997 quasi
1117 3913 1308 3989 haereticos,
1325 3915 1398 3997 quia

202 4018 344 4100 ipsorum
365 4016 453 4099 pavit
473 4034 619 4095 errores,
647 4015 712 4079 scil.
735 4016 924 4095 LeonistaS,
949 4017 1122 4081 ltuncarios
1144 4022 1178 4080 et
1199 4013 1397 4091 Waldenses,

203 4120 258 4200 qui
280 4135 389 4182 omues
404 4135 468 4182 non
491 4122 604 4181 curant
618 4134 783 4181 censuram
801 4118 1047 4182 ecclesiasticam
1063 4122 1097 4181 et
1111 4114 1223 4180 odiunt
1238 4115 1398 4180 Romanae

203 4218 356 4284 ecclesiae
372 4217 604 4295 auctoritatem,
616 4217 678 4280 imo
690 4215 893 4281 detestantur
904 4224 938 4282 et
949 4216 1157 4299 vilipendunt
1169 4215 1212 4280 Et
1223 4223 1398 4296 propterea

202 4318 242 4383 de
263 4317 348 4383 facili
369 4317 472 4383 erevit
492 4324 525 4382 et
545 4316 645 4382 multo
667 4316 801 4397 amplius
823 4336 969 4383 erescere
992 4317 1127 4399 poterit,
1158 4315 1219 4380 nisi
1241 4314 1304 4379 sibi
1326 4333 1398 4380 cunr

204 4416 320 4483 ellectu
341 4424 374 4482 et
401 4417 536 4483 viriliter
557 4416 736 4481 resistatur.

208 4565 402 4576 ——u-.-

270 4633 296 4700 Ι’)
311 4637 361 4685 MS.
379 4638 432 4685 loci.
452 4661 482 4671 -
500 4636 538 4696 ¹¹¹')
556 4635 604 4685 MS.
625 4636 798 4687 anroenitate.
